4217 8059
1770 1520 1813 1590 ll

265 1730 366 1821 villa,
391 1729 475 1803 item
503 1728 733 1800 molendinum
762 1748 830 1799 uon
858 1733 920 1799 est.
960 1727 1046 1798 ltern
1074 1748 1192 1798 omnes
1224 1726 1300 1817 agri
1328 1726 1431 1798 villae
1451 1710 1599 1800 ‘solvunt
1625 1733 1662 1799 et
1687 1727 1817 1799 condu-

267 1858 350 1922 cunt
376 1850 543 1922 decimam
563 1848 812 1940 manipularem
840 1856 876 1920 et
894 1848 1093 1939 canapalem
1112 1869 1175 1938 pro
1193 1849 1340 1920 ecclesia
1367 1854 1403 1919 et
1421 1849 1569 1940 plebano
1596 1850 1632 1920 iu
1651 1849 1819 1939 Pobye-

265 1972 398 2062 dnik,
425 1976 463 2043 et
488 1971 587 2042 valor
614 1972 688 2042 eius
716 1971 920 2042 aestimatur
946 1971 990 2041 ad
1018 1976 1168 2060 quatuor
1194 1982 1339 2042 marcas.

313 2135 315 2139 ·
367 2090 643 2184 Nasamona,
679 2092 763 2163 villa
797 2092 861 2163 sub
901 2091 1069 2182 parochia
1113 2090 1156 2162 de
1192 2090 1467 2182 Podgrodze
1503 2111 1611 2182 prope
1652 2091 1816 2182 oppidum

143 2208 151 2217 ’
267 2198 655 2287 Novae'Sandecz
690 2214 777 2303 sita,
813 2213 912 2284 cuius
947 2213 1145 2303 proprietas
1180 2212 1225 2283 ad
1261 2211 1509 2284 monasterium
1544 2210 1820 2303 Myecbovionse

266 2336 427 2425 pertinet.
472 2333 516 2405 In·
549 2354 618 2425 qua
644 2339 725 2406 sunt
761 2339 892 2424 septem
920 2334 1012 2406 lanei
1048 2333 1299 2424 memorales,
1327 2339 1372 2404 et
1400 2334 1546 2424 quilibet
1583 2333 1688 2404 soluit
1715 2352 1818 2404 unam

191 2496 196 2502 -
266 2475 473 2545 sexagenam
500 2455 650 2526 latorum
686 2475 904 2545 grossorum,
941 2455 1024 2526 item
1055 2475 1122 2526 ova
1147 2454 1310 2545 triginta,
1348 2455 1431 2525 item
1457 2454 1568 2545 gallos
1595 2454 1700 2545 duos,
1736 2457 1820 2526 item

268 2596 387 2647 caseos
422 2576 526 2666 duos,
561 2576 645 2648 item
671 2576 789 2666 labor,
824 2577 908 2647 item
928 2574 1132 2670 pomulam,
1168 2576 1250 2646 item
1279 2578 1416 2671 casapep
1453 2576 1600 2649 solvunt.
1636 2577 1724 2646 ltem
1752 2595 1820 2647 uon

268 2704 350 2769 suut
384 2697 420 2768 iu
447 2696 530 2768 villa
556 2696 713 2787 praelata
749 2698 885 2787 aliquae
916 2697 1101 2787 tabernae,
1138 2697 1219 2768 item
1257 2698 1475 2770 hortulaniae
1501 2719 1570 2770 nou
1597 2704 1688 2768 suut.
1733 2697 1820 2768 ltem

268 2818 449 2909 praedium
476 2840 545 2890 nou
564 2824 619 2890 est
637 2818 777 2909 aliquod
803 2818 1019 2907 coenobiale,
1046 2819 1131 2889 item
1149 2818 1383 2890 molendinum
1410 2825 1561 2891 nonest.
1588 2819 1675 2890 Item
1703 2839 1821 2889 omues

267 2941 344 3029 agri
381 2939 482 3010 villae
509 2940 649 3010 solvunt
683 2945 730 3010 et·
746 2939 943 3011 conducunt
977 2940 1144 3011 decimam
1172 2941 1421 3030 manipularem
1458 2948 1493 3013 ct
1521 2941 1720 3031 cauapalem
1758 2961 1821 3030 pro

271 3059 423 3129 mcuuda
457 3059 656 3148 praebenda
682 3057 926 3148 Sandeczeusi,
963 3078 1052 3150 quae
1079 3065 1225 3131 vocatur
1252 3060 1529 3152 Nyeszlrowska,
1561 3066 1597 3131 et
1624 3060 1722 3132 valor
1747 3060 1822 3129 eius

271 3180 478 3251 aestimatur
504 3180 549 3250 ad
568 3180 762 3269 quindecim
790 3200 933 3252 marcas.
977 3180 1064 3251 Item
1092 3181 1254 3252 veniente
1272 3182 1472 3272 praeposito
1491 3180 1751 3272 Myechoviensi
1778 3180 1822 3250 ad

271 3300 406 3392 villam,
433 3306 640 3392 procuratur
667 3303 859 3373 cumomni
887 3301 1089 3390 comitantia
1115 3322 1178 3391 per
1207 3302 1405 3395 eruethoues
1433 3303 1591 3373 omnibus
1618 3303 1823 3373 necessariis

269 3422 384 3493 tribus
410 3421 541 3494 diebus.
582 3423 719 3493 Donata
744 3422 956 3493 monasterio
982 3443 1046 3514 per
1073 3421 1328 3495 Michoram
1355 3422 1511 3495 militem.

377 3541 441 3615 Sal
470 3543 507 3615 ln
538 3542 708 3615 Bocbnia
737 3543 917 3635 primum
951 3544 1076 3615 habuit
1103 3543 1137 3614 in
1157 3544 1326 3645 principio
1353 3543 1565 3615 fundationis
1593 3565 1675 3616 suae
1702 3566 1822 3616 mona·

271 3665 415 3735 sterium
442 3663 710 3755 Myeehovieuse
738 3665 922 3754 specialem
947 3663 1100 3754 uncum,
1128 3687 1189 3737 seu
1207 3672 1359 3756 putenm,
1385 3667 1429 3736 ad
1448 3667 1697 3756 proprietatem
1710 3688 1821 3739 suam

271 3786 519 3876 pertinentem,
546 3785 589 3857 de
608 3807 675 3875 quo
702 3786 856 3858 babebat
873 3786 1006 3858 uberes
1033 3786 1218 3876 introitus3
1246 3786 1307 3858 sed
1322 3787 1504 3866 alienatus
1531 3794 1585 3858 est
1611 3795 1823 3860 amouaste-

271 3908 325 3977 rio
352 3905 622 3997 Myeehoviensi,
649 3926 713 3977 neo
739 3906 836 3978 illum
863 3907 1011 3996 amplius
1037 3907 1144 3978 babet
1170 3909 1416 3980 monasterium
1445 3908 1721 4001 Myeohovieuse.
1753 3910 1822 3978 Du·-

272 4033 392 4099 natum
418 4046 483 4117 per
510 4026 766 4099 Michoram
792 4026 938 4097 militem
965 4028 1185 4100 monasterio.
1220 4090 1222 4094 .
1457 4107 1459 4110 ,

374 4146 440 4221 Sal
473 4149 692 4221 secundum
720 4147 757 4219 in
779 4145 1077 4242 Przanyeelrau3
1103 4149 1227 4221 habuit
1253 4155 1290 4221 et
1308 4149 1412 4220 alium
1429 4149 1571 4222 fundum
1591 4152 1664 4222 sive
1683 4158 1824 4242 puteum

272 4270 355 4340 salis
385 4271 633 4341 monasterium
660 4268 928 4360 Myechoviense
963 4270 998 4340 in
1033 4269 1117 4341 villa
1145 4271 1218 4342 sive
1255 4270 1329 4343 loco
1365 4271 1747 4363 Przyeuyeeban,
1789 4274 1824 4342 in

275 4412 342 4481 quo
377 4396 460 4462 tunc
495 4411 584 4462 vena
615 4390 699 4463 salis
725 4389 940 4463 foecunditer
973 4390 1219 4481 proveniebat,
1254 4392 1315 4462 sed
1353 4412 1440 4463 vena
1475 4393 1558 4464 salis
1585 4394 1826 4483 dispereuute,

272 4512 330 4583 ille
365 4513 470 4583 etiam
510 4511 668 4584 redditus
708 4509 791 4584 salis
831 4513 944 4603 periit.
999 4511 1175 4584 Donatum
1221 4514 1431 4584 monasterio
1472 4534 1535 4604 per
1565 4513 1824 4585 Michoram

275 4634 426 4705 mirram.
1342 4612 1346 4621 “

378 4752 553 4828 Tertium
590 4736 646 4830 sal
677 4751 977 4849 in·81yd1yua:
1029 4753 1153 4825 babuit
1187 4759 1224 4825 et
1250 4746 1399 4826 tertium
1419 4750 1562 4844 puteum
1590 4756 1673 4827 salis
1693 4777 1825 4833 ,mona-

273 4875 425 4946 sterium
454 4873 722 4965 My'ecbovieuse
757 4875 794 4945 iu
830 4874 914 4946 villa
940 4873 1163 4946 Szidziua
1189 4894 1298 4966 prope
1326 4868 1658 4967 Wyelicakam3
1686 4877 1746 4947 sed
1766 4877 1824 4947 ille

273 5002 417 5086 quoqne
437 5000 562 5085 puteus
590 4995 739 5068 siccatus
766 5000 802 5068 et
828 4997 1080 5067 exterminatus
1107 5000 1182 5085 est,
1213 5001 1251 5066 et
1277 5016 1299 5066 a
1323 4996 1537 5067 monasterio
1563 4997 1824 5089 Myechnvieusi

275 5116 454 5188 alienatus.
481 5117 656 5188 Donatum
683 5117 894 5188 monasterio
920 5138 984 5206 per
1010 5117 1050 5189 M
1057 5118 1264 5188 iohoram
1291 5117 1446 5188 militem.

380 5234 656 5327 sanemarium,
691 5235 839 5308 taberna
873 5233 1003 5308 donata
1037 5237 1254 5309 monasterio
1286 5256 1349 5328 per
1384 5234 1424 5306 M
1432 5236 1639 5310 ichoram
1674 5237 1828 5309 militem.

276 5357 439 5428 Alienata
466 5377 486 5428 a
512 5344 731 5430 monasterio.

379 5478 542 5569 Bawon,
570 5477 653 5549 villa
688 5479 752 5550 sub
788 5479 953 5569 parochia
979 5477 1022 5550 de
1049 5477 1082 5550 S.
1109 5478 1241 5552 Jacobo
1268 5479 1304 5550 in
1331 5478 1590 5550 Karimiria
1617 5479 1703 5568 sita,
1731 5478 1856 5550 cuius.

276 5599 472 5690 proprietas
500 5598 543 5669 ad
571 5600 817 5670 monasterium
853 5599 1121 5690 Mpechovieuse
1148 5601 1310 5690 pertinet
1349 5599 1389 5670 lu
1417 5619 1486 5689 qua
1513 5604 1594 5670 suut
1620 5598 1712 5695 lanei
1739 5620 1829 5670 cme-
1906 5604 1908 5606 ’

276 5718 452 5810 tbouales,
479 5726 515 5791 et
532 5719 680 5809 quilibet
706 5720 810 5792 solvit
828 5775 835 5790 .
854 5775 862 5790 .
881 5775 903 5811 .,
923 5722 1006 5792 item
1026 5741 1102 5812 ova,
1128 5722 1212 5793 item
1229 5716 1350 5811 gallos,
1369 5721 1452 5792 item
1472 5739 1600 5810 cesena,
1619 5721 1702 5792 item
1720 5720 1828 5811 labor,

277 5841 358 5911 item
385 5838 573 5934 ponebam,
600 5838 683 5911 item
709 5862 855 5937 osszyep,
882 5842 965 5912 item
992 5844 1167 5933 tabernae,
1189 5843 1271 5914 item
1290 5842 1518 5930 hortulaniae‚
1537 5840 1620 5911 item
1639 5840 1828 5930 praedium,

277 5962 359 6032 item
387 5961 630 6033 molendinum.
656 5961 743 6033 ltem
771 5982 888 6034 omnes
916 5963 992 6052 agri
1018 5962 1122 6034 villae
1149 5963 1289 6035 solvunt
1307 5969 1344 6034 et
1360 5961 1556 6034 conducunt
1573 5959 1739 6032 decimam
1759 5981 1829 6032 ma·

277 6082 469 6171 nipularem
496 6090 533 6153 et
551 6083 750 6173 canapalem
766 6136 773 6152 .
788 6137 795 6152 .
810 6137 817 6153 .
832 6137 840 6152 .
857 6084 995 6155 Donata
1012 6085 1225 6156 monasterio
1251 6104 1315 6174 per
1332 6083 1509 6155 Andream
1528 6081 1672 6152 militem
1686 6080 1829 6153 fratrem

279 6201 442 6274 Matbaei.
484 6203 648 6275 Alienata
683 6223 705 6274 a
739 6199 960 6276 monasterio.
1263 6216 1266 6221 ’
1349 6213 1353 6225 “
1442 6182 1445 6191 ’

342 6323 357 6337 “
385 6324 439 6395 Ad
458 6324 562 6395 buius
580 6324 682 6396 villae
701 6326 949 6415 proprietatem
969 6326 1157 6417 capitulum
1177 6324 1406 6397 Gramviense
1418 6323 1700 6425 ,commutatione
1719 6324 1829 6397 incer·

278 6452 354 6518 tum
370 6450 434 6534 est,
446 6445 502 6517 nel
521 6446 634 6536 pretio
652 6452 874 6536 perveneram
900 6467 1003 6538 quam
1021 6467 1096 6528 eum
1117 6446 1218 6518 anuis
1235 6445 1392 6537 pluribus
1405 6445 1585 6536 tenuisset,
1601 6438 1829 6521 Oasimirus
