4217 8059
1003 1398 1026 1421 -;·
1044 1368 1120 1429 ffb:
1138 1400 1151 1419 ···
1179 1352 1258 1423 ’Ὗῗῌ
1278 1362 1282 1367 Ι

963 1424 1008 1481 ,““,’
1026 1422 1110 1469 ⁹⁴¹.)
1135 1462 1147 1477 ,.
1172 1426 1241 1475 ’ᾆῖ’

960 1482 973 1505 r·
1013 1476 1106 1543 'bilae'
1140 1478 1166 1535 ,¹33

306 1412 500 1545 262

302 1680 502 1770 eanapalem
533 1678 672 1750 solvunt
688 1697 751 1768 per
769 1683 841 1749 tres
861 1666 1008 1771 ierugas.
1036 1674 1196 1752 mmnat
1218 1698 1295 1751 eum
1312 1677 1614 1751 Saeozeobow
1640 1683 1677 1752 et
1694 1678 1855 1752 Stb-au·

176 1806 180 1817 '
302 1821 449 1891 ayone,
475 1800 731 1890 Zalyeszye
757 1805 793 1871 et
819 1799 907 1870 aliis.
934 1798 1002 1871 Per
1028 1798 1295 1889 Sethegium
1322 1800 1483 1873 eomitem
1509 1799 1646 1875 donata

228 2014 230 2019 Ι
404 1921 642 2011 Znnrnszrs‚
670 1920 753 2009 nilla
788 1921 884 1991 iuxta
910 1920 1052 1994 fluvium
1079 1920 1214 1993 Visla
1249 1928 1285 1993 et
1312 1923 1376 1994 sub
1402 1922 1570 2013 parocbia
1597 1921 1641 1993 de
1667 1920 1855 1995 Szeoze·

302 2042 423 2114 ehow
451 2043 535 2132 sita,
564 2043 659 2112 euius
691 2042 886 2132 proprietas
914 2049 950 2113 et
977 2041 1167 2113 dominium
1194 2042 1239 2114 ad
1266 2044 1516 2115 monasterium
1542 2041 1854 2115 Saeezeehoriense

302 2158 462 2253 pertinet.
497 2163 537 2233 In
576 2184 644 2253 qua
679 2168 761 2234 sunt
795 2185 855 2235 sex
891 2163 983 2233 lanei
1019 2163 1264 2254 emetbonales,
1292 2169 1328 2235 et
1354 2165 1501 2253 quilibet
1527 2164 1632 2239 solvit
1657 2184 1721 2254 pro
1748 2184 1854 2237 oensu
1912 2210 1962 2313 υ

302 2305 405 2355 unum
432 2284 609 2373 fertonem,
636 2286 718 2355 item
746 2286 891 2374 triginta
918 2306 993 2374 ova,
1022 2285 1106 2357 item
1133 2284 1220 2355 duos
1246 2284 1367 2381 gallos,
1395 2285 1485 2356 item
1506 2285 1594 2357 duos
1620 2286 1745 2357 choros
1772 2306 1853 2357 ave-

302 2425 366 2476 nae
393 2404 574 2495 aequales;
601 2407 683 2476 item
713 2406 859 2495 quilibet
885 2405 928 2476 de
955 2406 1054 2477 laneo
1082 2410 1221 2477 tenetur
1248 2406 1390 2496 proprio
1418 2426 1523 2477 curru
1540 2413 1603 2477 aut
1620 2412 1738 2479 aratro
1756 2406 1854 2479 labo-

301 2546 381 2597 rare
418 2547 521 2597 urium
556 2526 666 2617 diem,
694 2533 729 2597 et
757 2528 800 2597 ad
837 2529 1005 2598 rationem
1042 2527 1174 2599 diemm
1211 2527 1343 2599 laoiunt
1369 2530 1543 2600 ducturas.
1582 2528 1672 2599 item
1698 2534 1780 2599 suat
1804 2528 1854 2601 ibi

301 2648 468 2719 tabernae
496 2648 594 2733 duae,
622 2669 689 2719 non
717 2649 885 2720 babentes
913 2670 1034 2738 agros,
1063 2649 1238 2739 quaelibet
1264 2649 1368 2719 solvit
1394 2649 1541 2721 mediam
1569 2668 1729 2721 maroam.
1764 2648 1852 2721 Item

301 2776 377 2839 octo
405 2770 626 2841 hortulaniae
651 2770 725 2840 sine
752 2771 855 2859 agris,
884 2770 968 2840 uibil
997 2770 1146 2857 solvunt,
1174 2771 1235 2841 sed
1263 2771 1438 2860 quaelibet
1456 2792 1560 2847 unum
1578 2771 1669 2843 diem
1687 2770 1850 2861 pedester

301 2890 446 2962 laborat.
491 2891 579 2961 Item
615 2911 733 2962 omnes
769 2892 844 2980 agri
881 2892 1098 2963 emethonum
1134 2892 1272 2963 solvunt
1308 2892 1474 2963 decimam
1511 2892 1778 2983 manipularem,
1814 2900 1870 2963 et·

302 3013 468 3085 inducunt
503 3033 578 3085 eam
612 3034 675 3102 pro
712 3014 920 3085 monasterio
956 3012 1278 3103 Szeezeoboviensi,
1314 3014 1413 3086 valor
1449 3015 1524 3085 eius
1563 3014 1769 3087 aestimatur
1804 3014 1848 3083 ad

302 3140 452 3223 quatuor
478 3153 619 3205 mareas.
647 3134 735 3204 Item
762 3154 908 3206 avenam
935 3134 1076 3206 solvunt
1102 3135 1301 3207 ornethones
1328 3154 1392 3225 per
1418 3136 1506 3207 duos
1524 3135 1659 3207 choros.
1685 3135 1776 3207 Item
1792 3134 1853 3207 de-

302 3256 424 3327 cimam
452 3255 652 3345 canapalem
688 3256 827 3341 solvunt
853 3275 916 3345 per
943 3262 1014 3325 tres
1043 3257 1191 3345 ierugas.
1225 3257 1314 3327 Item
1343 3256 1488 3346 quilibet
1514 3257 1651 3328 emetho
1678 3262 1715 3327 et
1740 3257 1854 3347 inqui-

300 3377 390 3447 linus
426 3399 531 3448 unum
568 3376 710 3448 oleorum
746 3378 877 3449 humuli
914 3378 1102 3465 aequalem.
1142 3376 1302 3449 Continet
1322 3398 1412 3449 oum
1445 3356 1668 3450 Slaivozin
1696 3385 1732 3448 et
1758 3376 1851 3449 villis

302 3499 502 3569 monasterii
530 3497 859 3568 Szeezeoboviensis.
886 3497 985 3567 Hane
1011 3497 1128 3567 villam
1147 3497 1492 3585 Suantboslaus
1519 3499 1627 3571 abbas
1645 3498 1852 3569 Saeezeebo-

304 3619 430 3689 viensis
458 3638 547 3689 anno
574 3616 714 3687 Domini
746 3617 842 3687 1385
871 3617 954 3687 emit
981 3637 1044 3705 pro
1072 3617 1281 3687 monasterio
1309 3602 1619 3701 S'zeazeeboviensi.

406 3738 607 3826 stmow,
633 3737 716 3808 villa
752 3738 815 3809 sub
851 3739 1016 3827 parocbia
1054 3737 1219 3809 eeclesiae
1245 3736 1288 3809 de
1315 3737 1614 3809 Szeezeehow
1640 3738 1726 3828 sita,
1747 3738 1850 3811 euius

302 3861 498 3951 proprietas
534 3860 578 3929 ad
614 3859 863 3931 monasterium
899 3858 1210 3931 Szeezeebovieuse
1245 3860 1407 3949 pertinet.
1448 3858 1489 3930 Iu
1517 3879 1585 3949 qua
1611 3864 1693 3930 sunt
1719 3864 1851 3949 septem
1928 3848 1945 3877 ’

301 3982 392 4052 lanei
420 3980 664 4070 ometbonales,
692 3987 728 4051 et
755 3980 901 4070 quilibet
927 4001 989 4070 pro
1018 4001 1124 4051 censu
1150 3980 1255 4051 solvit
1281 4002 1385 4052 unum
1408 3979 1587 4069 fertonem,
1605 3981 1690 4051 item
1706 3980 1853 4081 triginta

301 4124 384 4191 ova,
412 4104 494 4173 item
530 4102 630 4189 dums¹
649 4102 777 4191 gallos,
805 4103 886 4173 item
924 4101 1009 4173 duos
1046 4102 1171 4173 choros
1198 4121 1327 4173 averrae
1354 4101 1534 4191 aequales,
1562 4102 1646 4173 item
1665 4098 1850 4196 pomulam

302 4231 483 4313 utramque
511 4224 672 4295 laborant
697 4245 761 4314 pro
789 4244 871 4295 vere
897 4229 934 4294 et
960 4224 1101 4313 lryeme3
1128 4224 1211 4294 item
1239 4224 1386 4313 quilibet
1407 4222 1451 4295 de
1468 4224 1569 4294 laneo
1587 4224 1730 4313 proprio
1748 4242 1852 4297 eumn

300 4353 362 4417 aut
388 4351 507 4417 aratro
535 4345 672 4415 laborat
697 4365 801 4415 unum
829 4345 920 4416 diem
947 4346 994 4415 in·
1010 4346 1213 4435 septimana,
1240 4352 1276 4416 et
1301 4347 1346 4416 ad
1373 4345 1544 4416 rationem
1570 4344 1704 4416 dierum
1721 4342 1853 4416 iaeimrt

301 4467 483 4553 ducturas3
520 4466 604 4537 item
640 4466 816 4537 hamulum
853 4466 1009 4554 solvunt;
1046 4467 1131 4541 item
1165 4466 1333 4537 tabernae
1369 4471 1519 4556 quatuor
1544 4466 1711 4537 hebentes
1724 4486 1852 4556 agros,

300 4588 475 4679 quaelibet
516 4588 621 4658 solvit
656 4588 803 4661 mediam
840 4608 989 4659 marcam
1026 4594 1062 4657 et
1096 4593 1232 4658 metunt
1258 4594 1298 4659 et
1320 4587 1525 4659 falsastrant
1550 4585 1724 4676 suffragia
1764 4586 1852 4658 Item

300 4710 474 4781 hortulani
504 4729 571 4780 non
599 4716 688 4797 suin,
716 4709 799 4778 item
828 4708 974 4798 quilibet
1001 4709 1137 4779 rrnetlro
1165 4715 1201 4779 et
1227 4709 1416 4798 inquilinus
1443 4709 1548 4779 solvit
1575 4728 1680 4779 unum
1708 4688 1850 4780 choram

300 4830 431 4901 humuli
459 4830 658 4902 confertum.
685 4830 774 4900 Item
801 4831 877 4919 agri
904 4831 1123 4901 errretlronum
1151 4831 1291 4901 solvunt
1317 4830 1483 4903 decimam
1509 4830 1759 4920 manipularem
1788 4850 1851 4919 pro

303 4952 451 5042 plebano
479 4950 799 5040 Szeozeobovieusi,
827 4957 863 5023 et
889 4952 1057 5023 inducunt
1082 4973 1158 5023 eam
1185 4953 1219 5023 in
1248 4952 1411 5025 horreum
1439 4972 1461 5022 a
1486 4951 1634 5042 plebano
1660 4952 1852 5040 locandum,

302 5079 337 5145 et
365 5073 461 5145 valor
488 5074 561 5145 eius
589 5075 795 5173 aestimatur
821 5072 866 5145 ad
893 5079 1024 5164 septem
1053 5096 1197 5167 litoreas,
1233 5074 1319 5147 Item
1346 5095 1489 5145 avenam
1517 5074 1657 5146 solvunt
1682 5072 1726 5165 de
1751 5074 1851 5145 laneo

302 5193 389 5266 duos
425 5195 549 5267 eboros
585 5196 754 5285 aequales.
794 5196 881 5267 Item
919 5196 1085 5267 (lesinam
1122 5196 1322 5286 canepalem
1350 5196 1489 5267 solvunt
1515 5215 1578 5287 per
1604 5201 1677 5267 tres
1703 5196 1851 5283 ierugas.

300 5317 387 5388 item
417 5317 594 5407 praedium
621 5318 669 5387 ibi
698 5308 905 5406 coenobiale,
934 5317 976 5388 de
1004 5338 1072 5408 quo
1100 5340 1168 5389 non
1187 5318 1334 5390 solvitur
1352 5318 1485 5389 decima
1502 5316 1737 5406 manipularis.
1764 5316 1849 5387 Item

301 5438 368 5510 duo
396 5437 591 5509 molendina
617 5439 653 5508 in
679 5438 818 5511 flumine
845 5437 1031 5525 Czarna,
1060 5460 1166 5509 unum
1188 5438 1298 5510 solvit
1325 5458 1428 5509 unam
1454 5459 1616 5528 romeam,-
1642 5435 1738 5508 aliud
1757 5458 1850 5510 merr-

302 5581 410 5631 suras.
437 5559 597 5631 Confinat
623 5581 700 5632 cum
727 5559 818 5632 villis
845 5567 882 5630 et
909 5560 1035 5650 oppido
1063 5559 1371 5651 Stlranzyeza,
1398 5558 1651 5631 Kozmioze.
1686 5558 1755 5629 Per
1782 5558 1851 5627 Se-

301 5683 505 5771 tbegium
534 5683 695 5753 comitem
722 5680 860 5754 donata.

405 5802 663 5890 Menandreae,
692 5801 775 5875 villa
802 5804 867 5874 sub
893 5802 1060 5892 parocbia
1076 5804 1251 5874 ecelesiae
1279 5803 1322 5873 de
1348 5804 1664 5873 Brzesznioza
1689 5802 1766 5890 sita,
1793 5822 1851 5873 en·

302 5924 579 6014 improprietas
617 5924 662 5995 ad
688 5924 937 5995 monasterium
973 5920 1281 5999 Szeeaeoboviense
1317 5924 1477 6014 pertinet.
1520 5923 1561 5993 In
1589 5945 1658 6015 qua
1684 5914 1765 5995 sunt
1791 5944 1852 6013 sex

301 6044 393 6117 lanei
421 6044 664 6134 emethonales,
692 6050 727 6114 et
754 6043 900 6133 quilibet
925 6062 989 6134 pro
1008 6062 1114 6117 censu
1139 6045 1244 6115 solvit
1269 6064 1376 6114 unum
1392 6042 1571 6133 fertonem,
1597 6045 1681 6115 item
1707 6044 1853 6131 triginta

302 6187 377 6256 ova,
403 6167 486 6237 item
513 6166 600 6239 duos
627 6163 748 6254 gallos,
775 6165 859 6237 item
886 6164 972 6237 duos
992 6166 1116 6237 choros
1141 6184 1272 6237 aversae
1298 6165 1470 6255 aequalem
1496 6165 1579 6235 item
1596 6166 1763 6239 tabernae
1781 6184 1853 6236 non

302 6294 392 6377 sunt,
419 6289 503 6358 item
530 6287 752 6359 hortulaniae
779 6309 848 6359 uon
875 6292 970 6377 sunt,
996 6306 1109 6379 neque
1136 6285 1336 6377 praedium
1369 6287 1454 6359 item
1489 6286 1666 6359 hamulum
1702 6287 1852 6377 solenni,

302 6409 449 6503 quilibet
475 6430 580 6482 uuum
607 6410 749 6482 chorum
777 6407 1005 6501 confertum-,e
1022 6408 1106 6481 item
1133 6408 1333 6497 emetboues
1368 6413 1532 6483 errentur
1566 6408 1724 6501 proprio,
1746 6428 1852 6503 amru
1887 6457 1890 6462 -
1952 6456 1960 6469 -
