4217 8059
1761 1452 1891 1538 tta·

286 1673 404 1745 Sancti
430 1672 542 1745 Marci
569 1674 702 1765 aliquot
737 1674 905 1746 clenodiis
930 1677 968 1746 et
993 1672 1202 1745 Sanctorum
1237 1672 1394 1763 reliquiis
1434 1670 1643 1744 nobilitavit.
1682 1670 1838 1745 Contulit

290 1795 382 1866 enim
410 1794 445 1866 in
472 1797 719 1867 monasterium
747 1795 940 1885 praelatum
968 1795 1108 1866 calicem
1135 1815 1296 1884 magnum
1324 1795 1526 1865 deauratum
1546 1850 1553 1863 .
1629 1793 1705 1865 Non
1733 1794 1841 1866 babet
1923 1778 1940 1885 ’-

289 1919 404 1986 autem
432 1917 677 1988 monasterium
706 1915 897 2006 praelatum
924 1916 1058 2007 aliquas
1085 1917 1336 2006 possessiones,
1363 1916 1528 1988 introitus
1555 1920 1616 1986 aut
1641 1921 1839 2004 proventus,

290 2036 351 2107 sed
378 2035 452 2106 sola
486 2037 576 2126 stipe
612 2036 829 2109 emendicata
864 2037 963 2108 iuxta
988 2035 1236 2126 professionem
1264 2057 1347 2107 suae
1375 2036 1569 2126 religionis,
1597 2036 1639 2106 de
1666 2035 1840 2124 suffragiis

182 2216 190 2225 .
289 2159 325 2224 et
350 2154 576 2244 eleemosynis
603 2154 755 2228 fidelium
784 2156 878 2226 vivit

774 2595 776 2598 ·
909 2551 1226 2637 TRZOZANA.

396 2772 621 2848 Secundum
649 2772 928 2851 nonnosum
955 2775 1282 2886 tratuuruloudluiq¹
1297 2774 1347 2851 da
1368 2774 1608 2851 Paenitentia
1629 2775 1839 2875 Beatos-um

289 2895 484 2987 Martyrum
513 2897 548 2967 in
576 2896 725 2967 dioecesi
752 2894 981 2986 Cracoviensi,
1008 2898 1044 2968 in
1072 2892 1234 2969 districtu
1261 2894 1486 2969 Ovirziczensi
1514 2898 1716 2989 consistens,
1744 2899 1838 2988 quod
1879 2896 1883 2905 ’

264 3034 380 3093 'anno
405 3016 625 3091 Domini...
651 3016 833 3089 fundatum
859 3023 915 3089 est
941 3037 1004 3107 per
1021 3071 1030 3087 .
1048 3071 1057 3086 .
1075 3069 1083 3088 .
1101 3022 1175 3095 ..et
1198 3017 1379 3109 praedicta
1404 3017 1488 3091 villa
1513 3017 1750 3091 Traczaua
1774 3038 1839 3109 pre

288 3140 363 3210 eius
390 3143 559 3228 perpetua
586 3137 810 3210 subsistentia
837 3136 1003 3228 dotatum,
1028 3158 1072 3208 ea
1098 3136 1330 3228 qualificatum
1357 3137 1563 3228 conditione,
1589 3144 1629 3210 ut
1660 3137 1839 3225 ,duodena-

289 3261 363 3331 rius
390 3280 553 3332 numerus
579 3258 726 3330 fratrum
754 3246 917 3330 continuo
944 3258 1105 3347 resideat,
1132 3265 1168 3330 et
1193 3279 1266 3330 rem
1294 3258 1445 3331 divinam
1473 3265 1579 3350 atque
1605 3259 1710 3331 boras
1737 3279 1839 3331 cano

287 3381 383 3454 nicas
409 3380 551 3453 diurnas
578 3388 614 3452 et
641 3386 830 3452 nocturnas
856 3399 941 3451 voce
967 3400 1098 3451 sonora
1121 3379 1294 3452 decantet
1329 3379 1557 3470 Incorporata
1582 3386 1700 3452 autem
1725 3379 1838 3451 eidem

169 3590 174 3604 Ι
289 3508 343 3573 est
370 3502 579 3597 monasterio
607 3500 840 3573 Trzczaua
866 3498 1010 3572 ecclesia
1037 3498 1248 3589 parochialis
1272 3498 1401 3573 ibidem
1426 3499 1463 3581 in
1490 3499 1735 3590 Trzczaua,
1762 3521 1839 3571 cum

289 3623 448 3709 omuibus¹
474 3623 547 3694 suis
574 3621 716 3705 decimis
742 3628 778 3693 et
805 3620 1050 3711 proventibus,
1065 3619 1252 3747 Qubetque
1279 3612 1410 3693 dictum
1436 3621 1682 3693 monasterium
1708 3619 1839 3705 lentem

289 3742 539 3833 baptismalem,
565 3748 602 3813 et
628 3741 847 3832 praepositus
874 3760 938 3830 pro
964 3730 1121 3831 temp'dre
1149 3728 1350 3840 pacationis,
1376 3739 1463 3813 illic.
1478 3741 1523 3813 ab
1549 3740 1727 3813 ordinario
1754 3740 1839 3813 Cra·
1951 3803 1955 3811 Α
1990 3795 1998 3805 .

288 3864 439 3935 coviensi
466 3863 671 3951 instituitur,
698 3869 734 3934 et
764 3881 883 3933 curam
911 3861 1104 3933 animarum
1131 3861 1315 3951 parochiae
1342 3867 1380 3934 et
1404 3860 1552 3933 tratum
1577 3861 1688 3953 gerit,
1714 3882 1838 3935 onera·

240 4052 248 4061 .
289 4004 355 4075 que
382 3983 595 4075 parochialia
630 3990 667 4057 et
698 3983 780 4084 ¹iura
813 3981 1018 4055 dioecesana
1044 3979 1184 4071 suffert,
1210 3982 1340 4055 faciens
1367 3982 1471 4055 etiam
1498 3982 1745 4055 subventiones
1771 3981 1839 4053 be·
1934 3989 1937 3993 ’
1973 3964 1978 3977 ’

288 4110 435 4194 quentea
461 4104 672 4177 monasterio
698 4108 735 4175 et
761 4101 927 4175 tratribus
953 4101 1071 4173 Sancti
1098 4101 1211 4173 Marci
1237 4103 1272 4173 in
1299 4101 1537 4175 cracovia

393 4223 612 4313 TnzcznuA,
639 4223 722 4296 villa
747 4222 880 4294 babens
907 4221 1139 4313 parochialem
1167 4220 1347 4293 ecclesiam
1374 4223 1409 4293 iu
1436 4242 1493 4312 se,
1518 4223 1617 4317 cuius
1643 4223 1840 4313 proprietas
1869 4276 1873 4285 .

289 4344 333 4416 ad
369 4346 615 4416 monasterium
652 4341 804 4415 eiusdem
843 4342 909 4415 loci
945 4343 981 4413 in
1016 4341 1251 4415 Tracuaua
1276 4342 1437 4433 pertinet.
1477 4342 1614 4434 Inque
1639 4347 1721 4415 sunt
1745 4341 1840 4439 lanei

288 4466 540 4554 cmetbonales,
575 4467 659 4537 item
695 4465 879 4553 tabernae,
915 4464 996 4536 item
1033 4462 1270 4555 bortulauiae3
1306 4463 1388 4535 item
1416 4462 1562 4555 quilibet
1587 4463 1708 4557 laueps
1734 4461 1840 4535 solvit

288 4608 352 4677 pro
380 4608 486 4659 censu
504 4641 512 4656 .
530 4641 538 4656 .
557 4610 584 4676 .;
610 4587 694 4658 item
721 4586 830 4676 labor,
857 4585 940 4657 item
967 4606 1126 4679 esayam
1153 4582 1340 4677 itembva,
1366 4586 1447 4655 item
1465 4583 1587 4675 gallos,
1605 4584 1690 4655 item
1707 4603 1838 4675 maces,
1963 4670 1967 4675 ¹

288 4709 371 4781 item
399 4708 642 4796 molendinum,
670 4709 750 4806 item
779 4707 959 4797 praedium
986 4712 1041 4776 est
1067 4706 1117 4777 ibi
1144 4706 1283 4811 unicum
1305 4705 1518 4801 coenobiale,
1545 4704 1589 4777 de
1613 4705 1712 4789 cuius
1742 4705 1838 4797 agris

287 4830 373 4903 urdli
408 4829 513 4901 solvit
549 4829 715 4900 decimam
751 4827 1019 4918 manipularem,
1055 4826 1117 4899 sed
1154 4846 1230 4899 eam
1264 4816 1353 4919 pro*
1366 4846 1403 4897 se
1430 4824 1524 4899 tollit
1549 4832 1586 4898 et
1610 4826 1648 4899 iu
1674 4812 1849 4899 borreum¹

155 4988 159 4998 ·
288 4972 387 5024 suum
415 4950 556 5023 inducit.
