4217 8059
229 1568 231 1571 .
272 1478 346 1549 aaa

273 1681 341 1753 dno
369 1672 595 1766 molendina,
617 1698 722 1748 unum
750 1676 909 1767 superius
935 1676 1165 1766 monaterio,
1195 1682 1233 1748 et
1258 1675 1353 1748 aliud
1380 1674 1523 1748 inferius
1547 1676 1585 1746 in
1613 1675 1755 1765 piscina,
1781 1680 1817 1747 et

273 1802 316 1895 de
343 1800 498 1890 quolibet
523 1797 706 1869 solvuntur
733 1817 913 1869 mensurae
939 1797 1150 1870 monasterio
1173 1818 1220 1869 >eu
1248 1782 1425 1899 molitione
1451 1795 1703 1886 provenientes.
1720 1795 1815 1866 -ltom

272 1921 471 1992 cmethones
497 1917 662 1988 ducturas
688 1916 801 1989 lacere
821 1923 983 1989 tenentur
1009 1917 1194 1988 ordinarie.
1220 1917 1308 1988 Item
1326 1916 1614 2006 adlaborandum
1634 1913 1818 2009 powabnru

255 2040 335 2131 ”pro
362 2037 520 2130 frugibus
547 2037 762 2128 hyemalibus
798 2059 902 2108 unum
929 2037 1037 2125 diem,
1065 2044 1191 2127 etpro
1204 2037 1416 2108 ·vernalihus
1453 2036 1557 2107 alium
1584 2036 1684 2106 diem.
1729 2036 1816 2107 Item

271 2161 306 2231 in
333 2159 453 2230 eadem
480 2157 563 2229 villa
589 2162 669 2228 suut
686 2156 775 2228 duae
793 2157 949 2246 piscinae·
972 2159 1098 2246 bonae,-
1118 2166 1156 2228 et
1182 2159 1276 2228 circa
1295 2156 1486 2247 quamlibet
1504 2162 1559 2227 est
1576 2155 1817 2228 molendinum.

271 2280 360 2350 Item
396 2285 451 2349 est
476 2275 654 2367 praedium
688 2278 888 2349 monasterii
914 2285 951 2348 et
977 2279 1054 2367 agri
1082 2276 1292 2367 praediales,
1324 2277 1359 2348 in
1387 2283 1460 2348 tres
1487 2296 1626 2364 campos
1653 2275 1817 2363 medodi,

272 2398 316 2472 de
343 2397 468 2491 quihus
496 2396 662 2468 decimam
690 2397 940 2486 manipularem
968 2397 1248 2469 sanctimoniales
1268 2396 1352 2466 nudi
1372 2396 1519 2484 solvunt,
1535 2395 1608 2466 aed
1634 2394 1728 2466 illam
1755 2416 1818 2485 pro

273 2537 311 2590 se
337 2517 474 2590 tollunt
517 2496 605 2587 Item
631 2518 707 2606 agri
734 2518 971 2605 cmethonnm,
1006 2519 1285 2605 tabematorum‚
1321 2525 1357 2587 et
1384 2494 1645 2587 hortulanorum
1682 2515 1819 2588 solvunt

274 2639 440 2710 decimam
468 2638 716 2727 manipularem
743 2646 780 2709 et
806 2660 868 2726 per
895 2645 1045 2727 quatuor
1081 2638 1220 2727 ierugas
1256 2620 1455 2726 canapalem
1491 2636 1709 2726 praebendae
1735 2634 1819 2707 Gra·

274 2759 425 2831 coviensi
451 2740 568 2830 dictae
595 2758 906 2849 Sthanyateczsha,
942 2764 978 2828 et
1003 2764 1167 2828 tenentur
1193 2779 1269 2828 eam
1296 2757 1496 2828 cmethones
1523 2756 1649 2828 ducere
1676 2757 1712 2826 in
1738 2756 1819 2826 hor·

274 2899 371 2950 reum
397 2901 419 2950 a
445 2879 608 2972 canonico
635 2878 827 2968 locandum,
867 2886 903 2950 et
929 2864 1026 2950 valor
1053 2879 1126 2949 eius
1153 2879 1202 2949 ad·
1226 2877 1419 2969 quindecim
1446 2897 1580 2948 marcas
1607 2877 1820 2964 aestimatur,

150 3042 153 3047 .
274 3006 416 3091 praeter
435 2997 690 3095 przprupnrlcp,
728 3021 815 3090 quae
843 3000 970 3075 cedunt
1004 3021 1068 3088 pro
1096 2999 1294 3088 praehenda
1320 2998 1542 3069 tlracoviensi
1570 2997 1826 3069 uoszeiowsuc

276 3120 363 3192 Item
382 3113 640 3211 praelauvilla
667 3120 1000 3212 Sthanyathhy
1024 3109 1178 3206 >confimat
1196 3141 1273 3190 cum
1293 3119 1671 3210 Nyepolomicze,
1698 3119 1845 3198 nan.

275 3240 446 3329 broma,
472 3240 683 3312 Brzesze.

378 3361 490 3450 Lacu,
518 3360 601 3432 villa
627 3363 691 3433 suh
719 3351 884 3451 parochia
910 3361 1075 3431 ecclesiae
1103 3361 1146 3431 de
1174 3344 1496 3450 Brzeszu'ycza
1522 3359 1599 3447 sita,
1621 3359 1725 3463 cuius
1741 3366 1823 3451 prn-

201 3474 205 3482 '
276 3478 406 3568 prietes
433 3487 469 3549 et
495 3480 684 3553 dominium
701 3482 854 3571 pertinet
871 3482 916 3553 ad
934 3481 1181 3553 morraaterium
1199 3480 1510 3552 sanctimonialium
1538 3480 1574 3550 in
1601 3479 1822 3568 Sthanya·

276 3597 397 3686 thhy.
440 3598 481 3677 ln
518 3621 585 3688 qua
623 3607 705 3672 sunt
741 3600 890 3673 sedecim
926 3600 1279 3673 laneicmethonales
1306 3606 1343 3672 et
1368 3605 1445 3672 octo
1483 3600 1601 3690 virgae
1641 3608 1823 3670 mensurae

277 3716 556 3805 theuthonicalis,
582 3727 619 3789 et
644 3721 790 3810 quilibet
826 3721 946 3793 laneus
979 3742 1043 3812 pro
1071 3742 1185 3794 annuo
1221 3741 1324 3792 censu
1360 3720 1464 3792 solvit
1499 3719 1646 3791 mediam
1673 3738 1822 3790 maroam

277 3836 427 3906 latorum
453 3827 654 3923 grossorum
679 3840 915 3931 Pragensium,
941 3841 994 3912 vel
1023 3836 1142 3912 eorum
1170 3843 1332 3929 valorem,
1359 3841 1443 3912 item
1469 3840 1557 3911 duos
1582 3839 1713 3928 gallos,
1739 3839 1822 3921 item

279 3953 365 4025 dnos
392 3974 492 4024 coros
517 3974 647 4025 avenae
676 3977 857 4032 mensurae
884 3961 1059 4033 confertae
1077 3960 1329 4051 (linconiensis,
1357 3961 1441 4032 item
1467 3981 1531 4050 pro
1557 3957 1728 4055 rapodone
1744 3978 1824 4031 rne-

279 4074 374 4145 dimn
399 4093 576 4163 grossum,
612 4075 694 4146 item
722 4079 1044 4175 ratione-opacum
1080 4081 1141 4153 dat
1168 4080 1314 4172 quilibet
1348 4081 1498 4153 medium
1526 4097 1694 4169 grossum
1725 4079 1824 4150 Item

281 4216 399 4267 omnes
426 4194 527 4301 simul
552 4195 751 4287 cmethones
777 4195 862 4269 dant
877 4198 971 4272 duos
997 4204 1185 4292 capreolos,
1212 4203 1296 4274 item
1323 4201 1409 4273 dant
1426 4201 1530 4271 etlam
1551 4178 1659 4270 =simul
1687 4186 1824 4271 centum

280 4337 355 4389 ova.
382 4316 470 4390 Item
497 4334 574 4387 cum
601 4313 737 4398 villanis
763 4317 806 4387 de
833 4318 1127 4413 Brzeznyoza
1153 4323 1239 4395 dant
1259 4342 1365 4394 unum
1384 4320 1537 4392 vitulum.
1564 4320 1653 4391 Item
1679 4320 1824 4411 quilibet
1846 4338 1849 4342 ·

188 4485 190 4491 -
281 4436 417 4511 cmetho
445 4436 487 4509 de
514 4435 614 4508 laneo
641 4434 778 4507 laborat
795 4436 831 4506 in
850 4438 1001 4528 praedio,
1027 4447 1100 4511 tam
1126 4464 1189 4533 pro
1217 4443 1340 4534 hyeme
1368 4461 1469 4532 quam
1496 4462 1560 4531 pro
1587 4461 1679 4529 vere,
1705 4446 1825 4512 tenen·

280 4564 406 4648 torque
433 4576 534 4626 arare
562 4576 665 4645 agros
693 4540 905 4646 praediatus,
924 4558 1090 4648 arpicare,
1117 4581 1232 4634 serere
1258 4569 1295 4634 et
1321 4563 1357 4633 in
1384 4563 1548 4634 horreum
1575 4564 1683 4651 atque
1706 4580 1824 4632 mona·

283 4677 426 4749 sterium
446 4677 481 4747 in
509 4676 653 4748 Sthan
662 4699 684 4766 y
699 4676 775 4747 ath
786 4676 810 4745 k
819 4698 842 4765 y
858 4678 1014 4764 'granum
1031 4678 1234 4751 trituratum
1251 4682 1430 4754 deducere.
1448 4683 1536 4754 ltem
1554 4682 1685 4753 iaciunt
1703 4681 1825 4752 ductu·

281 4819 349 4889 ras,
376 4803 548 4890 quotquot
574 4802 655 4867 suut
685 4796 902 4868 necessariae
928 4817 970 4866 ex
998 4797 1127 4869 ordine.
1159 4798 1254 4870 ltem
1272 4801 1308 4872 in
1326 4803 1446 4876 ecdem
1465 4803 1547 4874 villa
1574 4810 1629 4873 eat
1645 4801 1825 4892 praedium

282 4916 480 4991 coenobiale
509 4906 656 5005 honum,
673 4917 708 4986 in
735 4922 807 4987 tres
834 4931 974 5004 campus
995 4913 1157 5004 diuisum,
1196 4918 1240 4990 de
1267 4920 1362 4997 cuius
1389 4923 1483 5012 apris
1508 4922 1643 4994 decima
1669 4922 1826 5013 manipn-

282 5038 367 5111 laris
394 5058 461 5108 non
490 5037 593 5115 datur
619 5035 784 5117 ecclesiae
808 5034 999 5126 parochiali
1016 5042 1053 5107 et
1071 5034 1144 5106 eius
1172 5037 1317 5124 plebano
1344 5041 1380 5111 in
1407 5042 1736 5131 Brzesznicza,
1765 5041 1826 5114 aed
1876 5122 1878 5126 λ

282 5159 410 5230 tollunt
437 5179 511 5228 eam
540 5156 725 5244 moniales,
752 5163 789 5227 et
816 5157 851 5226 in
878 5155 1041 5226 horreum
1077 5175 1177 5226 sunm
1204 5157 1376 5242 inducunt.
1420 5162 1507 5257 Item
1534 5163 1573 5234 in
1596 5163 1717 5245 cadem
1744 5162 1827 5233 villa

218 5263 225 5277 ¹
283 5285 366 5352 sunt
391 5278 479 5349 duae
504 5278 684 5367 tabernae,
699 5258 879 5348 ¹'habentes
903 5296 1006 5366 agros
1033 5276 1149 5365 largos
1176 5282 1211 5347 et
1238 5277 1336 5368 latos,
1362 5292 1602 5371 quarum'una
1629 5283 1741 5374 prima
1758 5281 1826 5354 sol-

283 5401 336 5472 vit
361 5421 426 5490 pro
452 5419 566 5470 annuo
594 5419 698 5470 censu
739 5405 888 5495 quatuor
915 5397 1266 5471 marcaseommunis
1293 5400 1458 5488 pecuniae
1485 5409 1522 5471 et
1548 5424 1652 5477 unum
1678 5402 1828 5492 lapidem

284 5521 357 5610 sepi
385 5542 447 5611 pro
475 5520 705 5607 monasterio,
742 5519 853 5589 altera
879 5523 996 5589 autem
1015 5517 1126 5596 ,soluit
1163 5525 1234 5590 tres
1261 5537 1395 5590 marcas
1421 5527 1457 5591 et
1478 5521 1587 5611 ¹etiam
1613 5541 1716 5595 unum
1743 5523 1829 5614 lapi·

285 5640 363 5713 dem
389 5642 472 5729 sepi.
499 5641 586 5711 ltem
613 5646 685 5710 tres
714 5638 899 5726 hortulani,
941 5637 1002 5708 sed
1029 5658 1098 5709 non
1127 5637 1267 5709 solvunt
1291 5638 1439 5728 aliquem
1466 5659 1615 5729 censum,
1643 5643 1752 5714 solum
1779 5642 1834 5714 ta·
1934 5624 1937 5629 ⁴

285 5763 388 5833 horat
413 5761 558 5850 quilibet
585 5759 674 5831 diem
703 5760 738 5830 in
766 5758 960 5849 septimana
986 5756 1158 5848 pedester.
1193 5759 1280 5831 Item
1308 5759 1397 5831 lanei
1420 5761 1659 5833 -cmethonales
1686 5761 1721 5832 in
1747 5763 1831 5837 vitta

285 5881 440 5971 praelata
466 5885 503 5951 et
529 5879 792 5955 hortulanornm
820 5885 856 5950 et
881 5864 1162 5968 tabernatorum,
1198 5879 1337 5952 solvunt
1375 5878 1543 5951 decimam
1570 5880 1829 5973 manipularem,

218 5984 220 5997 ’
285 6007 320 6073 et
346 6022 409 6092 per
435 6007 586 6091 quatuor
621 6001 760 6091 ierugas
796 5999 996 6091 canapalem
1032 5999 1251 6090 praebendae
1286 5999 1524 6090 Oracoviensi,
1551 6022 1652 6092 quae
1688 6009 1832 6075 vocatur

285 6122 533 6194 Laszousha
560 6127 595 6192 et
620 6122 695 6194 eius
712 6122 898 6211 canonico,
921 6126 957 6193 et
974 6126 1139 6195 tenentur
1156 6139 1231 6192 eam
1250 6120 1447 6192 cnrethones
1474 6121 1598 6208 ducere
1617 6122 1652 6194 in
1671 6123 1832 6196 horreum
1939 6146 1944 6151 ·

287 6264 309 6312 a
335 6227 500 6314 canonico
535 6242 715 6314 locandum
751 6241 903 6333 propriis
925 6241 1117 6330 curribus,
1152 6240 1249 6312 cuiue
1275 6240 1373 6313 valor
1408 6243 1612 6353 aestimatur
1638 6243 1683 6316 ad
1707 6245 1833 6335 dginti
1916 6270 1921 6277 ·

288 6380 430 6437 marceat·
456 6363 543 6436 Item
562 6362 793 6436 molendinum
810 6362 849 6434 in
866 6362 1013 6450 flumine,
1033 6359 1133 6450 >quod
1157 6359 1268 6433 currit
1294 6360 1337 6434 de
1365 6362 1541 6453 Gurou,
1568 6362 1700 6436 habena
1718 6384 1831 6455 agros
