4217 8059
267 1459 343 1527 410
1658 1580 1663 1589 ι
1717 1524 1746 1595 t

265 1662 443 1735 decimam.
488 1658 576 1730 Item
618 1632 850 1728 molendinum
888 1676 956 1725 uon
992 1658 1054 1725 est.
1094 1653 1183 1725 Item
1219 1672 1338 1725 omnes
1373 1653 1450 1743 agri
1485 1650 1588 1725 villae
1624 1650 1762 1725 solvrmt
1782 1650 1827 1727 'et

269 1782 465 1855 conducunt
507 1779 672 1849 decimam
713 1775 965 1865 manipularem
1000 1782 1037 1845 et
1068 1775 1284 1873 canapalem,
1310 1794 1375 1863 pro
1411 1773 1558 1845 ecclesia
1583 1772 1700 1845 Sancti
1727 1772 1826 1845 Petri

269 1904 305 1975 iu
333 1900 648 1987 Sandomiria,
678 1906 713 1968 et
748 1897 844 1968 valor
879 1897 952 1966 eius
990 1895 1196 1967 aestimatur
1221 1895 1264 1965 ad
1292 1902 1366 1966 tres
1394 1914 1540 1967 marcos.
1578 1894 1667 1965 ltem
1696 1901 1750 1966 est
1774 1895 1826 1966 ibi
1865 1946 1876 1959 .

251 2060 262 2093 .·
293 2024 301 2039 ‘
328 2044 379 2117 ea·
406 2020 629 2107 monasterii,
657 2018 699 2088 de
736 2039 803 2107 qua
838 2017 1086 2088 monasterium
1107 2016 1387 2087 admInistratur
1420 2017 1456 2086 in
1484 2016 1588 2085 rebus
1616 2015 1825 2105 diuinis,.et

235 2042 515 2237 'nmmum
544 2140 615 2211 illic
642 2144 760 2209 natum
788 2144 952 2208 tenentur
979 2137 1179 2211 emethones
1206 2136 1370 2207 inducere
1389 2136 1432 2207 ad
1453 2136 1710 2207 monasterium.
1738 2137 1825 2207 item

270 2232 434 2349 domoras
461 2267 626 2332 tenentur
653 2259 767 2330 facere
795 2259 925 2347 absque
952 2258 1017 2327 die.
1045 2257 1204 2328 &influat
1230 2280 1307 2329 cum
1327 2258 1439 2329 altera
1455 2257 1658 2348 Kamyen
1686 2255 1826 2347 plebani
1917 2284 1921 2291 ·

273 2390 411 2454 etcum
449 2383 556 2451 tertia
590 2379 791 2470 Kamyen
824 2378 946 2449 Jacobi
981 2378 1024 2449 de
1051 2376 1430 2469 Conyeczpolye,
1457 2378 1541 2449 item
1568 2399 1645 2448 cum
1672 2376 1825 2467 praediis

273 2502 512 2574 altaristarum
539 2499 583 2570 de
610 2499 738 2570 Sancto
774 2498 889 2570 Petro.
925 2494 1037 2569 Huius
1064 2498 1167 2569 villae
1194 2499 1329 2588 aliquot
1356 2505 1470 2571 sortes
1496 2497 1686 2569 Marcus
1710 2518 1826 2571 comes
1921 2478 1930 2491 ⁸

149 2596 153 2606 ’
271 2625 314 2697 de
351 2622 453 2693 domo
489 2620 749 2693 Griflonum
785 2620 883 2691 dedit
918 2621 1147 2723 monasterio,
1174 2619 1244 2691 dux
1270 2619 1446 2692 Lestko
1474 2619 1620 2691 Albus
1646 2617 1826 2691 duodecim

270 2750 383 2817 sortes
420 2742 597 2830 adiunxit,
625 2741 732 2813 abbas
768 2740 1007 2819 Martinus
1043 2740 1310 2813 aFloriauo
1345 2748 1382 2813 et
1408 2740 1670 2813 Voliskoue
1694 2744 1826 2813 torrem

182 2848 186 2857 ⁸
271 2863 442 2955 quandam
470 2863 694 2953 comparavit,
721 2862 790 2932 dux
818 2861 1067 2934 Boleslaus
1093 2862 1297 2933 Pudicus
1324 2861 1410 2933 duas
1439 2866 1552 2934 sortes
1579 2859 1731 2933 donavit

375 2985 558 3073 Luunwn,
585 2983 668 3055 villa
694 2983 825 3054 habens
852 2983 887 3052 in
915 3004 952 3053 se
979 2982 1159 3054 ecclesiam
1187 2982 1431 3073 parochialem,
1451 2982 1599 3055 Sanctae
1617 2980 1827 3054 Gatheriuae

271 3109 432 3195 dicatam,
459 3110 495 3177 et
479 3103 566 3177 atd
594 3111 734 3195 pontem
761 3102 1096 3196 Nyewyersziu
1123 3104 1387 3194 suprafluvium
1407 3103 1607 3175 Lukawa
1634 3104 1711 3194 sita,
1728 3103 1827 3177 cuius

266 3210 469 3365 ‚proprietas
497 3233 532 3297 et
558 3225 746 3297 dominium
774 3225 818 3298 od
846 3224 1008 3297 abbatem
1036 3224 1353 3297 Wanchoczensem
1380 3225 1541 3315 pertinet
1582 3224 1621 3296 In
1650 3244 1720 3315 qua
1744 3232 1851 3305 sunt.
1922 3240 1925 3245 ·
1972 3192 1992 3221 '⁹

94 3418 99 3428 ι
205 3347 395 3467 ¹'ipWii
422 3352 572 3437 quatuor
598 3346 765 3435 lassehi
729 3350 765 3417 et
792 3345 937 3435 quilibet
963 3345 1069 3416 solvit
1095 3366 1157 3435 per
1185 3344 1444 3436 quatuordecim
1470 3366 1612 3435 grossos
1630 3366 1694 3436 pro
1712 3364 1830 3435 musu,

250 3458 354 3563 ’ᾖειιι
382 3490 442 3539 sex
471 3467 596 3538 choros
623 3465 771 3556 siliginis
807 3466 980 3537 seminant
1014 3487 1078 3555 pro
1115 3466 1255 3556 hyeme,
1282 3465 1326 3537 de
1352 3486 1462 3556 grano
1490 3465 1638 3555 curiae;
1653 3465 1737 3539 item
1763 3486 1827 3539 sex

271 3609 400 3660 avenae
436 3588 542 3658 etiam
578 3587 750 3657 seminant
785 3607 848 3679 pro
884 3606 980 3676 rere,
1007 3592 1044 3657 ot
1071 3586 1186 3657 omnia
1221 3585 1412 3676 disponunt
1432 3590 1473 3661 et
1497 3585 1703 3659 conducunt.
1736 3584 1828 3667 Item

273 3732 337 3799 pro
365 3729 446 3780 vere
474 3709 561 3779 duos
588 3707 662 3778 dies
690 3712 827 3795 aratro,
853 3707 936 3778 item
965 3707 1051 3779 duos
1087 3706 1162 3778 dies'
1199 3707 1358 3798 arpicant
1367 3762 1376 3797 ,
1403 3706 1486 3779 ite'nr
1514 3728 1618 3779 unum
1646 3706 1739 3779 diem
1763 3704 1829 3779 iol-

270 3834 434 3901 castraot.
472 3828 558 3899 Item
597 3828 633 3898 in
669 3827 855 3917 aggeribus
892 3827 928 3897 in
965 3826 1161 3918 Stodoly
1197 3827 1360 3899 laborant
1384 3834 1421 3899 et
1447 3828 1577 3901 hahent
1602 3828 1714 3901 locum
1740 3826 1829 3899 alias

174 4044 176 4048 Α
270 3945 442 4044 promsi),
470 3969 571 4038 quem
598 3953 763 4018 tenentur
790 3946 988 4037 reformare,
1017 3947 1154 4039 quoties
1181 3947 1382 4020 destruitur.
1409 3949 1497 4021 Item
1523 3952 1681 4020 sternere
1706 3954 1829 4023 teuen-

273 4077 333 4141 tur
359 4069 498 4140 fluvium
525 4068 725 4141 Lulrawa
761 4073 797 4139 et
831 4074 971 4157 pontem
1007 4071 1043 4140 in
1080 4068 1409 4161 Nyewyerszin
1437 4069 1595 4141 mosth.
1630 4068 1719 4141 Item
1745 4075 1829 4141 sunt

272 4192 321 4262 ibi
349 4190 437 4261 duae
463 4190 630 4261 tabernae
656 4189 824 4261 habentes
860 4210 983 4281 agros,
1010 4210 1098 4280 quae
1123 4190 1263 4263 solvont
1289 4211 1392 4262 unam
1419 4210 1569 4261 marcam
1597 4195 1635 4262 et
1660 4189 1828 4262 decimam

131 4308 135 4319 '
174 4299 182 4316 '
273 4312 421 4403 plebano
458 4311 493 4381 in
520 4310 728 4383 Lukawa.
765 4311 850 4382 Item
887 4311 1132 4385 tabernatores
1159 4318 1325 4385 tenentur
1346 4312 1556 4397 ‚ialcafliraffl
1583 4316 1740 4403 himma
1765 4313 1829 4384 ⁸⁰d

272 4433 415 4531 cuilibet
450 4438 613 4504 tenentur
649 4432 734 4504 dare
762 4452 865 4503 unam
892 4432 1060 4513 decuria
1087 4454 1296 4523 sexageuam
1323 4433 1489 4524 siliginis,
1515 4440 1553 4506 et
1579 4433 1683 4545 alinm
1709 4434 1828 4506 tritici.

273 4555 361 4651 Item
388 4560 468 4644 post
495 4574 613 4624 omnes
641 4572 745 4643 agros
772 4552 990 4625 cmethounm
1017 4553 1121 4627 datur
1147 4554 1280 4626 decima
1307 4554 1533 4644 manipularis
1558 4555 1773 4627 monasterio
1790 4555 1828 4626 in

120 4732 124 4741 .
187 4724 208 4785 1⁵
255 4672 261 4679 '
314 4662 638 4771 fferrchoczsko,
665 4673 763 4746 cuius
789 4674 888 4745 valor
914 4674 1118 4746 aestimatur
1145 4673 1189 4746 ad
1217 4674 1343 4765 viginti
1369 4695 1514 4748 marcas.
1548 4675 1635 4747 Item
1663 4696 1724 4746 sex
1748 4675 1829 4746 iun·

88 4796 92 4807 '
177 4776 187 4815 ²
229 4854 279 4935 ,
417 4794 549 4884 canapi.
585 4795 671 4865 Item
700 4815 764 4884 pro
791 4817 928 4890 ‹rsszyep
955 4794 1083 4866 dantur
1108 4796 1183 4885 regi
1210 4802 1361 4886 quatuor
1387 4796 1484 4867 chori
1512 4796 1659 4886 siliginis
1685 4801 1722 4867 et
1748 4801 1828 4869 octo

195 4866 383 4987 introi
411 4936 592 4987 mensurae
628 4915 813 4987 confertae.
848 4915 936 4987 Item
965 4916 1072 4988 habet
1098 4917 1147 4988 ibi
1174 4917 1342 5021 plebanus
1369 4923 1442 4988 tres
1469 4917 1587 4990 laneos
1616 4917 1765 5006 liberos,
1791 4924 1830 4989 et

206 5008 342 5107 ¹¹s‘dn'o
370 5041 480 5125 prata.
508 5037 594 5107 Item
621 5034 707 5107 dant
734 5036 933 5108 cmethones
960 5036 1107 5126 plebano
1134 5042 1208 5109 tres
1235 5038 1360 5111 choros
1386 5038 1534 5128 siliginis
1552 5041 1588 5110 et
1605 5045 1679 5110 tros
1696 5055 1828 5110 brenac

275 5155 440 5247 aequalis
467 5156 553 5227 Item
581 5156 689 5228 habet
715 5157 882 5247 plebanus
909 5178 1013 5230 uuam
1040 5158 1221 5231 tabernam
1249 5159 1435 5233 habentem
1464 5180 1577 5251 agros,
1605 5180 1696 5252 qnae
1723 5159 1828 5232 soluit

275 5297 376 5349 unam
405 5298 621 5367 sexagenum,
648 5284 684 5349 et
711 5278 879 5350 decimam
907 5279 968 5350 dat
994 5279 1141 5370 plebano
1178 5280 1320 5383 desuis
1348 5281 1450 5372 agris.
1488 5281 1574 5353 Item
1597 5287 1655 5353 est
1682 5281 1731 5353 ibi
1758 5300 1829 5353 una

274 5398 479 5487 hortulanis·
500 5398 653 5489 plebani,
675 5400 807 5472 hahens
834 5421 947 5492 agros,
975 5422 1062 5493 quae
1089 5402 1175 5473 nihil
1202 5402 1315 5491 solvit,
1343 5402 1405 5474 sed
1431 5420 1541 5473 uuum·
1555 5402 1647 5475 diem
1665 5401 1828 5493 pedester

274 5521 420 5610 laborat,
448 5526 483 5591 et
509 5521 674 5593 decimam
703 5522 807 5593 solvit
832 5522 989 5612 plebano.
1016 5522 1105 5595 ltem
1132 5522 1298 5595 ducturas
1326 5544 1394 5596 nou
1421 5523 1562 5614 faciunt,
1580 5525 1690 5605 solum
1710 5525 1828 5595 viuum

279 5638 410 5714 ducunt
438 5662 479 5712 ex
508 5641 707 5732 Kamyeu
743 5643 779 5714 in
805 5643 1026 5739 hysszow.
1067 5644 1226 5735 Coronat
1252 5665 1330 5717 cum
1356 5645 1464 5717 villis:
1491 5644 1732 5733 Wilczice,
1757 5644 1829 5716 So·

190 5744 192 5751 ’
273 5762 458 5850 bothka,
488 5760 691 5853 Garbow,
719 5756 1799 5861 Golkbwiczeoazin,Rauostkgooiqueoymdy.·

378 5884 659 5973 Snunnowmzu,
691 5884 774 5955 villa
801 5886 865 5956 sub
883 5885 1059 5977 parochia
1084 5885 1128 5957 de
1156 5940 1285 5956 .....
1313 5887 1397 5976 sita,
1434 5887 1532 5959 ouius
1559 5887 1754 5978 proprietas
1781 5885 1826 5957 ad

275 6005 521 6076 monasterinm
549 6004 585 6075 in
605 6004 1147 6099 Wanchoczslropertinet,
1174 6008 1271 6081 coins
1294 6007 1488 6098 portionem
1516 6007 1826 6098 Swyanczalra

275 6125 418 6197 donarit
444 6126 668 6221 monasterio,
695 6126 798 6201 aliam
824 6127 1018 6220 portionem
1045 6124 1208 6202 (inemo
1232 6128 1343 6202 frater
1369 6150 1451 6202 suus
1470 6128 1627 6202 vendidit
1653 6136 1826 6203 monaste-

275 6247 343 6335 rio,
370 6244 542 6317 residuam
571 6268 654 6319 vero
681 6246 850 6323 Petrus
876 6246 968 6323 illios
993 6247 1225 6323 Iohannis
1252 6270 1316 6340 pro
1333 6252 1449 6325 anima
1474 6249 1593 6323 imtris
1612 6252 1666 6323 sui
1692 6248 1826 6343 Przy·

275 6365 421 6438 hisloi
457 6369 667 6440 monasterio
703 6368 859 6463 contullit.
878 6436 880 6443 .
899 6368 939 6441 ln
967 6388 1036 6463 que
1072 6377 1153 6443 sunt
1187 6370 1279 6442 lanei
1316 6373 1572 6464 cmethouules,
1608 6379 1645 6446 et
1679 6370 1826 6464 quilibet
