4217 8059
391 1490 414 1558 4

389 1700 426 1767 et
459 1692 793 1769 administrationem
828 1690 1064 1779 spiritualium
1099 1696 1136 1761 et
1170 1689 1416 1779 temporalium
1450 1695 1587 1777 gerunt.
1634 1687 1719 1758 Tam
1753 1686 1940 1759 foecundos

390 1821 506 1885 autem
533 1820 570 1884 et
596 1815 721 1884 uberes
747 1813 854 1882 babet
889 1812 1139 1883 monasterium
1174 1810 1368 1900 praelatum
1395 1809 1663 1900 Myecboviense
1689 1808 1866 1898 redditus,
1901 1815 1942 1880 ut

390 1942 526 2007 contum
552 1935 679 2005 fratres
706 1917 800 2004 alere
837 1932 982 2022 singulis
1017 1934 1118 2004 annis
1145 1931 1355 2005 sufficienter
1381 1939 1509 2021 posset,
1544 1938 1607 2002 ant
1633 1930 1678 2002 ad
1703 1931 1816 2001 minus
1841 1950 1941 2001 sexa·

389 2058 498 2147 ginta;
520 2056 586 2157 sed
612 2056 721 2126 multo
749 2055 966 2124 rescisiorem
994 2075 1174 2126 numerum
1192 2054 1341 2139 fratrum
1366 2052 1471 2124 fouet.
1497 2052 1566 2127 Est
1591 2054 1697 2123 etiam
1723 2050 1941 2142 praepositus

390 2177 668 2266 Myechoviensis
695 2176 838 2265 quilibet
867 2176 999 2247 honore
1026 2175 1155 2246 insulae
1181 2176 1383 2264 insignitus,
1410 2180 1544 2245 ettam
1571 2174 1616 2244 ad
1642 2171 1804 2262 infulam,
1840 2193 1942 2262 quam

387 2298 435 2368 'ad
461 2298 620 2368 baculum
647 2317 711 2386 per
737 2300 937 2385 episcopum
965 2294 1230 2366 cracoviensem
1257 2302 1490 2367 consecratur.
1520 2293 1600 2366 Mos
1627 2300 1743 2366 autem
1769 2294 1940 2383 pessimus

388 2421 425 2489 in
452 2420 663 2490 monasterio
690 2416 846 2506 praelato
874 2438 894 2486 a
921 2416 1085 2488 diuturno
1112 2423 1269 2506 tempore
1295 2417 1531 2504 introductus,
1571 2415 1705 2486 animas
1731 2421 1769 2486 et
1795 2434 1941 2504 praepo

391 2541 449 2610 siti
477 2546 513 2609 et
538 2539 686 2610 fratrum
713 2539 856 2608 foedans
888 2531 923 2608 el
950 2559 1192 2629 corrumpens,
1229 2539 1334 2608 etiam
1369 2558 1479 2628 usqne
1515 2537 1560 2607 ad
1587 2538 1677 2608 hanc
1712 2537 1804 2608 diem
1838 2537 1943 2625 viget

390 2660 519 2750 singuli
546 2662 637 2731 enim
664 2660 791 2730 fratros
820 2661 1070 2749 proprietates,
1097 2661 1221 2749 quibus
1239 2661 1274 2731 in
1292 2659 1507 2749 professione
1534 2659 1822 2729 rennntIaverant
1847 2659 1941 2727 inre-

391 2782 546 2871 iurando,
574 2788 753 2852 sectantur
780 2783 925 2870 puhhcc,
952 2789 989 2851 et
1015 2783 1111 2871 cibis,
1138 2782 1197 2872 qni
1224 2781 1268 2851 de
1286 2768 1506 2852 conventuali
1532 2781 1661 2870 popina
1687 2781 1738 2850 eis
1765 2799 1943 2869 apponun-

390 2909 449 2973 tur
476 2924 597 2992 pamm
625 2904 789 2990 oontenti,
816 2903 1009 2991 singulares
1044 2904 1110 2973 sibi
1138 2904 1340 2992 praeparari
1375 2902 1539 2974 ordinant
1566 2902 1661 2972 cibos
1688 2907 1724 2971 et
1749 2899 1879 2971 fercula
1905 2900 1941 2969 in

391 3025 542 3113 ciuitate,
570 3026 696 3114 quibus
723 3024 810 3094 horn
836 3025 974 3112 prandii
1001 3030 1038 3094 et
1065 3044 1249 3096 coenarum
1276 3030 1464 3095 vescuntur
1490 3025 1526 3093 in
1553 3023 1728 3094 refectorii
1756 3023 1847 3110 loco;
1873 3021 1942 3093 duo

391 3146 534 3234 insuper
561 3166 603 3215 ex
630 3143 807 3232 fratribus,
835 3145 983 3216 vicarias
1009 3144 1120 3233 plebis
1146 3151 1186 3214 'et
1212 3145 1397 3234 parochiae
1423 3151 1596 3233 gerentes
1622 3144 1788 3233 speciales
1815 3141 1945 3212 babent

389 3266 566 3354 introitus
593 3272 710 3336 custos
736 3266 853 3354 etiam,
879 3265 1133 3354 thesaurarius,
1159 3271 1434 3355 procuratorqne
1462 3273 1498 3336 et
1523 3266 1664 3336 caeteri-
1680 3264 1843 3335 officiales
1870 3283 1942 3333 mo-

391 3387 545 3475 nasterii,
571 3387 702 3456 babent
728 3387 893 3457 introitus
920 3387 1077 3474 priuatos
1104 3387 1171 3457 sibi
1197 3393 1394 3475 usurpatos,
1422 3408 1509 3476 quos
1535 3387 1571 3456 in
1590 3387 1746 3476 privatas
1773 3385 1944 3455 utilitates

391 3514 607 3595 convertunt,
635 3506 698 3578 sub
726 3506 792 3576 hoc
810 3506 925 3579 colore
951 3513 988 3576 et
1015 3508 1139 3595 specie,
1167 3506 1298 3580 scelere
1325 3513 1360 3576 et
1386 3507 1464 3577 labe
1491 3508 1728 3596 proprietatis,
1755 3507 1943 3595 superiori·

392 3629 457 3701 bus
485 3629 520 3698 id
547 3627 787 3715 tolerantibus,
815 3647 852 3696 se
879 3627 1071 3717 inquinant
1096 3665 1101 3677 ·

496 3747 704 3837 MrncnotV,
732 3747 896 3837 oppidum
923 3748 1076 3839 quinque
1099 3749 1303 3821 milliaribus
1331 3749 1465 3820 distans
1492 3770 1515 3818 a
1540 3748 1786 3836 Graecula,
1813 3737 1962 3819 babens

394 3869 576 3940 ecclesiam
611 3868 844 3957 parochialem
879 3875 917 3939 et
952 3870 1187 3940 coenobialem
1225 3876 1395 3941 muratam
1433 3871 1552 3957 inse,
1585 3871 1682 3940 cuins
1718 3870 1829 3940 urrrnis
1862 3890 1945 3958 pro-

391 3991 523 4079 prietas
550 3989 596 4059 ad
623 3990 870 4060 monasterium
897 3988 1166 4081 Myeehoviense
1202 3991 1365 4079 pertinet.
1410 3991 1449 4061 ln
1485 3992 1551 4061 hoc
1588 3991 1713 4080 oppido
1742 3997 1824 4061 sunt
1850 3989 1940 4060 lanei

392 4111 643 4199 oppidanorum
670 4117 707 4181 et
734 4111 879 4200 quilibet
906 4111 1011 4182 solvit
1037 4110 1080 4182 de
1107 4112 1207 4183 laneo
1234 4133 1298 4201 pro
1317 4132 1423 4183 censu
1451 4113 1661 4183 monasterio
1689 4133 1751 4200 per
1778 4117 1943 4200 quatuor·

391 4231 502 4301 decim
530 4236 662 4302 scottos
689 4251 893 4302 communes.
920 4233 1008 4303 Item
1035 4234 1179 4304 suntin
1206 4233 1328 4307 eodem
1354 4232 1483 4322 oppido
1501 4233 1722 4322 septuaginta
1749 4233 1880 4321 domus,
1907 4239 1944 4301 et

392 4351 569 4442 quaelibet
596 4353 732 4422 ratione
759 4351 882 4423 domus
909 4359 945 4423 et
971 4374 1092 4442 areae,
1120 4352 1225 4426 solvit
1251 4355 1463 4425 monasterio
1491 4376 1596 4426 unum
1623 4334 1800 4444 grossum,
1821 4360 1858 4424 et
1885 4374 1943 4423 ra·

391 4473 487 4543 tione
511 4470 669 4568 pothone,
689 4495 794 4544 unum
821 4495 991 4564 grossum,
1018 4475 1140 4547 laneus
1160 4481 1277 4546 antem
1305 4475 1452 4565 quilibet
1477 4475 1582 4547 solvit
1608 4496 1671 4564 pro
1690 4495 1796 4546 censu
1822 4495 1944 4545 mona·

391 4596 508 4666 sterio.
527 4650 535 4664 .
554 4650 588 4664 ..
615 4595 703 4667 Item
730 4596 824 4667 horti
852 4603 932 4666 sunt
958 4597 1107 4667 sedecim
1134 4599 1171 4667 in
1197 4598 1319 4668 eodem
1346 4597 1474 4686 oppido
1500 4603 1536 4667 et
1563 4592 1710 4686 quilibet
1735 4597 1862 4669 soluit.
1880 4651 1890 4666 .
1908 4651 1944 4665 ..

391 4725 427 4785 et
455 4738 559 4787 unum
588 4717 678 4786 diem
706 4717 741 4785 in
769 4717 963 4805 septimana
990 4718 1151 4787 laborare
1171 4771 1311 4787 ......
1354 4717 1443 4789 Item
1470 4718 1513 4788 de
1540 4719 1695 4807 quolibet
1721 4719 1829 4791 laneo.
1847 4719 1942 4790 civili

392 4837 527 4905 ratione
555 4857 690 4929 ossyep,
725 4842 866 4906 tenetur
892 4837 1040 4926 quilibet
1067 4838 1203 4909 soluere
1240 4859 1343 4910 unam
1369 4860 1564 4910 mensuram
1597 4840 1747 4929 siliginis
1773 4847 1810 4910 et
1837 4863 1939 4913 unam

392 4975 530 5025 arenae.
558 4955 645 5025 Item
673 4977 790 5027 omnes
818 4958 894 5047 agri
922 4959 1174 5047 oppidanorum
1194 4960 1335 5031 solvunt
1360 4967 1396 5031 et
1423 4961 1622 5032 conducunt
1637 4961 1806 5032 decimam
1834 4964 1943 5034 mani·

391 5077 547 5165 pularem
575 5097 639 5165 pro
666 5079 876 5148 monasterio
905 5078 1184 5170 hlyechoviensi,
1211 5087 1247 5153 et
1274 5082 1372 5153 valor
1399 5084 1473 5152 eius
1500 5084 1704 5154 aestimatur
1732 5083 1775 5153 ad
1804 5090 1941 5154 centnm
2001 5109 2007 5116 ·

390 5198 537 5286 triginta
563 5218 707 5267 marcas.
733 5199 822 5270 Item
849 5199 1015 5270 decimam
1044 5203 1243 5292 canapulem
1272 5225 1340 5274 non
1358 5203 1506 5275 solvunt.
1532 5204 1620 5275 Item
1640 5203 1838 5274 molendina
1863 5202 1943 5289 duo,

392 5318 435 5389 de
454 5319 579 5408 quibus
597 5326 766 5391 metretae
784 5319 968 5392 solvuntur
985 5325 1216 5413 monasterio,
1227 5326 1263 5394 in
1281 5324 1420 5396 flumine
1448 5323 1503 5397 ΟΖ
1512 5325 1595 5414 ych
1606 5346 1635 5395 a
1663 5325 1811 5395 Macella
1828 5324 1941 5395 cami·

391 5439 492 5510 ficum
519 5441 642 5528 uiginti
670 5461 747 5530 sex,
783 5447 819 5512 et
846 5443 1025 5532 quodlibet
1050 5446 1155 5516 solvit
1182 5447 1392 5517 monasterio
1429 5447 1553 5536 viginti
1580 5468 1684 5518 utrum
1711 5467 1880 5536 grossum,
1907 5453 1944 5515 et

390 5559 435 5630 de
461 5580 543 5648 sepo
571 5583 675 5631 unum
703 5562 862 5652 lapidem.
890 5563 1039 5635 Macella
1066 5574 1223 5638 sutorum
1251 5568 1394 5656 viginti,
1430 5576 1467 5639 et
1493 5568 1675 5657 quodlibet
1702 5568 1809 5639 solvit
1829 5623 1944 5637 .....

389 5680 478 5750 item
505 5682 683 5769 praedium
711 5690 764 5753 est
791 5684 839 5753 ibi
868 5685 1035 5772 optimum
1071 5686 1115 5756 de
1142 5688 1238 5756 cuius
1266 5689 1360 5776 agris
1396 5689 1644 5758 monasterium
1672 5687 1942 5777 blyeohoviense

389 5802 483 5872 tollit
509 5802 685 5871 decimam.
712 5803 862 5874 Macella
888 5806 1069 5896 pistorum,
1097 5808 1276 5896 quodlibet
1295 5809 1399 5879 solut
1426 5831 1488 5898 per
1505 5816 1577 5879 tros
1594 5831 1746 5897 grossos,
1772 5809 1817 5879 ad
1836 5831 1942 5898 quae-

390 5922 476 5994 libet
503 5930 652 6013 quatuor
679 5932 846 6014 tempora
874 5924 1034 5996 Continet
1073 5948 1150 5997 eum
1190 5927 1496 6020 Zagorzicze,
1535 5930 1807 6018 Jahsziczo,
1843 5930 1945 6020 Sye

391 6041 569 6133 dlislra,
596 6045 759 6136 Wolpa
784 6044 1033 6136 Kalinska,
1060 6048 1298 6137 Zagorow,
1326 6050 1678 6136 Psatroszicze,
1706 6050 1944 6123 Comaron:

390 6161 562 6234 Donatum
581 6166 794 6236 monasterio
821 6187 884 6255 per
901 6166 923 6236 J
934 6168 1076 6237 aksza
1103 6169 1257 6240 militem.

494 6284 758 6375 Zsoonzrczn,
795 6286 876 6358 villa
903 6289 967 6358 sub
995 6290 1161 6377 parochia
1187 6291 1353 6360 ecclesiae
1380 6291 1423 6360 de
1450 6290 1684 6381 blyecbow
1719 6295 1806 6379 sita,
1845 6293 1944 6364 cuius

390 6405 585 6494 proprietas
620 6405 665 6475 ad
691 6408 940 6507 monasterinm
974 6408 1246 6500 Myechoviense
1282 6410 1443 6498 pertinet
1487 6411 1528 6482 In
1554 6434 1621 6502 qna
1649 6423 1742 6503 sunt,
1760 6415 1880 6486 decem
1906 6421 1944 6487 et
