4217 8059
269 1456 344 1548 'aer

269 1760 272 1767 ,
372 1680 653 1771 Wnuuszururu,
682 1681 763 1751 villa
790 1682 854 1751 sub
881 1681 1046 1770 parocbia
1073 1680 1117 1752 de
1137 1736 1143 1749 .
1216 1681 1292 1769 sita,
1320 1679 1416 1749 euius
1443 1678 1642 1769 proprietas
1658 1677 1826 1769 pertinet,

269 1804 513 1894 pertinereque
540 1801 644 1873 debet
671 1802 714 1872 ad
742 1787 990 1875 nonasterium
1018 1801 1261 1891 (leirziezeuae,
1290 1820 1379 1890 quae
1406 1800 1574 1873 haetenus
1601 1803 1823 1872 tenetur...

269 1923 308 1993 ln
337 1945 405 2012 qua
432 1929 513 1994 sunt
539 1923 629 1993 lanei
650 1977 657 1991 .
677 1978 683 1991 .
704 1978 736 1991 ..
765 1928 802 1993 et
829 1922 975 2012 quilibet
1001 1923 1107 1993 solvit
1125 1976 1131 1991 .
1151 1977 1158 1990 .
1178 1977 1184 1990 .
1203 1977 1229 2012 .,
1256 1923 1339 1992 item
1366 1943 1455 2011 ova,
1482 1923 1565 1991 item
1592 1919 1713 2010 gallos,
1739 1921 1823 2005 item

268 2063 407 2131 caseos3
433 2044 516 2113 item
544 2043 663 2131 labor,
691 2045 773 2113 item
795 2042 962 2136 poneba,
989 2042 1071 2114 item
1099 2064 1259 2137 oeezyep3
1285 2044 1368 2114 item
1396 2044 1560 2130 taberna,
1587 2041 1671 2112 item
1697 2039 1822 2111 hortu·

208 2234 217 2246 ,
267 2163 348 2251 lani,
375 2165 459 2235 iteru
486 2165 675 2255 praedium.
702 2165 789 2235 ltem
815 2185 935 2235 omnes
953 2165 1028 2254 egri
1047 2163 1151 2235 villae
1169 2164 1309 2234 solvunt
1327 2163 1495 2234 decimam
1508 2217 1514 2231 .
1527 2217 1533 2230 .
1545 2216 1552 2231 .
1566 2159 1725 2233 Continet
1744 2181 1821 2232 cunr

370 2405 670 2503 Wramneonrr,
698 2405 781 2476 villa
807 2407 871 2477 sub
898 2405 1065 2495 parocbia
1086 2404 1278 2476 ecelesiae.
1298 2459 1304 2473 .
1324 2459 1358 2474 ..
1386 2404 1472 2494 sita,
1500 2403 1597 2475 euius
1624 2402 1823 2492 proprietas

266 2525 312 2598 ad
338 2527 586 2607 monasterium
613 2526 849 2597 Ozirziezense
876 2524 1037 2617 pertinet,
1065 2527 1311 2616 pertinereque
1337 2525 1450 2614 debet,
1478 2511 1755 2595 serlabstraeta'¹
1769 2528 1826 2593 est

267 2653 303 2716 et
330 2647 482 2718 alienata
509 2668 530 2718 a
557 2649 767 2718 monasterio
795 2647 1033 2738 Ozirziezeusi,
1061 2654 1097 2719 et
1123 2652 1261 2719 tenetur
1288 2664 1379 2718 nune
1393 2660 1405 2714 ’.
1424 2699 1459 2716 ..
1485 2645 1526 2716 lu
1546 2664 1613 2735 qua
1632 2649 1713 2715 sunt
1730 2643 1824 2714 lanei

268 2768 514 2856 emethouales,
541 2774 578 2839 et
604 2769 708 2839 solvit
734 2769 905 2859 quilibet.
925 2825 932 2839 .
951 2824 978 2859 .,
1006 2770 1088 2839 item
1116 2789 1191 2859 ova,
1220 2771 1302 2838 item
1329 2762 1449 2857 gallos,
1472 2767 1556 2836 item
1576 2785 1714 2854 easeos;
1742 2766 1824 2835 item

235 2880 237 2883 ’
267 2888 376 2975 labor,
402 2888 485 2959 item
508 2887 666 2982 powubu,
693 2891 775 2959 item
803 2912 949 2985 oasnyep,
978 2891 1060 2961 item
1087 2890 1266 2979 tabernae,
1294 2890 1376 2960 item
1403 2866 1592 2977 hortulani,
1620 2887 1701 2958 item
1721 2905 1823 2976 prae-

267 3007 370 3097 dium,
397 3010 480 3079 item
509 3010 750 3082 ruolendinnm.
777 3011 864 3083 ltem
892 3033 1011 3082 omnes
1037 3012 1112 3101 agri
1141 3011 1243 3083 villae
1271 3011 1437 3081 decimam
1457 3064 1464 3077 .
1485 3065 1491 3078 .
1511 3064 1518 3076 .
1536 3006 1697 3079 Oonfiuat
1715 3061 1723 3076 .
1743 3026 1753 3076 .·
1770 3060 1804 3075 ..

370 3128 637 3218 OuuuoszovrA,
665 3132 747 3202 villa
774 3132 839 3203 sub
865 3133 1030 3222 parochia
1058 3133 1223 3203 ecelesiae
1243 3186 1250 3201 .
1270 3187 1276 3200 .
1296 3187 1302 3199 .
1322 3132 1400 3220 sita,
1428 3132 1525 3201 euius
1552 3129 1749 3219 proprietas
1776 3126 1822 3198 ab
1951 3222 1957 3229 ι

141 3306 143 3310 .
268 3251 516 3320 monasterium
557 3251 792 3322 (izirziezense
832 3253 1001 3341 pertinet,
1037 3254 1283 3343 pertinereque
1319 3252 1442 3339 debet;
1477 3251 1538 3321 sed
1575 3251 1753 3321 abstracta
1788 3253 1826 3318 et

268 3370 419 3441 alienata
446 3392 467 3440 a
494 3372 704 3441 monasterio
732 3370 969 3463 Ozirziezensi,
996 3380 1033 3443 et
1059 3379 1157 3446 tenet
1184 3395 1259 3444 eam
1287 3393 1377 3445 nune
1396 3428 1403 3442 .
1424 3428 1430 3441 .
1452 3427 1458 3441 .
1477 3373 1516 3442 ln
1544 3392 1615 3461 qua
1632 3375 1715 3442 aunt
1732 3369 1826 3440 lanei

267 3491 524 3597 emethonalqu
537 3499 573 3564 et
599 3492 703 3562 solvit
730 3491 899 3581 quilibet.
922 3547 929 3561 .
950 3547 974 3580 .,
1001 3494 1085 3563 item
1114 3513 1189 3582 ova,
1217 3494 1298 3563 item
1327 3492 1447 3583 gallor,
1466 3493 1549 3562 item
1569 3510 1709 3578 easeos;
1736 3489 1823 3559 item

217 3624 221 3632 ·
266 3609 374 3699 labor,
402 3612 483 3682 item
497 3601 653 3706 'pmoobe
681 3614 762 3682 item
791 3635 950 3707 osazyep;
977 3615 1060 3684 item
1087 3615 1264 3702 tabernae,
1291 3615 1376 3685 item
1403 3612 1590 3702 hortulani,
1618 3612 1701 3682 item
1719 3628 1823 3700 prae·

268 3730 373 3818 dium,
400 3731 481 3803 item
510 3733 762 3821 molendinum,
789 3735 872 3804 item
899 3754 1018 3805 omnes
1045 3735 1122 3824 agri
1150 3734 1252 3806 villae
1289 3735 1455 3805 decimam
1475 3789 1482 3802 .
1501 3786 1510 3802 .
1527 3786 1536 3802 .
1555 3787 1562 3802 .
1580 3730 1740 3804 Ooufiuat
1759 3785 1767 3799 .
1789 3785 1796 3798 .
1818 3785 1826 3799 .

369 3851 568 3941 Porsenae,
596 3853 678 3923 villa
704 3855 769 3925 sub
796 3855 961 3943 parocbia
987 3854 1154 3932 ecelesiae
1172 3908 1286 3924 .....
1314 3855 1399 3942 sita,
1427 3855 1524 3924 cuius
1552 3853 1750 3943 proprietas
1777 3849 1825 3921 ad

267 3972 515 4041 monasterium
551 3971 788 4045 Gzirziezenae
824 3974 998 4063 pertinet,
1034 3976 1279 4064 pertinereque
1313 3975 1438 4062 debet;
1478 3975 1538 4044 sed
1576 3974 1753 4045 abstracta
1787 3977 1828 4043 et

152 4077 154 4080 ’
270 4090 421 4167 alienata
447 4099 503 4161 est
529 4113 550 4161 a
577 4093 1040 4175 monasteriotlzirzioaensi
1069 4099 1104 4165 et
1130 4101 1227 4165 tenet
1253 4116 1327 4196 eant
1357 4116 1447 4166 nune
1466 4150 1472 4163 .
1492 4149 1498 4163 .
1518 4150 1552 4163 ..
1581 4094 1618 4164 ln
1647 4114 1716 4185 qua
1742 4099 1829 4166 aunt
1929 4094 1936 4101 '

267 4210 356 4282 lanei
385 4213 629 4302 ernetbonalea
656 4222 693 4286 et
719 4214 825 4315 soluit
851 4215 1050 4305 quilibet..
1070 4272 1095 4306 .,
1123 4218 1205 4286 item
1234 4237 1309 4300 ova,
1338 4217 1420 4287 item
1439 4216 1559 4305 gallon,
1577 4217 1662 4287 item
1681 4234 1825 4304 easeoa3

149 4355 151 4359 ·
229 4355 231 4362 ·
267 4331 350 4402 item
378 4332 486 4423 labor,
514 4335 596 4439 item
617 4334 776 4430 pmubu,
804 4337 887 4408 item
914 4358 1071 4432 oeazpep,
1098 4339 1182 4408 item
1208 4338 1387 4427 tabernae,
1414 4338 1496 4408 item
1525 4334 1712 4426 hortulani,
1738 4335 1827 4408 item

262 4448 452 4544 praedium,
479 4456 560 4526 item
589 4456 841 4546 molendinum
867 4457 951 4528 item
978 4477 1097 4529 omues
1125 4459 1200 4548 agri
1229 4458 1331 4530 villae
1350 4458 1516 4529 decimam
1536 4512 1703 4528 .......
1723 4456 1817 4527 Gon-
1921 4448 1924 4453 ’

268 4573 356 4645 linat
383 4594 459 4646 curn
480 4630 488 4644 .
506 4629 541 4645 ..

226 4721 230 4727 ·
369 4694 646 4784 Mrauzwrnez,
673 4696 756 4768 villa
782 4698 847 4769 sub
874 4700 1041 4789 parochia
1067 4700 1232 4771 eeclesiae
1260 4700 1303 4771 de
1322 4755 1328 4769 .
1349 4756 1355 4769 .
1375 4755 1382 4769 .
1401 4701 1477 4789 sita,
1506 4701 1604 4771 euius
1623 4701 1825 4790 proprietas

266 4815 310 4885 ad
337 4815 848 4893 monasterienssrirziezenae
875 4821 1037 4910 pertinet,
1062 4821 1306 4911 pertinereque
1333 4821 1456 4909 debet;
1483 4820 1544 4891 sed
1573 4823 1750 4892 abstracta
1767 4827 1826 4892 est

191 5035 196 5044 „
265 4941 301 5005 et
328 4934 481 5009 alienata
507 4958 528 5009 a
554 4940 765 5010 monasterio
792 4938 1029 5030 Czirziezensi,
1057 4946 1094 5012 et
1119 4948 1218 5013 tenet
1245 4962 1318 5012 eam
1347 4964 1437 5012 nune
1457 4997 1464 5010 .
1484 4997 1490 5010 .
1511 4996 1544 5010 ..
1576 4941 1615 5011 ln
1644 4961 1712 5031 qua
1740 4948 1825 5042 suut
1881 4944 1888 4953 '

265 5054 355 5125 lanei
383 5056 626 5148 emethonalea,
652 5065 689 5129 et
716 5059 862 5148 quilibet
889 5061 1020 5132 solvit.
1040 5116 1092 5152 ..,
1119 5063 1207 5135 itein
1230 5082 1305 5152 ova,
1334 5065 1414 5133 item
1442 5061 1563 5151 gallos,
1582 5063 1665 5143 item
1684 5081 1826 5149 easeoa3
1907 5152 1913 5164 1

265 5176 349 5245 item
376 5176 486 5266 labor,
514 5177 784 5272 temporinam,
811 5181 894 5251 item
922 5202 1078 5277 oaazyep,
1106 5185 1187 5254 item
1214 5183 1380 5272 taberne,
1407 5184 1490 5253 item
1517 5181 1711 5270 hortulani,
1738 5181 1824 5252 item
1889 5160 1896 5171 ’

162 5335 166 5341 -
264 5296 562 5385 praeliantem
589 5299 842 5390 molendinum
869 5302 952 5372 item
980 5323 1100 5375 omnes
1127 5305 1201 5394 agri
1231 5303 1334 5376 villae
1360 5303 1634 5375 deciman...
1658 5300 1824 5374 Confluat
1937 5384 1942 5394 ¹

265 5436 341 5487 eum
364 5474 370 5487 .
390 5474 423 5487 ..
1787 5432 1830 5445 ''

369 5538 548 5629 Pouoarn,
576 5541 659 5612 villa
685 5543 750 5613 sub
778 5543 944 5631 parocbia
970 5542 1136 5615 eeclesiae
1163 5544 1205 5615 de
1225 5599 1232 5614 .
1252 5600 1285 5614 ..
1314 5545 1400 5634 sita,
1427 5545 1534 5628 euius
1551 5543 1747 5637 proprietas
1778 5543 1825 5614 ad

118 5648 120 5653 ’
233 5756 236 5761 ,
263 5661 511 5731 monasterium
547 5661 782 5737 Ozirziezense
818 5666 988 5755 pertinet,
1029 5664 1273 5756 pertinereque
1310 5667 1433 5754 debet;
1470 5664 1531 5735 sed
1568 5664 1747 5749 abstracta
1787 5669 1827 5736 et
1859 5694 1865 5701 ·

82 5794 101 5853 .’;
149 5842 156 5855 ,
264 5778 415 5886 alienata
450 5789 504 5852 est
531 5802 552 5850 a
578 5786 790 5856 monasterio
817 5784 1064 5874 Ozirziezeusi,
1092 5791 1129 5856 et
1155 5790 1252 5857 tenet
1278 5807 1352 5857 earn
1381 5806 1471 5855 nune
1491 5841 1498 5854 .
1518 5839 1551 5853 ..
1579 5784 1619 5855 ln
1648 5803 1716 5874 qua
1742 5791 1826 5854 sunt

101 5914 133 5952 ι’
210 5982 220 5994 κ
263 5897 353 5970 laurei
382 5902 625 5990 ernetbonalea
653 5911 689 5974 et
716 5906 863 5994 quilibet
889 5905 1045 5975 solvit.
1067 5961 1092 5994 .,
1120 5907 1202 5976 item
1231 5928 1306 5996 ova,
1335 5908 1416 5976 item
1444 5906 1564 5995 gallos,
1584 5906 1667 5975 item
1685 5923 1823 5992 caseos;

262 6018 345 6089 item
372 6020 480 6108 labor,
508 6023 589 6094 item
613 6022 779 6116 ροιηιώα,
808 6026 889 6096 itern
918 6029 1074 6120 oae'zpep,
1103 6028 1185 6098 itern
1213 6029 1379 6115 taberna,
1406 6028 1488 6096 item
1518 6025 1706 6115 praedium,
1734 6026 1821 6094 item

262 6141 515 6229 molendinum
543 6144 623 6212 item
653 6164 772 6214 ornnes
799 6147 875 6236 agri
905 6148 1006 6218 villae
1035 6149 1202 6217 decimam
1232 6202 1239 6216 .
1267 6202 1274 6216 .
1303 6203 1310 6216 .
1337 6146 1577 6218 Coniurat...

290 6300 293 6308 ·
365 6262 615 6351 onscuowra,
642 6252 726 6336 villa
753 6269 818 6337 sub
844 6269 1009 6356 parocbia
1036 6269 1080 6339 de
1101 6324 1107 6336 .
1181 6269 1259 6356 sita,
1288 6269 1385 6339 euius
1412 6269 1612 6358 proprietas
1639 6266 1683 6337 ad
1701 6264 1826 6353 nonh-

261 6384 406 6452 sterium
433 6382 668 6456 Ozirziezense
695 6390 866 6477 pertinet,
893 6389 1136 6478 pertinereque
1164 6388 1287 6477 debet;
1314 6388 1376 6460 sed
1403 6391 1581 6460 abstracta
1607 6397 1644 6460 et
1671 6384 1830 6465 alitum
1902 6381 1908 6391 ⁴
