4217 8059
1745 1518 1818 1590 tta

292 1811 294 1815 Α
366 1723 657 1814 Caranon,'rilla
684 1725 748 1796 snb
774 1725 939 1815 parochia
967 1724 1009 1795 de
1038 1722 1296 1815 Wysaolrye
1324 1726 1400 1798 sila,
1428 1704 1533 1796 onius
1552 1724 1720 1796 haeredes
1750 1723 1816 1797 Pe-

263 1854 340 1918 trus
368 1846 493 1939 Dayk
521 1846 563 1918 de
591 1847 692 1918 domo
720 1836 922 1936 Ilolywa,
949 1853 986 1916 et
1015 1845 1224 1936 Zegoth'a
1251 1847 1373 1945 haeres
1392 1845 1457 1916 de.
1476 1902 1483 1916 .
1504 1900 1511 1916 .
1531 1901 1565 1916 ..
1592 1845 1631 1916 In
1651 1867 1719 1937 qua
1738 1854 1818 1918 sunt

241 1969 353 2038 'lanei
381 1968 631 2058 cmethonales,
668 1967 863 2058 dequibus
892 1968 1050 2039 omnihus
1079 1967 1227 2039 soliitnr
1254 1973 1290 2039 et
1318 1966 1521 2057 conducitur
1549 1967 1681 2039 decima
1711 1969 1819 2038 mani-

264 2089 394 2178 pularis
422 2097 457 2159 et
485 2080 659 2181 canapalis
686 2104 749 2180 pro
777 2089 986 2158 monasterio
1014 2087 1296 2176 Wanchoczensi,
1324 2094 1358 2158 et
1387 2087 1486 2159 valor
1512 2089 1587 2159 eius
1615 2089 1820 2160 aestimatur

265 2211 307 2280 ad
328 2264 574 2280 ..........
603 2229 735 2281 marcas
763 2209 850 2280 Item
878 2209 1042 2298 taberna,
1070 2210 1152 2280 item
1181 2209 1376 2298 hortulani,
1414 2209 1495 2280 item
1524 2209 1703 2300 praedium
1718 2210 1820 2280 'mili-

265 2337 341 2401 taro
369 2339 422 2403 est
450 2353 562 2420 unum,
590 2331 633 2403 de
661 2352 727 2421 quo
755 2331 902 2402 solvitur
928 2330 1063 2401 decima
1081 2331 1308 2421 manipularis
1335 2330 1501 2401 ecciesiae
1528 2331 1563 2400 in
1592 2329 1819 2420 Wiszohye.

262 2475 267 2483 “
346 2451 558 2542 ¹Onnusno,
586 2451 665 2523 villa
695 2452 759 2523 suh
778 2453 945 2542 parochia
972 2452 1015 2523 de
1042 2451 1261 2542 Kowalye
1288 2453 1366 2540 sita,
1394 2452 1491 2541 coins
1518 2452 1642 2524 haeres
1668 2450 1824 2522 ‚lacobus

266 2573 637 2665 Starosyedlslcy
665 2574 791 2645 nobilis
819 2573 861 2644 de
889 2573 990 2644 domo
1018 2572 1251 2645 Hahdanir.
1280 2572 1319 2643 ln
1348 2593 1415 2664 qua>
1442 2580 1524 2644 sunt
1550 2572 1640 2643 lanei
1668 2574 1819 2644 cmetho-
1900 2620 1902 2624 »
2018 2581 2021 2585 ·

264 2695 368 2784 nales,
396 2694 439 2765 de
467 2695 591 2785 quibus
619 2696 778 2767 omnibus
805 2694 953 2766 soluitur
979 2701 1015 2772 et
1041 2694 1247 2766 conducitur
1274 2694 1407 2765 decima
1436 2694 1676 2785 manipularis,
1703 2700 1739 2765 et
1757 2714 1821 2784 per

265 2822 415 2905 qnatnor
442 2817 581 2906 ierngas
609 2816 794 2906 canapalis,
835 2837 898 2906 pro
927 2816 1135 2887 monasterio
1164 2815 1445 2903 Wanchoczensi,
1474 2821 1510 2885 et
1538 2814 1635 2886 valor
1662 2815 1736 2886 eins
1763 2834 1820 2885 ae-

247 2937 428 3008 ·stimatnr
455 2938 498 3008 ad
519 2993 525 3008 .
546 2993 553 3006 .
572 2993 605 3007 ..
633 2937 719 3008 ltem
748 2943 801 3040 est
827 2937 874 3008 ibi
903 2958 992 3009 uuus
1019 2957 1170 3028 caluppa,
1198 2937 1256 3028 qni
1284 2936 1412 3007 dicitur
1439 2935 1750 3026 Zarnouislra,
1777 2937 1820 3008 de

265 3051 332 3147 q⁴ao
359 3059 506 3129 solvitur
533 3058 666 3129 decima
694 3058 919 3149 manipularis
947 3057 1111 3129 ecclesiae
1138 3056 1328 3147 parochiali
1357 3058 1391 3128 in
1420 3039 1707 3146 w'yrznroza
1730 3056 1818 3128 item

195 3191 198 3196 ’
265 3178 422 3289 ευηξρὴῂ
449 3186 596 3269 quatuor
623 3170 799 3269 tahelnae,
827 3179 995 3250 hahentes
1024 3200 1146 3271 agrum
1187 3179 1230 3250 de
1258 3179 1382 3270 qpibus
1409 3178 1558 3249 solvitur
1585 3177 1717 3249 decima
1745 3199 1817 3250 ma-

265 3256 433 3390 nffidffis
469 3300 679 3372 monasterio
716 3299 987 3373 Wanchoozensi
1016 3302 1057 3371 iu
1071 3287 1298 3395 'ponirhroona
1343 3299 1430 3370 Item
1458 3299 1695 3388 hortrrlaniae,
1734 3300 1818 3386 ilem

264 3420 442 3515 praedium
470 3422 620 3493 militare
648 3430 701 3494 est
730 3422 778 3492 ihi
806 3444 929 3510 unum,
957 3421 999 3492 de
1028 3442 1095 3513 quo
1123 3421 1272 3492 solvitur
1298 3421 1430 3498 decima
1456 3420 1685 3512 manipularis
1712 3417 1819 3492 eccle·
1859 3500 1862 3505 ,

265 3542 337 3613 siae
365 3543 554 3632 parochiali
586 3544 620 3614 in
648 3541 872 3635 Cowalye.
1051 3525 1058 3535 ⁴
1574 3616 1605 3639 ,r
1789 3553 1791 3562 ‘

371 3661 525 3754 Guzow,
567 3664 648 3735 villa
676 3665 745 3736 suh
767 3664 931 3755 parochia
969 3665 1012 3736 de
1040 3661 1251 3756 Oowalye
1286 3665 1374 3752 sita,
1415 3665 1511 3735 cuins
1539 3666 1663 3735 haeres
1691 3662 1818 3735 Petrus

266 3784 546 3875 Daphnobilis
574 3786 617 3858 de
644 3786 745 3858 domo
773 3785 968 3878 Dolywa.
994 3785 1034 3858 In
1054 3806 1122 3877 qna
1141 3785 1338 3857 suatlanei
1363 3786 1604 3875 omothonales,
1632 3784 1819 3875 dequibus

189 3956 191 3961 .
265 3905 424 3977 omnihus
451 3907 601 3978 solvitur
628 3914 663 3979 et
690 3906 895 3979 conducitur
922 3907 1054 3978 decima
1082 3906 1306 3998 manipularis
1334 3913 1369 3977 ct
1395 3907 1584 3998 canapalis,
1610 3927 1674 3996 pro
1701 3910 1819 3978 mana·

266 4028 372 4097 sterio
400 4026 679 4118 Wanchocaensi,
707 4035 743 4100 et
772 4029 868 4100 valor
895 4029 969 4100 eius
997 4029 1203 4126 aestimatur
1220 4027 1362 4099 adorto
1381 4028 1524 4118 marcas,
1552 4030 1635 4100 item
1661 4029 1819 4115 lahama,

266 4148 347 4218 item
376 4148 561 4219 hortrrlani.
590 4149 676 4221 ltem
704 4149 882 4239 praedium
912 4136 965 4220 est
994 4149 1041 4220 ihi
1069 4149 1205 4220 unicum
1234 4149 1396 4236 militare,
1425 4132 1475 4219 de‘
1495 4170 1563 4241 qno
1590 4149 1722 4221 decima
1747 4168 1820 4221 ma·

266 4268 435 4358 nipnlaris
462 4269 609 4341 solvitur
635 4290 699 4360 pro
727 4269 873 4341 ecclesia
900 4270 935 4340 in
963 4268 1196 4361 Kowalye.
1649 4262 1651 4266 ’

372 4387 663 4462 Gonanrowsnn
692 4390 849 4482 Wounn,
876 4389 960 4461 villa
978 4391 1042 4461 suh
1062 4391 1226 4481 parochia
1244 4390 1409 4461 ecelesiae
1427 4390 1470 4462 de
1497 4389 1624 4462 Nora
1650 4390 1818 4462 Radom

267 4509 344 4598 sita,
372 4512 467 4581 onius
494 4513 691 4602 proprietas
711 4518 746 4582 el.
765 4511 953 4583 dominium
982 4512 1026 4583 ad
1046 4512 1204 4583 consules
1223 4516 1259 4582 et
1277 4510 1441 4602 oppidum
1468 4509 1818 4583 Novae'Radom

266 4633 427 4721 pertinet.
454 4632 492 4703 In
523 4654 590 4723 qna
617 4639 698 4704 sunt
724 4632 814 4704 lanei
843 4633 1088 4724 emethonales,
1116 4632 1302 4724 dequibus
1326 4623 1485 4704 omnihas'
1511 4633 1660 4705 solvitur
1687 4632 1819 4706 decima

267 4754 490 4842 manipularis
526 4760 567 4825 et·
588 4752 784 4845 oanapaliS,
821 4760 857 4825 et
883 4755 1087 4827 conducitur
1122 4775 1187 4846 pro
1218 4754 1431 4826 monasterio
1458 4748 1748 4837 Wanchocaeusi,
1783 4761 1819 4826 et

266 4874 363 4944 valor
391 4875 465 4945 eius
492 4877 696 4955 aestimatur
732 4876 775 4946 ad
803 4876 925 4966 viginti
954 4881 1103 4967 quatuor
1130 4895 1273 4947 marcas.
1317 4870 1404 4971 ltem
1442 4896 1509 4946 non
1546 4883 1598 4947 est
1636 4877 1672 4947 in
1698 4876 1818 4947 eadem

266 4994 348 5064 villa
376 4995 553 5085 praedium
582 4996 730 5088 aliquod,
758 4997 1042 5098 itemnonsnnt
1069 4996 1355 5089 apamaenum
1384 5005 1451 5068 non
1480 5002 1561 5068 snut
1588 4997 1832 5086 hortulaniaa,

159 5129 166 5136 ·
264 5115 349 5186 item
378 5139 446 5187 non
475 5124 527 5188 est
555 5116 797 5190 molendinum.

276 5220 280 5225 ’
370 5237 715 5329 Maonoozrn,·villa
736 5221 805 5310 'suh
832 5239 998 5331 parochia
1025 5237 1069 5312 de
1095 5238 1313 5332 Kowalye
1340 5238 1418 5329 sita,
1437 5239 1542 5310 “cuins
1568 5239 1691 5312 haeres
1714 5238 1818 5310 Nico-

267 5355 342 5427 laus
369 5358 454 5427 alias
482 5358 583 5431 Nike}
612 5360 916 5452 Mlodocasky
950 5361 993 5433 de
1020 5362 1127 5434 armis
1155 5349 1440 5452 ¹Poluhozya.
1483 5359 1523 5431 ln
1552 5359 1620 5452 qna
1647 5368 1728 5433 sunt
1756 5383 1816 5433 sex

267 5477 357 5547 lanei
388 5480 629 5570 emethonales,
656 5482 691 5553 ot
719 5482 762 5553 de
790 5478 947 5554 omnihus
972 5482 1120 5555 solvitur
1147 5488 1182 5554 et
1210 5481 1413 5555 conducitur
1440 5482 1572 5554 decima
1595 5482 1818 5572 manipularis

268 5603 304 5667 et
331 5599 516 5689 canapaliS,
544 5621 607 5691 pro
635 5602 844 5674 monasterio
867 5594 1149 5704 Wanchoczensi,
1176 5609 1212 5674 et
1237 5601 1336 5676 valor
1363 5603 1437 5674 eius
1464 5601 1669 5675 aestimatur
1696 5596 1739 5673 ad
1758 5623 1796 5672 se

267 5740 410 5789 marcas.
438 5720 523 5791 ltem
552 5730 634 5794 suut
660 5723 709 5794 ihi
738 5725 888 5814 quinque
915 5725 1091 5797 tabernac.
1118 5724 1206 5797 ltem
1231 5728 1380 5816 quatuor
1406 5718 1634 5813 hortulaniae,
1660 5723 1720 5793 sed
1748 5743 1817 5801 non

266 5840 395 5911 hahent
422 5862 534 5931 agros.
579 5843 667 5916 Item
696 5850 776 5915 snm
803 5844 873 5916 tria
892 5845 1041 5935 praedia
1069 5845 1252 5936 militaria,
1294 5844 1337 5915 de
1364 5864 1509 5935 qnorum
1537 5844 1631 5935 agris
1658 5844 1817 5923 omuibus

268 5961 416 6033 solvitur
444 5960 576 6064 decima
603 5962 828 6057 manipularis
855 5965 1020 6037 ecclesiae
1046 5965 1236 6057 parochiali
1264 5967 1298 6039 in
1326 5963 1555 6056 Komaipe.

292 6065 295 6069 ’
373 6082 565 6174 Turonum,
591 6083 674 6157 ailla
697 6087 764 6158 ¹snb
793 6087 957 6176 parochia
984 6087 1027 6159 de
1054 6085 1404 6159 Wanchuczsko
1431 6087 1508 6176 sita,
1537 6085 1633 6157 cuius
1660 6086 1819 6176 proprie-

266 6208 321 6272 tas
348 6210 383 6275 et
410 6203 598 6276 dominium
626 6204 669 6276 ad
698 6208 894 6298 episcopum
923 6205 1185 6279 cracoviensem
1213 6209 1374 6298 pertinet.
1401 6206 1441 6278 Iu
1465 6227 1533 6297 qua
1551 6212 1633 6278 sunt
1659 6206 1818 6278 undecim

266 6324 357 6396 lanei
386 6325 637 6414 emethoaales,
672 6326 716 6397 de
744 6327 868 6418 quihus
895 6328 1053 6399 omnibns
1081 6328 1230 6400 solvitur
1256 6333 1292 6398 et
1318 6327 1522 6399 conducitur
1550 6327 1682 6399 decima
1706 6329 1819 6400 mani·

266 6444 397 6537 pularis
425 6455 460 6518 et
488 6445 664 6539 canapalia
691 6466 755 6537 pro
782 6441 993 6523 munasterio
1019 6446 1301 6538 Wauchoczeuai,
1328 6453 1366 6521 et
1390 6448 1491 6520 valor
1516 6448 1590 6520 eiua
1613 6449 1819 6523 aestimatur

551 6744 617 6896 gli:
