4217 8059
1774 1488 1823 1561 aa

269 1689 436 1757 tmentur
461 1684 514 1756 ire
533 1705 653 1757 omnes
667 1692 816 1777 quatuor
841 1687 1028 1777 hortulani,
1055 1693 1197 1779 practer
1224 1689 1325 1761 diem.
1350 1688 1439 1763 Item
1467 1698 1547 1781 post
1572 1711 1692 1765 omnes
1717 1713 1820 1782 agros

272 1805 387 1897 udlaa,
412 1812 485 1877 tam
512 1806 557 1877 ad
584 1807 768 1896 plebanum
796 1805 957 1880 Omnium
988 1808 1211 1899 Sanctorum,
1240 1831 1342 1900 quam
1369 1813 1616 1883 monasterIum
1643 1812 1822 1904 Zwyerzy-

275 1942 384 1999 omae
402 1930 440 1996 ot
455 1925 624 1999 Iacobum
643 1927 686 1999 de
704 1927 793 2000 Gon
803 1928 1057 2021 ycczpolye
1083 1931 1308 2020 pertinentes,
1320 1931 1365 2002 de
1381 1932 1543 2020 praediis,
1562 1932 1726 2022 tabernis,
1742 1934 1823 2006 hor-

268 2044 424 2135 tulanila,
450 2037 599 2119 solvitur
625 2054 661 2120 et
687 2049 893 2143 conducitur
909 2050 1042 2122 decima
1069 2050 1298 2141 manipularis
1320 2057 1358 2120 et
1383 2051 1557 2141 canapalis
1584 2073 1648 2141 pro
1675 2053 1821 2141 plebano

269 2158 433 2243 Omnium
459 2165 672 2257 Sanctorum,
699 2175 736 2241 et
760 2169 929 2259 plebanus
956 2170 999 2241 de
1018 2170 1169 2260 praedio
1196 2171 1363 2242 decimam
1390 2190 1454 2261 pro
1481 2191 1519 2242 se
1544 2171 1647 2261 tollit,
1669 2178 1706 2243 et
1723 2173 1821 2244 valor

270 2286 347 2358 mus
383 2288 427 2359 ad
460 2288 658 2378 quindecim
693 2310 837 2361 marcas
877 2290 965 2362 Item
1000 2291 1169 2362 medietas
1204 2290 1307 2362 villae
1334 2292 1487 2380 pertInet
1512 2293 1557 2363 ad
1582 2291 1750 2365 Iacobum
1777 2292 1820 2364 de

270 2406 634 2500 Gonyeozpolye,
662 2411 721 2500 qui
748 2410 855 2482 babet
881 2411 930 2482 ibi
949 2466 956 2481 .
975 2435 1108 2499 .....;
1134 2411 1216 2483 item
1243 2432 1332 2483 unns
1359 2412 1479 2483 laneus
1506 2413 1551 2483 ad
1577 2412 1818 2485 clericaturam

269 2523 389 2597 Sancti
415 2525 617 2617 Michaelis,
643 2530 702 2619 qui
728 2529 834 2601 solvit
860 2528 947 2601 duas
972 2551 1107 2602 marcas
1134 2552 1198 2621 pro
1224 2550 1348 2619 censu,
1375 2536 1411 2602 et
1436 2530 1820 2620 decimammanipula-

268 2667 344 2717 rem
370 2647 476 2719 etiam
507 2648 632 2721 clerico
667 2649 789 2739 solvit,
817 2651 946 2723 valoris
973 2652 1075 2722 unius
1102 2671 1248 2732 marcae.
1288 2649 1448 2723 Confluat
1483 2672 1559 2723 cum
1585 2651 1820 2744 Znycrzy-

268 2787 410 2858 nyccz
437 2773 473 2839 et
498 2768 738 2861 Byelyani

281 2942 283 2947 -
334 2952 342 2961 .
376 2887 566 2979 Bracara,
593 2890 677 2961 villa
694 2891 758 2962 sub
777 2891 941 2981 parocbia
964 2892 1129 2963 ecclesiae
1155 2892 1198 2964 de
1225 2891 1591 2983 Zwyerzynyecz
1617 2893 1694 2982 sita,
1721 2893 1818 2964 ouius

265 3008 468 3098 proprietas
493 3009 538 3081 ad
564 3012 810 3083 monasterinm
828 3011 1101 3102 Zwyerzynense
1125 3020 1291 3103 quantum
1309 3014 1354 3084 ad
1373 3034 1479 3084 unum
1505 3013 1642 3085 laneum
1661 3019 1698 3084 et
1717 3034 1819 3084 unam

265 3128 512 3219 hortulanlam,
538 3137 706 3220 qnantum
724 3151 806 3202 vero
825 3132 870 3202 ad
888 3131 1007 3203 lancos
1034 3132 1278 3222 cmetbonales,
1304 3133 1495 3222 tabernam,
1521 3131 1711 3223 praedium,
1736 3132 1818 3203 bor-

267 3230 608 3342 tnlaniasquinque,
636 3252 880 3341 molendinum,
906 3252 950 3323 ad
978 3251 1159 3323 Nicolaum
1186 3252 1500 3342 Zarogowsky
1531 3252 1704 3323 consulem
1733 3250 1817 3323 Gra-

268 3369 473 3456 centensem,
499 3371 650 3443 nobilem
668 3371 712 3442 dc
730 3372 831 3443 domo
859 3370 971 3443 Osto
980 3393 1035 3462 ya
1062 3372 1222 3461 pertinet
1249 3371 1289 3442 In
1307 3392 1376 3461 qua
1393 3377 1475 3442 sunt
1491 3370 1559 3443 duo
1578 3371 1817 3443 tantummodo

220 3500 222 3505 ’
268 3490 480 3562 monasterii.
497 3490 590 3563 lanei
616 3491 861 3581 cmetbonalcs,
887 3496 922 3562 et
949 3492 1097 3581 quilibet
1123 3492 1228 3563 solvit
1253 3511 1357 3563 unam
1383 3511 1608 3580 sexagenam3
1643 3491 1727 3561 item
1754 3512 1820 3563 ova

268 3609 434 3704 triginta,
458 3610 541 3682 item
567 3612 680 3702 gallos
707 3612 812 3703 dnos,
847 3613 928 3684 item
956 3633 1075 3684 caseos
1102 3611 1207 3701 duos,
1243 3612 1326 3683 item
1352 3611 1514 3683 laborant
1540 3611 1688 3701 quilibet
1713 3631 1818 3681 unum

270 3727 361 3799 diem
389 3730 425 3801 in
452 3733 655 3823 septimana,
681 3733 824 3823 proprio
843 3753 947 3805 curru
965 3737 1026 3805 aut
1043 3739 1174 3821 aratro;
1200 3733 1283 3803 item
1304 3729 1488 3826 mwaboar
1514 3737 1696 3821 utramque
1723 3730 1819 3802 labo-

249 3856 361 3921 ·rant
387 3848 476 3923 Item
498 3873 618 3948 oaayep
641 3853 749 3931 solvit
774 3853 929 3944 quilibet
963 3854 1050 3925 Item
1078 3854 1225 3925 taberna
1250 3872 1319 3924 una
1346 3853 1477 3924 babens
1504 3872 1617 3942 agros,
1643 3850 1687 3923 ad
1715 3851 1818 3921 Nico-

268 3967 362 4041 laum
389 3970 701 4065 Zagoronslry
728 3975 915 4064 pertinens,
942 3993 1029 4064 quac
1055 3973 1160 4044 solvit
1185 3979 1318 4064 septem
1345 3971 1509 4043 fertones.
1544 3971 1634 4044 ltem
1662 3970 1818 4042 hortula-

268 4088 346 4161 niae
374 4091 525 4182 quinque
551 4093 720 4165 habentes
755 4114 859 4185 agros
885 4094 1101 4183 pertinentes
1126 4095 1171 4165 ad
1197 4093 1379 4164 Nicolaum
1414 4092 1750 4184 Zarogowsky,
1784 4096 1820 4159 et

269 4210 409 4283 solvunt
434 4213 581 4284 mediam
609 4234 769 4284 marcam.
813 4214 901 4284 Item
929 4214 1160 4285 molendinum
1189 4234 1294 4285 unum
1321 4211 1457 4284 Nicolai
1496 4210 1820 4302 Zarogowslry·

269 4330 355 4403 Item
384 4334 563 4422 praedium
591 4342 646 4405 est
672 4335 840 4425 optimum
867 4335 915 4406 ibi
942 4353 1020 4406 cum
1047 4335 1158 4425 pratis
1185 4333 1301 4404 multis
1328 4332 1463 4404 Nicolai
1489 4332 1819 4422 Zarogowslry,
1928 4328 1933 4337 '

269 4450 312 4523 de
339 4472 408 4543 quc
434 4453 626 4527 decimator
652 4455 818 4527 ecclcsiae
845 4453 1005 4526 Omnium
1025 4454 1239 4526 Sanctorum.
1265 4453 1352 4524 item
1371 4459 1450 4543 post
1469 4473 1588 4525 omnes
1605 4472 1708 4542 agros
1727 4472 1816 4522 cme-

269 4573 438 4664 tbonales,
464 4575 668 4666 praediales,
693 4576 918 4647 tabernarum
945 4580 983 4646 et
1008 4573 1284 4646 hortulaniarnm
1319 4573 1510 4663 praepositi
1536 4572 1818 4663 Zwyerzynensis

269 4693 419 4766 solvitur
443 4702 481 4767 et
507 4695 710 4769 conducitur
736 4696 870 4767 decima
895 4694 1121 4785 manipularis
1139 4699 1175 4764 et
1193 4693 1368 4783 canapalis
1390 4713 1460 4783 ,pro
1477 4691 1637 4782 plebania
1655 4689 1814 4791 Omnium

268 4812 474 4886 Sanctorum
502 4817 613 4905 partis
639 4817 784 4907 ligneae,
811 4817 908 4888 cuins
935 4814 1033 4887 valor
1060 4816 1105 4886 ad
1131 4814 1310 4885 duodecim
1329 4833 1463 4883 marcas
1489 4812 1702 4884 aestimatur.
1729 4811 1817 4881 Item

271 4935 471 5007 bortulania
490 4957 560 5007 una
572 4937 785 5024 monasterii,
800 4936 1002 5026 quaesolyit
1015 4935 1162 5008 mediam
1182 4955 1343 5005 marcam.
1358 4918 1518 5005 Continet
1531 4953 1607 5005 cum
1621 4930 1716 5003 Szm
1726 4952 1820 5021 per·
1867 4919 1870 4925 ’

269 5053 455 5146 dzacza,
500 5056 834 5147 Przegorzyal,
880 5054 1032 5127 Obelm
1077 5063 1113 5128 et
1148 5054 1395 5127 (lhelmska
1438 5052 1616 5144 Wolya,
1661 5058 1698 5129 et
1738 5058 1819 5123 sunt

257 5175 361 5253 ,iuter
397 5175 497 5248 villas
524 5177 628 5267 ipsas
663 5177 794 5268 scopuli
820 5183 856 5248 et
881 5178 981 5268 signa
1016 5197 1080 5267 pro
1107 5177 1275 5247 limitibus
1305 5175 1492 5265 perpetuis.
1537 5172 1623 5244 Item
1652 5172 1816 5243 Nicolaua

269 5293 582 5390 Zarogowsly
618 5297 723 5370 babet
749 5298 801 5370 ibi
814 5298 1003 5392 praedIum
1030 5297 1217 5387 optimum,
1252 5296 1339 5367 duos
1365 5295 1485 5367 laneos
1513 5293 1753 5381 cmetbonales,
1781 5298 1818 5361 et

270 5417 417 5507 quilibet
441 5403 550 5490 solvit
574 5438 677 5490 unam
705 5439 910 5509 sexagenam
938 5425 974 5491 et
1000 5439 1105 5489 unum
1132 5417 1224 5489 diem
1250 5418 1287 5488 in
1314 5417 1508 5507 septimana
1545 5413 1688 5505 proprio
1714 5433 1819 5484 curru

274 5543 333 5607 ant
359 5544 478 5609 aratro
504 5538 650 5612 laborat.
689 5561 693 5567 ·
726 5569 735 5584 ·

372 5656 690 5750 Czarnnowrczn,
715 5659 798 5731 villa
823 5659 888 5729 sub
914 5657 1080 5748 parochia
1105 5658 1149 5730 de
1176 5656 1582 5747 Orzycsazowicze
1608 5654 1694 5744 sita,
1722 5653 1817 5724 cuins

245 5778 465 5868 snroprieos
491 5778 536 5850 ad
562 5779 809 5851 monasterium
835 5778 1109 5870 Zwyerzynense
1136 5779 1296 5868 pertinet
1322 5777 1362 5849 In
1382 5798 1450 5867 qua
1468 5783 1549 5848 sunt
1576 5782 1709 5866 septem
1727 5774 1818 5844 lanei
1900 5858 1904 5865 .

271 5898 502 5989 cmetbonum,
528 5906 565 5971 et
590 5899 736 5990 quilibet
761 5898 867 5970 solvit
893 5919 996 5970 unam
1016 5920 1177 5989 marcam,
1204 5905 1282 5970 octo
1305 5919 1455 5989 grossos
1483 5900 1564 5969 item
1583 5917 1650 5969 ova
1666 5894 1819 5985 triginta,

270 6017 350 6090 item
377 6019 490 6109 gallos
515 6020 613 6109 dnos,
640 6021 722 6091 item
750 6039 869 6091 caseos
887 6019 983 6108 duos,
1010 6021 1094 6090 item
1112 6021 1274 6092 laborant
1298 6017 1465 6114 iutrsyoy,
1492 6017 1632 6106 arando,
1660 6015 1818 6104 serendo,

269 6139 437 6211 metendo.
457 6139 550 6213 Item
570 6138 755 6235 ponebam
780 6140 942 6212 laborant
968 6146 1150 6230 utramque
1176 6161 1344 6229 provere
1371 6144 1408 6213 et
1434 6139 1566 6228 hyeme.
1592 6136 1816 6233 Itemosayep

269 6279 334 6331 non
364 6259 514 6333 solvunt.
540 6261 628 6333 Item
654 6262 803 6333 taberna
829 6282 897 6331 una
919 6260 1121 6331 monasterii
1149 6260 1280 6331 habens
1298 6280 1411 6349 agros,
1439 6262 1475 6328 et
1501 6258 1605 6329 solvit
1630 6279 1695 6348 pro
1714 6279 1817 6329 censu

271 6382 341 6451 tres
367 6378 532 6453 fertones
557 6382 647 6455 Item
673 6381 892 6454 hortulaniae
919 6380 1122 6452 monasterii
1140 6400 1208 6450 non
1228 6378 1432 6459 suntltem
1460 6377 1694 6463 molendinum
1711 6361 1816 6450 unum
