4217 8059
307 1479 381 1551 232

266 1628 511 1777 4Ηαιιίιμι,
538 1684 582 1757 de
608 1684 748 1755 noviter·
767 1685 950 1774 extirpatis
977 1685 1225 1758 monasterium
1259 1706 1324 1776 pro
1352 1706 1389 1756 se
1415 1686 1518 1757 tollit.
1557 1685 1646 1758 Item
1672 1707 1744 1758 non
1770 1693 1852 1758 sunt

304 1805 355 1879 ibi
379 1804 557 1905 tebergae,
582 1803 666 1875 item
693 1825 762 1875 non
789 1809 872 1875 sunt
897 1805 1127 1894 hortulaniue3
1154 1805 1237 1879 item
1264 1807 1341 1896 agri
1362 1805 1605 1897 crrietbonslcs,
1631 1806 1851 1897 quandoper

149 1980 155 1997 .
304 1924 752 2021 anethum-colebantur,
787 1924 968 1996 solvebant
994 1931 1030 2002 et
1055 1925 1310 2014 conducebant,
1335 1931 1372 1996 et
1387 1946 1488 2023 ‘nnnc
1513 1926 1549 1997 in
1575 1926 1770 2015 praediales
1796 1947 1851 1998 re-

304 2044 417 2133 ducti,
452 2042 592 2118 solvunt
626 2043 793 2140 decimam
819 2045 1070 2136 manipularem
1097 2052 1135 2117 et
1160 2046 1361 2135 canapalern
1396 2046 1562 2117 ecclesiae
1594 2047 1788 2136 parochiali
1813 2048 1850 2119 in

224 2162 549 2317 *·Baluthow
585 2171 622 2236 et
648 2151 732 2236 eins
750 2166 915 2255 plebano,
942 2171 979 2238 et
1004 2166 1103 2238 valor
1129 2167 1204 2236 eius
1231 2167 1434 2237 aestimatur
1460 2166 1505 2237 ad
1531 2166 1680 2239 sedecim
1707 2188 1851 2252 mames

90 2254 211 2383 ..μ
247 2278 254 2297 ’“
274 2300 282 2354 .·
299 2284 390 2357 ltem
417 2290 499 2358 sunt
524 2285 574 2356 ibi
600 2284 690 2356 dnae
716 2285 868 2375 piscinae
894 2305 1033 2375 parvae.
1059 2285 1236 2376 Propilla
1261 2285 1454 2376 lagnyn·
1470 2306 1561 2358 anno
1578 2286 1719 2363 Domini
1742 2288 1851 2359 1442.
1890 2355 1893 2360 .

132 2408 178 2429 ·''
304 2425 366 2494 per
392 2405 638 2478 Matthiam
664 2408 824 2478 abbatam
851 2428 928 2478 cum
953 2406 1233 2498 Zirinczsky
1259 2407 1419 2478 cambita
1447 2405 1606 2478 &uiuat
1631 2427 1708 2478 com
1734 2407 1852 2480 Zuc-

306 2526 401 2618 lpa,
427 2523 652 2616 Garbacz,
678 2525 875 2616 Yeszow‚
903 2526 1204 2617 Nagaraieze.

361 2670 363 2675 ·
406 2646 636 2737 lunewiczn,
662 2647 746 2718 villa
771 2648 835 2719 sub
863 2648 1028 2737 parochia
1052 2647 1221 2719 ecelesiae
1247 2647 1290 2718 de
1316 2646 1505 2739 Manius
1530 2647 1607 2737 sita,
1646 2648 1745 2723 cuius
1770 2669 1852 2738 pro-

304 2767 436 2857 prietas
463 2767 508 2839 ad
533 2768 781 2840 monasterinm
808 2767 957 2839 Sanctae
983 2766 1104 2841 Crucis
1134 2766 1267 2840 calvi
1302 2766 1476 2840 Montis
1510 2768 1671 2858 pertinet
1714 2769 1853 2859 Inque

304 2893 386 2960 sunt
412 2909 534 2959 novem
561 2887 653 2961 lanei
679 2888 934 2978 amathonales,
969 2893 1006 2960 et
1032 2887 1178 2980 quilibet
1204 2888 1310 2960 solvit
1336 2908 1400 2978 pro
1427 2908 1533 2970 censu
1559 2906 1662 2960 unam
1687 2910 1851 2979 marcam,

304 3009 388 3081 item
415 3008 561 3099 triginta
587 3029 663 3099 ova,
689 3009 771 3080 item
798 3008 886 3083 duos
911 3008 1033 3100 gallos,
1057 3008 1142 3084 item
1159 3028 1288 3097 caseos,
1309 3009 1400 3095 ¹item
1418 3009 1565 3098 quilibet
1591 2995 1728 3082 laborat
1746 3031 1852 3082 unum

304 3129 396 3201 diem
421 3129 462 3200 in
485 3129 680 3220 septimana
704 3130 846 3220 proprio
872 3150 977 3201 cumn
1003 3134 1065 3202 aut
1090 3136 1221 3219 aratr03
1247 3129 1502 3204 itemtabcrna
1527 3136 1582 3201 est
1608 3130 1658 3203 ibi
1677 3131 1763 3220 'nna
1783 3131 1852 3203 ·bu-

303 3249 389 3321 bens
415 3270 529 3340 agros,
555 3255 593 3322 et
619 3250 724 3322 solvit
750 3255 899 3340 quatuor
918 3272 996 3323 cum
1014 3250 1128 3322 media
1145 3269 1291 3339 marcae,
1317 3250 1401 3321 item
1426 3250 1647 3322 hortulaniae
1673 3272 1742 3322 non
1760 3257 1854 3339 sunt,
1907 3256 1910 3261 ⁴

222 3409 229 3424 ·
304 3390 373 3443 non
399 3375 454 3441 est
479 3370 667 3460 praedium.
702 3369 791 3441 ltem
818 3370 862 3441 de
888 3371 1047 3443 omnibus
1070 3370 1169 3461 agris
1195 3368 1299 3441 villae
1325 3369 1473 3442 solvitur
1498 3375 1536 3441 et
1562 3369 1773 3442 conducitur·
1791 3370 1853 3443 ds·

304 3489 393 3561 uma
427 3490 654 3580 manipularis
679 3495 717 3563 et
742 3491 929 3580 canapalis·
944 3492 980 3562 in
1007 3490 1094 3563 duaa
1119 3496 1258 3581 partes,
1292 3482 1367 3561 una
1397 3489 1565 3561 medietas
1603 3490 1748 3572 soluitur
1787 3511 1852 3580 pao

304 3609 451 3681 ecclesia
476 3611 514 3681 in
540 3600 746 3803 Metapa,
773 3610 884 3682 altera
909 3630 973 3699 pro
1000 3608 1208 3683 ecclesia'in
1236 3610 1490 3681 Baluthow.
1514 3608 1645 3700 Empta
1667 3631 1730 3701 per
1746 3608 1851 3683 Nico·

304 3728 398 3801 laum
424 3720 648 3802 Droszde¹
685 3726 972 3807 'abbatem1430
999 3750 1021 3802 a
1046 3731 1156 3803 nobili
1181 3730 1420 3802 Perkosch
1446 3729 1491 3803 de
1516 3729 1780 3803 Zorewicae
1805 3730 1851 3803 de

239 3870 242 3877 ·
306 3847 708 3955 ιῐωῌιοᾱιαωῦι
734 3849 893 3924 Confinau
919 3872 996 3925 cnm
1022 3849 1227 3942 Zwolya,
1252 3850 1646 3941 Nyewszkurzow.
1798 3900 1808 3909 -

395 3969 687 4071 ernanowsnn
713 3969 879 4060 Wonns,
915 3971 997 4042 villa
1022 3971 1088 4043 sub
1114 3971 1281 4060 parochia
1306 3970 1474 4043 ecclesiae
1499 3969 1544 4043 de
1570 3969 1696 4043 Nova
1722 3970 1853 4062 Slup,

307 4091 407 4175 enini
430 4091 628 4181 proprietas
654 4091 699 4163 ad
725 4092 974 4165 monasterium
1000 4091 1147 4164 Sanctae
1174 4091 1295 4163 Crucis
1320 4092 1482 4182 pertinet
1522 4091 1564 4163 ln
1589 4112 1660 4181 qua
1683 4097 1766 4163 sunt
1791 4112 1855 4164 no·

306 4211 500 4285 vemfflauei
527 4211 779 4302 emethonaleS‚
806 4216 843 4283 et
870 4190 1016 4303 quilibet
1042 4212 1147 4284 solvit
1182 4211 1225 4282 de
1253 4211 1352 4282 laneo
1380 4231 1485 4281 unum
1511 4210 1701 4301 fertonem,
1729 4217 1766 4283 et
1790 4232 1855 4302 pro

217 4431 219 4435 Ι
299 4327 471 4425 pcrudlue
496 4338 646 4422 quatuor
680 4352 839 4423 grossos,
874 4332 957 4404 item
984 4330 1131 4421 quilibet
1166 4331 1304 4404 laborat
1339 4350 1446 4409 unum
1471 4330 1563 4405 diem
1597 4331 1634 4402 in
1660 4331 1854 4421 septimana

306 4453 448 4561 proprio
475 4472 581 4525 curru
607 4458 672 4529 aut·
695 4459 825 4542 orabo,
851 4452 934 4524 item
961 4472 1028 4525 ova
1053 4451 1218 4542 triginta,
1243 4452 1328 4523 item
1353 4451 1465 4541 gallos
1491 4449 1588 4540 duos,
1616 4451 1699 4523 item
1725 4472 1855 4543 meaos,

306 4556 388 4646 itm
405 4566 581 4647 'tabernae
608 4574 696 4646 duae
724 4574 892 4647 babentes
919 4594 1032 4664 agros,
1059 4578 1096 4645 et
1117 4572 1226 4645 'solvit
1251 4592 1486 4665 unamarcam
1513 4592 1627 4661 unam,
1652 4572 1765 4644 altera
1776 4577 1855 4645 tres

305 4694 469 4783 brunes,
494 4695 579 4767 item
605 4694 833 4783 hortulaniae,
859 4695 943 4766 item
962 4693 1142 4783 praedium
1159 4714 1230 4765 non
1247 4698 1303 4765 est
1319 4692 1368 4764 ibi
1395 4692 1603 4770 coenobiale.
1630 4692 1718 4763 Item
1736 4714 1855 4765 omnes

307 4815 382 4905 agri
418 4815 521 4886 villae
557 4813 696 4887 solvunt
722 4821 759 4886 et
785 4813 980 4887 conducunt
1014 4813 1181 4887 dammam
1216 4813 1466 4903 manipularem
1501 4819 1538 4884 et
1564 4813 1764 4903 canapalsm
1790 4834 1855 4903 pro

306 4936 516 5007 monasterio
543 4934 576 5006 S.
603 4934 742 5024 Officia,
777 4942 815 5007 et
842 4935 940 5006 valor
975 4934 1049 5007 eius
1082 4912 1287 5006 aestimatur
1321 4933 1367 5006 ad
1394 4934 1545 5024 quinque
1581 4953 1724 5006 marcas.
1767 4933 1855 5007 ltenr

182 5054 184 5059 ’
306 5054 539 5127 molendinum
574 5076 644 5127 non
669 5060 732 5127 est
775 5055 865 5127 Item
892 5055 1038 5146 quilibet
1064 5054 1108 5127 de
1133 5054 1234 5127 laneo
1271 5054 1376 5126 solvit
1410 5074 1474 5143 pro
1502 5054 1711 5125 monasterio
1748 5075 1853 5126 nnarn

307 5174 453 5265 siliginis
480 5182 516 5247 et
542 5175 629 5248 duas
655 5195 786 5248 avenae
812 5195 993 5261 mensuras
1019 5174 1202 5248 confertas.
1229 5175 1319 5247 Item
1340 5194 1460 5246 omnes
1485 5174 1647 5247 laborant
1672 5180 1855 5265 utramque

299 5293 484 5389 mudum
501 5316 566 5385 pro
592 5316 674 5367 vere
692 5301 728 5368 et
744 5296 876 5387 hyetne.
902 5296 991 5368 Item
1017 5295 1086 5389 fuit
1111 5296 1147 5368 in
1174 5296 1295 5368 eadem
1320 5294 1403 5367 uilla
1429 5294 1602 5386 scultetis,
1629 5293 1692 5367 sed
1720 5295 1856 5368 moder-

306 5436 372 5487 nus
398 5415 507 5488 abbas
533 5415 735 5489 Michael
761 5437 837 5489 eam
863 5416 948 5488 emit
974 5422 1011 5488 et
1036 5436 1141 5507 agros
1167 5415 1407 5490 emethonibus
1432 5414 1584 5486 locavit.
1598 5412 1759 5487 Senmet
1777 5437 1855 5489 conr

306 5533 434 5625 Slup,
461 5512 807 5630 Bodlyeiszany,
833 5536 1360 5630 Pyrkow,.Pyrkowska
1386 5535 1561 5627 welpo,
1587 5535 1761 5625 Lagow.

328 5716 332 5723 .
411 5655 667 5747 Baszowrcza,
693 5657 777 5729 villa
794 5659 859 5730 snb
882 5657 1047 5747 parochia
1073 5656 1116 5728 de
1143 5656 1270 5728 Nova
1295 5656 1405 5746 Slup
1431 5656 1518 5746 sita,
1545 5650 1857 5747 cuins'proprietas

306 5775 351 5846 ad
368 5779 615 5849 monasterinm
641 5777 788 5850 Sanctae
815 5776 937 5849 Crucis
962 5775 1096 5849 Calvi
1122 5776 1296 5851 Montis
1322 5777 1485 5867 partinet.
1524 5776 1565 5846 ln
1584 5795 1653 5868 qua
1670 5782 1753 5848 sunt
1778 5796 1857 5866 sep·

305 5901 377 5981 tem
416 5897 508 5969 lanei
542 5899 796 5988 emethonales‚
836 5903 872 5970 et
907 5898 1072 5988 quilibet,
1088 5899 1193 5971 solvit
1227 5919 1291 5989 pro
1327 5918 1434 5969 censu
1472 5917 1541 5970 una
1579 5916 1657 5968 cum
1684 5891 1858 5990 paradius

305 5990 643 6149 sedecimgqrossoa
678 6019 763 6091 item
798 6038 865 6089 ova
898 6018 1061 6111 triginta,
1095 6019 1179 6091 item
1217 6018 1328 6110 gallos
1363 6018 1449 6088 duos
1484 6017 1568 6087 item
1608 6037 1746 6106 caseos,
1773 6016 1856 6087 item

307 6140 452 6229 quilibet
478 6139 616 6212 laborat
650 6139 741 6213 diem
777 6160 880 6211 unam
915 6140 951 6212 in
978 6141 1172 6231 septimana
1205 6138 1346 6229 proprio
1382 6157 1488 6209 curru
1513 6143 1575 6210 ant
1602 6143 1738 6229 metro,
1773 6138 1856 6209 item

305 6259 453 6331 taberna
479 6278 548 6351 upa
574 6260 718 6337 habens,
731 6280 846 6350 amos,
873 6265 909 6332 et
926 6260 1031 6333 solvit
1054 6280 1120 6355 pro
1139 6280 1243 6331 censu
1270 6281 1400 6346 .....;
1426 6258 1511 6331 itam
1538 6257 1757 6330 hortulaniae
1782 6260 1856 6328 tres

305 6383 342 6450 et
369 6378 473 6451 solvit
508 6379 683 6472 quaelibet
717 6400 780 6470 per
807 6380 894 6453 duos
928 6390 1070 6471 grossos
1096 6384 1135 6451 et
1160 6377 1249 6449 diem
1276 6398 1383 6451 ununr
1407 6377 1446 6451 in
1469 6376 1666 6468 septimana
1695 6376 1858 6468 pedester
