4217 8059
1614 1450 1893 1562 ⁴··ara·

383 1685 616 1776 moramur,
643 1687 726 1759 villa
743 1687 874 1760 habens
892 1686 928 1760 in
947 1710 985 1760 se
1004 1690 1238 1779 parochialem
1257 1693 1437 1765 ecclesiam
1455 1690 1621 1787 ligneam,
1638 1700 1711 1769 uon
1719 1695 1828 1787 ionga
1847 1669 1851 1678 ¹

280 1805 422 1877 alluvio
450 1807 569 1878 Nida
595 1809 677 1898 sita,
705 1811 802 1880 cuius
821 1810 945 1882 haeres
972 1789 1228 1884 Zl'otlrczsk
1238 1836 1261 1904 y
1288 1814 1414 1886 nobilis
1432 1790 1595 1889 de-'domo
1621 1814 1831 1908 Sayarza.

277 1926 317 1997 Iu
336 1949 403 2017 qua
421 1930 503 1999 sunt
530 1930 620 2001 lanei
648 1932 901 2020 emethouales‚
937 1940 973 2004 et
992 1933 1034 2004 de
1052 1936 1211 2006 omnibus
1239 1936 1387 2007 solvitur
1413 1942 1449 2007 et
1467 1937 1672 2029 conducitur
1698 1937 1830 2009 decima

275 2049 501 2139 manipularis
528 2057 564 2122 et
582 2053 757 2143 canapalis
784 2075 848 2143 pro
867 2056 1476 2155 monasterio·Andrzeyoviensi„et
1494 2058 1592 2130 valor
1619 2061 1694 2130 eius
1722 2061 1827 2132 aesti-

271 2169 461 2251 maturari
490 2226 602 2241 .....
634 2193 788 2263 marcas;
824 2174 906 2246 item
934 2175 1119 2266 tabernae,
1155 2177 1238 2247 item
1266 2178 1504 2268 hortulaniae,
1540 2179 1622 2250 item
1650 2169 1830 2270 praedium
1935 2217 1945 2229 ·

275 2291 415 2361 unicum
443 2293 611 2381 militare,
648 2295 740 2384 quod
767 2295 811 2367 de
838 2297 933 2385 agris
960 2297 1032 2367 auis
1060 2297 1227 2369 decimam
1255 2298 1505 2389 manipularem
1534 2299 1639 2372 solvit
1663 2299 1829 2373 ecclesiae

276 2411 311 2480 iu
331 2411 588 2504 Zlothuiky.
1094 2425 1100 2434 “
1553 2499 1560 2510 ‚

384 2532 621 2625 Snoraumr,
649 2536 731 2607 villa
758 2516 822 2608 sub
849 2538 1015 2629 parochia
1041 2539 1085 2609 de
1113 2593 1226 2609 .....
1254 2540 1330 2611 sita
1370 2539 1411 2611 In
1430 2561 1497 2630 qua
1516 2546 1596 2612 sunt
1622 2540 1714 2612 lanei
1740 2561 1831 2612 cme-

274 2653 443 2744 thonalea
471 2662 506 2725 et
533 2654 576 2727 de
604 2657 763 2729 omnibus
790 2659 939 2746 solvitur
965 2666 1001 2730 et
1028 2659 1233 2732 conducitur
1259 2660 1393 2732 decima
1419 2661 1646 2752 manipularis
1672 2668 1709 2733 et
1727 2650 1829 2732 cana-

273 2776 361 2864 palis
389 2796 452 2865 pro
480 2779 691 2849 monasterio
719 2778 1010 2870 Andrzeovieusi,
1047 2788 1083 2852 et
1117 2780 1216 2852 valor
1247 2782 1321 2852 eius
1358 2778 1564 2855 aestimatur
1591 2782 1635 2855 ad
1663 2837 1830 2853 .......

274 2916 427 2986 marcas,
455 2899 537 2969 item
566 2901 831 2989 tabernatam
860 2902 1045 2992 hortulani,
1073 2903 1155 2973 item
1174 2902 1362 2992 praedium.
1511 2986 1515 2993 Ι

265 3053 290 3068 ·-
379 3017 686 3111 Ramnraszrczn,
714 3021 796 3092 villa
823 3023 887 3094 sub
905 3022 1072 3123 parochia
1098 3006 1263 3094 ecclesiae
1290 3023 1332 3094 de
1351 3078 1465 3093 .....
1484 3025 1561 3095 sita
1601 3024 1642 3094 In
1661 3044 1729 3115 qua
1748 3030 1829 3095 sunt

274 3137 364 3208 lanei
391 3141 638 3232 emethonales‚
666 3148 703 3213 et
720 3141 763 3213 de
790 3144 950 3227 omnibus
977 3143 1125 3216 solvitur
1152 3149 1187 3214 et
1214 3144 1417 3216 conducitur
1443 3144 1576 3216 decima
1601 3145 1828 3235 manipularis

275 3263 312 3328 et
330 3261 506 3349 canapalis
531 3283 596 3352 pro
625 3264 837 3334 monasterio
866 3262 1163 3354 Andrzeoviensi,
1198 3271 1234 3336 et
1252 3265 1350 3337 valor
1378 3265 1454 3336 eius
1481 3263 1687 3336 aestimatur
1715 3266 1759 3336 ad
1779 3319 1814 3334 ..

273 3398 425 3470 marcas3
453 3384 536 3453 item
564 3385 719 3475 taberna,
747 3385 830 3456 item
859 3385 1042 3475 hortulani,
1070 3386 1153 3456 item
1180 3385 1359 3476 praedium
1614 3388 1635 3407 ”

375 3501 713 3596 Lrsszarrowrczn,
740 3505 823 3576 uilla
842 3506 906 3577 sub
925 3506 1090 3596 parochia
1108 3506 1272 3577 ecclesiae
1299 3506 1343 3578 de
1362 3560 1395 3576 ..
1414 3562 1422 3576 .
1442 3562 1449 3577 .
1466 3498 1555 3579 'sita
1600 3507 1640 3578 Iu
1660 3527 1728 3597 qua
1746 3486 1827 3578 sunt

271 3618 362 3692 lanei
390 3624 643 3716 emethonalea·
663 3631 699 3703 at
716 3627 759 3698 de
786 3627 943 3698 omnibus
970 3627 1118 3698 solvitur
1143 3634 1178 3698 et
1204 3626 1407 3700 conducitur
1433 3627 1565 3699 decima
1588 3604 1817 3717 manipularis

270 3748 498 3836 etcanapalis
526 3769 589 3838 pro
608 3749 818 3820 monasterio
837 3748 1127 3838 Andneoviensi,
1154 3755 1191 3820 et
1220 3749 1318 3820 valor
1344 3751 1419 3820 eiua
1448 3741 1653 3821 aestimatur
1672 3749 1716 3819 ad
1736 3803 1742 3816 .
1763 3802 1796 3817 ..

271 3888 422 3956 marcata,
451 3870 533 3939 item
562 3871 736 3958 tabernae,
764 3871 847 3940 item
875 3870 1061 3959 hortulani,
1088 3871 1169 3940 item
1198 3865 1377 3960 praedium
1406 3856 1449 3940 ;.’
1459 3924 1573 3940 .....

376 3978 605 4079 Zaacz'rczn²
620 3990 715 4060 ¹villa
733 3991 798 4073 sub
816 3991 981 4080 parochia
999 3990 1166 4063 ecclesiae
1183 3989 1226 4061 de
1247 4046 1360 4062 .....
1379 3991 1457 4063 sita.
1493 3991 1533 4061 In
1552 4012 1621 4080 qua
1639 3995 1721 4060 saut
1738 3989 1828 4069 lanei
1916 3974 1919 3979 ⁵

273 4110 523 4199 cmptionalm,
552 4111 594 4181 de
613 4111 771 4181 omnibus
799 4109 947 4183 solvitur
972 4117 1009 4182 et
1027 4112 1231 4182 conducitur
1258 4110 1391 4182 decima
1417 4102 1646 4200 manipularis
1673 4114 1709 4181 et
1726 4130 1829 4180 cana-

275 4229 363 4319 palis
391 4251 455 4319 pro
474 4232 684 4301 monasterio
712 4230 1003 4320 Andrzeovieusi,
1031 4239 1068 4303 et
1086 4232 1184 4302 valor
1211 4232 1285 4301 eius
1312 4231 1516 4301 aestimatur
1543 4231 1587 4301 ad
1678 4285 1711 4299 ..
1738 4225 1829 4301 mar·
1900 4248 1910 4253 ·

275 4372 341 4441 cas,
369 4353 452 4422 item
480 4354 643 4441 taberna,
671 4354 753 4423 item
781 4351 976 4441 hortulani,
1003 4352 1086 4421 item
1115 4351 1294 4441 praedium
1323 4405 1491 4421 .......
1532 4386 1538 4399 ·

375 4471 652 4563 Suanowrczn,
679 4474 762 4545 villa
788 4474 852 4545 sub
880 4472 1046 4564 parochia
1072 4472 1237 4543 ecclesiae
1264 4472 1307 4543 de
1327 4527 1334 4542 .
1353 4526 1360 4540 .
1380 4527 1387 4540 .
1468 4473 1544 4542 sita.
1585 4471 1625 4542 ln
1653 4492 1721 4560 qua
1748 4476 1829 4547 sunt

273 4593 362 4669 lanei
391 4596 642 4686 cmethonales‚
670 4602 706 4666 et
724 4596 767 4667 de
787 4596 946 4668 omnibns
974 4595 1122 4667 solvitur
1148 4601 1185 4665 et
1212 4570 1414 4666 conducitur
1441 4592 1574 4685 decima
1603 4580 1828 4682 manip'ularls

244 4724 248 4732 '
272 4716 501 4806 et‘canapalis
528 4737 592 4806 pro
610 4719 820 4799 monasterio
832 4700 1130 4807 itndrzeoviensi,
1157 4721 1193 4786 et
1211 4714 1310 4786 valor
1336 4715 1410 4786 eius
1428 4714 1634 4785 aestimatur
1651 4712 1696 4787 ad
1715 4768 1721 4782 .
1742 4767 1749 4781 .
1768 4768 1775 4781 .
1792 4730 1801 4780 ·.
1822 4767 1828 4782 .

271 4859 413 4927 marcas,
441 4840 521 4909 item
550 4840 726 4929 tabernae,
752 4839 834 4910 item
862 4839 1057 4927 hortulani,
1083 4838 1165 4910 item
1193 4836 1371 4928 praedium

374 4961 574 5051 azioma,
610 4962 692 5032 villa
718 4962 782 5032 sub
809 4961 975 5050 parochia
1001 4960 1044 5031 de
1072 4958 1287 5049 Andrzey
1301 4980 1363 5030 ow
1390 4958 1475 5047 sita,
1506 4957 1604 5028 cuius
1630 4956 1826 5048 proprietas

270 5089 307 5155 et
333 5082 521 5155 dominium
553 5083 661 5155 totale
689 5082 733 5153 ad
761 5082 1005 5154 monasterium
1034 5080 1333 5170 Andraeorieuse‚
1361 5084 1397 5150 et
1417 5079 1461 5151 ad
1489 5078 1651 5163 abbatem
1678 5097 1827 5149 conveu-

270 5208 412 5292 tumque
439 5204 600 5293 pertinet.
640 5203 680 5274 In
701 5224 769 5293 qua
796 5208 877 5273 suut
903 5189 994 5273 lanei
1021 5201 1273 5290 cmethonales‚
1312 5198 1410 5271 etde
1429 5196 1588 5270 omnibus
1615 5196 1764 5269 solvitur
1790 5200 1826 5268 et
1950 5184 1955 5193 ’

272 5324 476 5395 conducitur
512 5326 644 5396 decima
670 5322 896 5414 manipularis
932 5329 968 5394 et
994 5322 1171 5413 canapalis
1203 5343 1266 5412 pro
1286 5321 1507 5401 monasterio
1543 5318 1826 5404 Andrzeoviensi,
1890 5356 1894 5367 ·

271 5451 308 5514 et
334 5445 431 5516 valor
458 5447 533 5517 eius
560 5446 766 5517 aestimatur
792 5445 836 5516 ad
865 5500 1005 5515 ......
1036 5465 1179 5516 marcas.
1220 5444 1307 5515 Item
1334 5443 1498 5531 taberna,
1526 5442 1609 5511 item
1639 5437 1824 5526 hortulani,

270 5565 352 5636 item
379 5567 557 5657 praedium
586 5623 700 5639 .....
881 5613 892 5628 .
1000 5640 1005 5651 ,
1294 5653 1296 5658 ¹

374 5689 578 5779 Baccanae,
604 5688 688 5776 villa
714 5689 778 5760 sub
805 5688 974 5779 parochia,
997 5688 1040 5758 de
1060 5743 1067 5758 .
1086 5742 1093 5758 .
1112 5742 1119 5758 .
1139 5688 1216 5758 sita.
1242 5685 1282 5757 ln'
1311 5705 1379 5775 qua
1407 5690 1488 5754 sunt
1515 5682 1606 5753 lanei
1626 5680 1826 5751 emethona-

270 5809 337 5899 lea,
366 5810 408 5880 de
444 5811 569 5900 quibus
596 5811 755 5883 omnibus
782 5809 929 5880 solvitur
956 5814 992 5879 ct
1018 5809 1223 5880 conducitur
1247 5805 1383 5877 wdecima
1409 5802 1648 5895 manipularis
1662 5808 1697 5872 et
1724 5821 1826 5870 cana-
1918 5848 1929 5860 .

268 5932 357 6020 palis
386 5954 448 6021 pro
474 5933 684 6005 monasterio
711 5931 1004 6019 Andrzeoviensi,
1030 5935 1067 6000 et
1095 5929 1195 6001 valor
1222 5928 1297 6000 eius
1324 5926 1531 6007 aestimatur
1557 5924 1601 5996 ad
1622 5979 1628 5993 .
1649 5978 1655 5993 .
1675 5977 1709 5993 ..
1738 5921 1824 5993 Item

267 6051 423 6141 taberna,
451 6051 745 6144 item'lrortularll,
774 6053 856 6122 item
885 6051 1143 6141 praedium...
1629 6132 1635 6141 Ι

376 6173 515 6261 Buram,
543 6170 624 6243 villa
651 6174 715 6244 sub
741 6173 908 6263 parochia
936 6172 1059 6242 de...
1087 6171 1164 6241 sita.
1192 6169 1231 6239 Iu
1260 6190 1328 6258 qua
1355 6174 1436 6238 sunt
1455 6167 1552 6267 lanei
1580 6162 1826 6251 emethonales,

267 6295 309 6365 de
338 6297 461 6385 quibus
489 6296 646 6366 omuibus
682 6296 828 6366 solvitur
854 6300 890 6366 et
917 6294 1129 6374 conducitur
1157 6291 1289 6362 decima
1325 6287 1560 6378 manipularis
1588 6292 1623 6358 et
1650 6270 1825 6376 canapalis
1858 6354 1860 6359 ,
