4217 8059
283 1408 388 1541 m

259 1746 265 1768 ,
318 1694 471 1762 marcam
498 1674 580 1744 item
609 1694 677 1744 non
705 1676 786 1743 sunt
811 1671 1041 1760 hortulaniae,
1068 1672 1151 1744 item
1178 1694 1247 1744 nou
1274 1672 1339 1743 est¹
1354 1602 1551 1773 pfft'dinm,
1576 1692 1647 1753 nou
1673 1676 1755 1744 sunt
1781 1672 1861 1745 iror-

314 1795 475 1866 tulaniae.
1422 1772 1427 1781 ¹

331 1958 333 1963 -
415 1914 793 2003 Panuanczowucna,
820 1914 903 1984 villa
938 1916 1002 1986 sub
1038 1915 1204 2004 parochia
1239 1914 1282 1985 de
1308 1912 1614 2011 Wawelnicza
1648 1914 1737 2002 sita,
1764 1914 1860 1983 cuius
2003 1992 2006 1997 ,

312 2040 436 2111 lraeres
463 2036 655 2108 Dobeslans
683 2034 1012 2126 Panlrraczslry
1045 2036 1215 2107 dedomo
1243 2034 1387 2106 Rawa.
1424 2034 1462 2105 In
1490 2041 1665 2125 quaeunt
1693 2035 1860 2125 quinqua·

305 2159 412 2259 'ginta
439 2157 528 2228 lanei
556 2156 797 2244 omethouales,
825 2160 860 2227 et
886 2156 928 2227 de
956 2157 1114 2228 omnibus
1142 2156 1288 2227 solvitur
1314 2163 1351 2227 et
1378 2156 1582 2228 conducitur
1600 2156 1733 2227 decima
1751 2157 1859 2227 maui-

310 2278 442 2369 pularis
469 2298 533 2368 pro
560 2277 706 2348 ecclesia
732 2282 768 2348 et
794 2277 993 2367 praeposito
1021 2276 1312 2364 Wawelniczensi
1331 2282 1367 2348 et
1383 2277 1482 2347 valor
1499 2277 1575 2349 eius
1592 2277 1797 2349 aestimatur
1815 2278 1858 2347 ad

310 2399 542 2491 quadraginta
568 2418 722 2486 marcas3
750 2399 832 2468 item
860 2399 1014 2486 taberna
1044 2399 1125 2469 item
1153 2398 1338 2484 hartmani,
1365 2399 1448 2469 item
1466 2404 1520 2468 est
1536 2399 1585 2469 ibi
1603 2399 1739 2469 unicum
1759 2418 1859 2488 prae·

309 2520 403 2590 dium
430 2520 588 2610 militare
616 2519 659 2590 de
687 2519 783 2590 cuins
811 2521 904 2610 agris
932 2519 1080 2590 solvitur
1106 2519 1239 2590 decima
1257 2519 1480 2610 manipularis
1499 2519 1534 2589 in
1553 2518 1858 2589 Wawelnicza

310 2662 374 2732 pro
400 2641 609 2732 praeposito.

283 2810 286 2816 -
414 2762 720 2853 Nunzneuruow,
747 2761 830 2833 villa
857 2764 921 2835 sub
952 2762 1117 2853 parochia
1144 2762 1186 2833 de
1213 2761 1518 2833 Wawelnicza
1544 2761 1620 2850 sita,
1648 2762 1745 2833 cuius
1777 2763 1858 2833 hae-

310 2885 411 2957 redes
439 2883 711 2955 Bodzantha
738 2882 781 2953 de
808 2882 909 2953 domo
937 2883 1220 2974 Wyenyawa,
1245 2882 1424 2955 lohannes
1452 2878 1660 2954 Glowacz
1687 2882 1730 2952 de
1757 2883 1857 2954 domo

309 3005 507 3093 Planina,
533 3001 699 3075 Nicolans
726 3003 881 3074 Kurek
917 3004 960 3075 de
988 3004 1090 3076 domo
1116 3003 1370 3095 Nyecznya.
1409 3003 1447 3073 ln
1477 3024 1544 3095 qna
1571 3009 1653 3074 sunt
1680 3022 1740 3075 sex
1767 3003 1858 3075 lanei
1912 3072 1915 3079 .

308 3125 540 3199 curethonales
576 3131 612 3197 et
638 3126 782 3217 praedia
808 3127 969 3217 triginta,
999 3131 1035 3196 et
1059 3130 1132 3197 tam
1160 3126 1202 3197 de
1230 3126 1341 3197 laneis
1366 3122 1658 3214 continuerimus,
1684 3146 1787 3216 quarn
1814 3125 1858 3197 de

307 3247 417 3319 laneis
443 3246 696 3337 praedialibus,
724 3246 871 3318 solvitur
902 3255 937 3317 et
964 3247 1169 3318 conducitur
1204 3247 1337 3319 decima
1363 3240 1587 3336 manipularis
1614 3247 1649 3317 in
1678 3243 1857 3317 Wawel-

177 3399 180 3405 ·
306 3369 441 3439 nicza
467 3389 531 3458 pro
558 3369 768 3458 praeposito,
794 3375 831 3437 et
857 3368 954 3438 valor
980 3369 1055 3439 eius
1082 3369 1287 3440 aestimetur
1312 3368 1355 3438 ad
1383 3368 1508 3458 viginti
1534 3388 1693 3438 marcas·
1727 3424 1732 3433 .

161 3468 163 3473 ¹
410 3488 657 3582 Wannauow,
684 3488 767 3558 villa
793 3489 858 3559 snb
885 3489 1049 3577 parochia
1076 3489 1240 3560 ecclesiae
1267 3489 1310 3560 de
1332 3489 1638 3559 Wawelnicza
1652 3489 1741 3574 sita,
1760 3472 1857 3561 cuius

175 3590 177 3596 ¹
306 3610 474 3681 haeredes
509 3609 688 3680 lohannes
724 3609 852 3680 senior¹
866 3614 903 3679 et
928 3609 1104 3681 lohannes
1132 3617 1169 3681 et
1194 3610 1388 3681 Stanislaus
1424 3609 1493 3680 duo
1521 3616 1665 3700 nepotes
1691 3628 1767 3679 cnm
1795 3628 1856 3698 pa-

306 3736 394 3803 truo.
422 3731 462 3800 In
490 3752 559 3821 qna
585 3736 667 3802 sunt
695 3730 852 3801 undecim
880 3729 971 3801 lanei
1001 3732 1244 3820 emethonales‚
1273 3732 1332 3823 qui
1360 3712 1498 3805 soleant
1524 3738 1561 3801 et
1579 3730 1775 3803 conducunt
1792 3750 1855 3819 pro

304 3853 515 3924 monasterio
542 3851 690 3923 Sanctae
716 3850 837 3923 Crucis
866 3851 1051 3941 decimam,
1080 3859 1116 3922 et
1142 3874 1206 3943 pro
1233 3854 1478 3944 praepositura
1504 3873 1565 3924 seu
1591 3852 1792 3942 praeposito
1818 3852 1854 3923 in

307 3972 617 4044 Wawelnicza
642 3972 846 4063 praediales.
885 3974 974 4044 Item
1002 3979 1084 4044 suut
1110 3974 1157 4045 ibi
1185 3974 1255 4044 tria
1280 3974 1424 4065 praedia
1450 3973 1633 4062 militaria,
1661 3973 1704 4044 de
1731 3972 1855 4064 quibua

305 4095 464 4165 omuibus
491 4095 638 4165 solvitur
665 4095 798 4166 decima
823 4096 1048 4185 manipularis
1076 4095 1242 4167 ecclesiae
1269 4101 1304 4166 et
1330 4096 1530 4185 praeposito
1555 4095 1591 4167 in
1618 4093 1853 4165 Wawelni-

305 4234 391 4304 cza
418 4221 454 4285 et
480 4215 579 4287 valor
598 4217 679 4287 eins
706 4217 912 4292 aestimatur
938 4217 983 4288 ad
1009 4223 1159 4307 quatuor
1184 4238 1340 4304 marcas3
1366 4217 1450 4287 item
1477 4216 1654 4303 tabernae,
1671 4215 1754 4287 item
1772 4215 1854 4286 hor-

303 4336 465 4408 tulaniae.
565 4316 570 4323 ¹

408 4456 597 4548 Zamnes,
625 4458 708 4529 villa
744 4460 807 4530 snb
845 4459 1010 4549 parochia
1046 4459 1211 4531 ecclesiae
1238 4459 1282 4530 de
1308 4458 1616 4530 Wawelnicza
1642 4459 1728 4545 sita,
1755 4458 1853 4531 cuius
1962 4536 1967 4544 ,

240 4637 242 4641 .
303 4580 427 4653 haeres
462 4578 614 4652 Jacobus
651 4579 1019 4671 Ghoteczslryde
1046 4580 1147 4652 domo
1175 4581 1338 4652 Nabra.
1374 4581 1414 4652 ln
1442 4602 1511 4670 qna
1536 4586 1619 4651 sunt
1644 4579 1735 4651 lanei
1762 4599 1852 4650 cme-

285 4700 481 4790 venenales,
509 4703 566 4790 qui
595 4701 767 4772 decimant
793 4723 856 4790 pro
883 4703 1095 4773 monasterio
1122 4702 1269 4773 Sanctae
1296 4701 1436 4790 crucis,
1464 4701 1560 4771 valor
1587 4706 1734 4792 quatuor
1761 4720 1852 4771 mar·

302 4840 438 4909 carum3
465 4823 549 4893 item
578 4828 632 4893 est
659 4823 707 4894 ibi
734 4843 838 4895 unum
867 4822 1045 4912 praedium
1073 4823 1237 4911 militare,
1264 4823 1307 4893 de
1326 4824 1422 4894 cuius
1440 4823 1535 4913 agris
1553 4822 1701 4893 soluitur
1719 4821 1852 4892 decima

302 4943 526 5035 manipularis
552 4964 615 5033 pro
643 4943 788 5014 ecclesia
814 4951 851 5014 et
878 4945 1079 5036 praeposito
1105 4945 1140 5013 in
1169 4943 1488 5031 Wawelnicza,
1515 4950 1552 5015 et
1578 4942 1675 5014 valor
1703 4942 1851 5013 adduas

181 5158 183 5162 .
302 5082 453 5150 marcas3
479 5064 563 5134 item
588 5065 765 5155 tabernae,
792 5052 876 5137 item
903 5065 1131 5137 hortulauiae.
1273 5138 1277 5144 ,
1333 5072 1336 5079 “

406 5183 731 5275 Kanmnnowrczn‚
759 5186 842 5257 villa
878 5187 942 5258 sub
978 5186 1143 5276 parochia
1177 5186 1342 5257 ecclesiae
1369 5185 1412 5256 de
1439 5185 1747 5257 Wawelnicza
1772 5187 1849 5273 sita,

301 5304 397 5375 cuius
424 5304 591 5377 haeredes
619 5305 777 5378 Andreas
804 5313 839 5378 et
865 5307 1001 5396 Petrus,
1029 5307 1162 5379 nobiles
1190 5308 1240 5387 de,
1260 5308 1366 5378 armis
1392 5300 1596 5398 Prnsszy
1622 5307 1782 5396 pertinet.
1810 5306 1849 5377 In

284 5446 369 5516 aqua
395 5431 476 5497 sunt
503 5427 658 5499 undecim
687 5428 778 5499 lanei
805 5429 1056 5517 emethonales‚
1084 5434 1120 5498 et
1146 5428 1190 5499 de
1216 5429 1375 5500 omnibns
1410 5428 1559 5501 solvitur
1584 5433 1620 5498 et
1647 5428 1850 5499 conducitur

156 5553 158 5559 '
299 5544 433 5617 decima
472 5548 698 5638 manipularis
738 5569 801 5641 pro
838 5549 984 5621 ecclesia
1019 5557 1057 5620 et
1092 5550 1335 5639 praepositura
1370 5551 1405 5619 in
1440 5524 1751 5621 ¹Wawelnicza
1786 5568 1850 5639 pro

151 5740 162 5753 ,
297 5666 412 5739 media
437 5674 537 5759 parte
565 5668 677 5760 villae,
704 5670 809 5741 etde
836 5690 905 5741 nna
930 5670 1119 5741 medietate
1146 5670 1344 5759 laneorum;
1371 5670 1413 5741 de
1432 5671 1542 5741 altera
1560 5690 1643 5741 vero
1661 5648 1848 5755 medietate

170 5776 172 5781 ’
298 5788 445 5861 solvitur
479 5796 516 5860 et
551 5791 755 5862 conducitur
791 5812 856 5880 pro
892 5793 1103 5863 monasterio
1138 5790 1285 5865 Sanctae
1318 5792 1448 5864 Grecis.
1483 5791 1571 5862 Item
1598 5797 1680 5862 sunt
1704 5791 1754 5861 ibi
1780 5791 1849 5863 duo

298 5908 448 6001 praedia,
476 5911 519 5982 de
547 5913 672 6002 quibus
701 5911 849 5983 solvitur
875 5911 1009 5985 decima
1035 5914 1261 6004 manipularis
1287 5934 1351 6004 pro
1378 5913 1524 5985 ecclesia
1549 5913 1585 5983 in
1612 5912 1848 5993 Wawelni-

174 6046 200 6115 ·.·=,.
298 6038 376 6102 'cna
402 6036 438 6103 et
465 6030 539 6105 eius
566 6038 710 6122 rectore,
738 6034 834 6104 cuins
860 6033 959 6104 valor
986 6034 1031 6105 ad
1057 6042 1131 6107 tres
1158 6056 1303 6109 marcas
1374 6106 1379 6113 .

403 6151 599 6245 Brutum,
626 6153 708 6225 villa
744 6155 809 6227 sub
847 6155 1013 6245 parochia
1040 6157 1206 6228 ecclesiae
1233 6155 1276 6227 de
1303 6154 1612 6226 Wawelnicza
1638 6155 1724 6239 sita,
1751 6154 1848 6231 cuius
1879 6215 1881 6218 .

259 6260 264 6271 '
299 6270 467 6344 haeredes
495 6272 653 6346 Andreas
680 6281 716 6346 et
742 6275 867 6349 Petrus
894 6276 1022 6348 iratres
1049 6277 1091 6348 de
1119 6276 1492 6348 Karmanouicze
1518 6276 1562 6348 de
1588 6275 1691 6347 domo
1715 6273 1848 6409 Paga-

299 6412 385 6487 azy.
420 6394 555 6487 Inque
589 6402 671 6468 snut
705 6397 797 6469 lauei
834 6398 1097 6489 emethouales‚
1132 6399 1175 6469 de
1211 6396 1337 6489 quous
1363 6398 1521 6470 oinnihus
1547 6396 1697 6471 solutu
1721 6386 1889 6507 petrina
