4217 8059
285 1449 362 1522 280

283 1652 542 1741 monasterium,
559 1653 701 1743 eiusque
719 1651 873 1724 officinas
891 1658 989 1724 cocto
1003 1653 1115 1724 latere
1133 1652 1206 1725 suis
1223 1652 1418 1742 sumptibus
1435 1651 1592 1724 fabricat
1617 1649 1683 1725 Grai
1700 1643 1737 1725 ct
1754 1652 1831 1725 iuu-

283 1775 364 1847 dum
391 1794 433 1846 ac
458 1774 571 1846 vicum
598 1772 791 1862 praefatum
819 1772 1158 1865 Sthauyathkg
1186 1774 1270 1844 item
1292 1773 1393 1847 villas
1420 1771 1667 1864 Lyppowa,
1692 1773 1830 1864 Zago-

282 1892 974 1985 rze,Babicze,Roszkochow,
1001 1891 1830 1984 Luszowicze,·1)lugcszin,caesio
1906 1876 1909 1881 ¹

281 2013 669 2103 wicze,Jauorno
696 2014 854 2104 median,
872 2015 956 2086 item
975 2013 1211 2105 Smolycze
1236 2035 1313 2086 cum
1332 2014 1537 2104 custoribus,
1563 2014 1647 2086 item
1665 2006 1843 2105 oppidum

282 2135 454 2211 Zathor
480 2154 557 2208 cum
584 2134 798 2224 custoribus,
825 2136 909 2207 item
934 2135 1121 2227 Kanthy
1147 2135 1329 2227 oppidum,
1365 2136 1451 2207 item
1476 2133 1705 2226 Gaelyadz
1731 2137 1830 2226 eppi-

279 2257 361 2328 dum
388 2277 494 2346 supra
512 2256 645 2327 flumen
672 2256 974 2348 Brzeunycza
1000 2257 1107 2327 situm
1134 2276 1212 2327 cum
1243 2256 1449 2345 custoribus,
1475 2261 1513 2341 et
1538 2256 1721 2329 tabernam
1746 2255 1829 2327 Wi-

279 2379 400 2451 tbow
435 2395 544 2468 prope
579 2376 864 2468 Schyewior,
900 2383 936 2448 et
962 2376 1006 2473 de
1032 2382 1131 2449 terra
1156 2376 1201 2447 ad
1227 2376 1353 2466 viginti
1378 2381 1499 2449 aratra
1532 2397 1659 2467 magna
1693 2397 1829 2467 quaea

279 2497 382 2588 vulgo
408 2503 492 2570 tuuc
517 2494 627 2568 narolc
661 2494 858 2586 dicebatur,
893 2497 979 2569 item
1017 2496 1222 2586 Ostrow,
1263 2497 1346 2568 item
1391 2496 1707 2589 Podlanszye,
1742 2518 1828 2588 quas

280 2618 368 2690 duas
394 2618 496 2690 villas
521 2622 704 2708 acceperat
735 2637 799 2707 per
825 2618 995 2690 cambium
1023 2638 1089 2708 pro
1114 2617 1480 2689 Lauthkouicze
1505 2623 1543 2690 et
1568 2616 1828 2708 Wosauilry,

279 2738 362 2809 item
390 2737 754 2829 Lyauskowicze
781 2759 857 2809 cum
885 2738 1082 2811 custoribus
1109 2743 1145 2809 et
1170 2737 1368 2810 molendino
1395 2757 1503 2829 supra
1528 2737 1714 2829 Baham,
1743 2739 1826 2813 item

280 2859 379 2932 villas
406 2859 624 2948 Plonsze‚
645 2839 1828 2951 Zagrodzye‚Nabusze,Druszow,Przeruancaauy,

279 2980 466 3071 Szycze,
493 2979 835 3068 Lusszowicze3
861 2980 944 3050 item
970 2979 1090 3053 villam
1117 2980 1282 3071 optimam
1309 2979 1667 3071 Glymyonthow,
1694 2999 1736 3051 ex
1764 3001 1827 3051 suo

278 3102 415 3199 nomine
442 3101 493 3173 sic
518 3099 736 3191 appellatam,
762 3100 799 3171 in
826 3099 942 3172 dotem
969 3099 1103 3173 confert
1121 3105 1158 3172 et
1174 3101 1338 3190 assignat.
1365 3099 1422 3172 Ad
1436 3100 1727 3173 cohonestandum
1741 3122 1826 3192 quo·

280 3241 346 3312 quc
372 3221 465 3295 tiliae
491 3242 574 3294 suae
600 3220 906 3312 Wyszeuczae
932 3220 978 3292 ad
1004 3221 1134 3293 dictum
1161 3222 1409 3293 monasterium
1436 3222 1472 3293 iu
1497 3221 1826 3313 Sthauyathluy

271 3343 482 3433 ,ingressum
508 3342 625 3415 villam
652 3341 686 3413 N
693 3342 841 3434 yemyl
870 3343 1082 3415 monasterio
1108 3342 1266 3434 praelato
1285 3347 1453 3433 perpetue
1470 3343 1588 3432 donat,
1614 3342 1713 3434 quam
1730 3342 1827 3432 prior

278 3462 420 3536 donatio
448 3483 571 3552 parum
598 3462 772 3536 sufficiens
798 3462 929 3536 fuisset
956 3463 1010 3534 Ex
1039 3463 1137 3535 cuius
1163 3463 1302 3554 quidam
1328 3463 1422 3535 dotis
1447 3460 1704 3554 magnitudine,
1721 3463 1827 3553 regia

278 3583 394 3656 verius
413 3602 514 3673 quam
540 3582 701 3672 militari,
727 3587 763 3654 et
779 3583 998 3655 devotionem
1025 3583 1296 3674 religionemque
1323 3583 1452 3655 viriet
1478 3583 1555 3655 mus
1579 3582 1826 3659 abundantiam

277 3703 410 3793 poteris
436 3703 639 3791 aestimare,
667 3704 727 3795 qui
752 3704 930 3775 ecclesiam
957 3703 1155 3776 huiusmodi
1180 3709 1218 3774 et
1243 3704 1452 3777 monasterio
1478 3703 1666 3794 fabricatis,
1691 3703 1828 3792 calices,

279 3843 408 3914 cruces,
435 3824 579 3915 casulas,
607 3843 735 3915 cappas
752 3829 789 3896 et
807 3824 944 3914 singula
968 3824 1202 3897 ecclesiastica
1228 3823 1400 3914 cumnilia,
1426 3824 1539 3897 eidem
1563 3824 1640 3897 loco
1666 3824 1827 3898 munifica

273 3944 464 4033 ¹donatione
490 3945 571 4016 dum
599 3945 741 4035 viveret,
769 3950 823 4016 est
848 3945 1005 4035 largitus.
1031 3944 1073 4014 ln
1100 3945 1197 4016 cuius
1224 3945 1426 4016 monasterii
1452 3945 1630 4034 sacristia,
1658 3945 1709 4017 ita
1734 3944 1825 4017 enirn

277 4066 397 4138 vivens
424 4064 665 4154 ordinaverat,
702 4086 770 4136 una
796 4084 872 4135 curn
899 4065 1046 4155 coniuge
1073 4086 1136 4138 sua
1168 4063 1454 4156 Raczslawa,
1487 4066 1638 4137 foemina
1671 4064 1763 4155 hugi
1790 4072 1826 4136 et

276 4187 430 4258 honestis
449 4186 602 4258 moribus
620 4185 732 4276 plena,
760 4187 931 4277 separatis
949 4186 1172 4277 sarcophagis
1191 4186 1347 4276 sepultus
1365 4187 1560 4277 requiescit
1587 4185 1693 4259 Cuius
1711 4205 1826 4258 exem-

275 4308 353 4398 plar
379 4313 518 4380 secutus
545 4327 653 4399 nepos
684 4328 767 4380 suus
794 4306 1006 4379 Andreas
1040 4286 1219 4383 Plocensis
1246 4308 1448 4399 episcopus,
1482 4309 1542 4399 qui
1568 4327 1659 4380 anno
1685 4307 1824 4390 Domini

279 4429 375 4499 1238
404 4426 556 4518 petalum
583 4427 781 4518 pontificale
806 4428 842 4499 in
870 4427 1015 4500 ecclesia
1041 4427 1203 4499 Plocensi
1228 4448 1351 4518 gerere
1378 4428 1501 4518 coepit,
1527 4426 1619 4500 lilius
1640 4424 1754 4501 Marci
1781 4427 1824 4499 ds

246 4547 587 4621 'Brzesznicza
612 4547 758 4639 palatini
785 4547 1043 4637 Gracoviensis,
1079 4548 1217 4639 generis
1243 4554 1280 4620 et
1305 4549 1381 4638 ipse
1408 4545 1467 4619 Gr
1476 4549 1640 4640 yphum
1667 4547 1823 4621 deferen-

275 4669 371 4759 tium,
399 4675 435 4739 et
461 4667 589 4740 fratres
607 4669 661 4739 sui
678 4669 834 4757 garmani
860 4667 884 4741 J
894 4669 1011 4741 anko
1042 4688 1158 4740 comes
1176 4669 1384 4740 castellanus
1402 4668 1446 4742 de
1464 4667 1591 4741 Ruda
1617 4675 1654 4741 ct
1672 4669 1748 4762 Wy
1759 4691 1822 4740 rz-

275 4790 480 4880 byautha
515 4789 734 4880 praepositus
769 4789 813 4861 de
845 4789 1161 4880 Stanyathky,
1196 4790 1289 4863 bona
1323 4790 1491 4887 notabilia
1525 4796 1563 4862 et
1588 4791 1824 4887 haereditates

274 4915 437 5000 paternas
473 4909 584 4983 eidam
623 4910 834 4982 monasterio
867 4911 904 4981 in
944 4909 1293 5002 Sthauyathky,
1318 4910 1495 4984 'videlicet
1533 4911 1653 4983 villam
1692 4912 1823 4985 Brzc
1921 4946 1926 4951 ·

275 5031 460 5102 szuicza
486 5050 563 5102 curn
589 5029 746 5103 ecclesia
759 5030 951 5121 parochiali
977 5031 1080 5102 Beati
1105 5029 1292 5104 Clementis
1309 5032 1414 5104 uillae
1440 5032 1595 5105 eiusdem
1620 5039 1657 5105 et
1682 5032 1823 5106 decimis

274 5151 319 5222 ad
337 5151 571 5241 parochialem
589 5151 732 5223 eandem
750 5151 931 5224 ecclesiam
949 5151 1215 5242 pertinentibus,
1241 5153 1325 5224 item
1352 5153 1469 5225 villam
1495 5153 1556 5244 Ly
1567 5154 1823 5244 opyankam

275 5292 352 5344 cum
379 5272 462 5362 sale,
488 5272 570 5343 item
597 5271 850 5345 haereditatem
885 5272 1149 5362 vincentii,
1191 5292 1280 5363 quae
1320 5294 1411 5347 nunc
1446 5275 1663 5366 Bochnya
1696 5274 1824 5348 dicitur

275 5393 357 5482 item
375 5392 475 5465 villas
501 5392 696 5481 BirlroW,
726 5390 1083 5484 Nidoluszicze,
1110 5375 1390 5484 Wisznicza,
1417 5394 1824 5486 Dohronyowicze,
1938 5436 1943 5445 -

276 5511 747 5605 Gzyeuuaczowieze
788 5515 870 5588 item
897 5514 983 5586 duas
1020 5514 1200 5605 portiones
1235 5512 1319 5586 salis
1346 5514 1391 5586 ad
1417 5514 1629 5606 Magnum
1664 5515 1823 5606 Salam,

274 5652 363 5723 quse
389 5653 411 5705 a
436 5633 540 5724 vulgo
566 5633 791 5725 Pyecaini
818 5642 854 5707 et
879 5635 1058 5707 Korcze
1083 5633 1255 5725 fficuntur,
1282 5638 1449 5727 perpetuo
1467 5636 1656 5728 inscripsit,
1677 5636 1824 5710 contulit

274 5757 312 5826 et
332 5748 484 5826 donavit.
502 5754 718 5829 Donationes
735 5762 850 5829 autem
869 5754 1046 5847 praefatae
1063 5755 1275 5838 monasterio
1301 5756 1338 5828 iu
1366 5738 1695 5849 Stanyanthlry
1722 5777 1822 5850 prae·

273 5873 378 5964 dicto,
403 5894 467 5965 per
492 5873 775 5949 Clementem
802 5876 1028 5961 castellanum
1041 5875 1315 5967 Oracorieusem,
1342 5882 1379 5949 et
1404 5895 1468 5968 per
1493 5876 1723 5952 Andream
1748 5879 1822 5971 spi·

127 6017 133 6022 ·
273 6013 413 6086 scopum
440 5994 650 6087 Plocensem,
677 5996 768 6075 siout
788 5996 1029 6088 praemisimus
1046 5995 1170 6088 iactae,
1197 6017 1267 6070 non
1285 5997 1413 6071 debent
1432 5999 1565 6071 censeri
1591 5998 1822 6089 incredibiles,

272 6119 333 6188 aut
358 6117 516 6227 revocari
542 6137 585 6189 ex
612 6137 655 6190 eo
682 6117 720 6190 iu
746 6116 898 6208 dubium,
926 6118 1017 6209 quod
1043 6118 1292 6193 monasterium
1318 6119 1355 6191 iu
1381 6118 1713 6212 Stanyanthlsy
1738 6121 1821 6195 bae-

271 6235 448 6327 reditates
475 6236 603 6330 oppida
620 6242 657 6310 ot
672 6237 774 6311 villas
791 6237 966 6329 praefatas
991 6239 1160 6313 hactenus
1186 6238 1341 6329 plenarie
1366 6261 1436 6313 non
1462 6239 1629 6332 possidet
1654 6260 1820 6334 processu

271 6356 363 6430 enirn
390 6358 567 6449 temporis,
593 6357 729 6449 aliquae
756 6378 875 6433 earum
893 6380 956 6450 pro
975 6359 1054 6433 aliis
1071 6359 1345 6435 haereditatibus
1368 6362 1539 6434 cambitae
1566 6369 1658 6454 sunt,
1684 6361 1822 6455 aliquae
