4217 8059
3518 1485 3658 1566 149

560 1681 796 1756 divina
813 1684 1182 1775 quotannis
1201 1691 1273 1757 et
1291 1686 1748 1761 hebdomadis
1775 1687 2331 1761 administranda
2354 1690 2722 1762 dioecesim
2744 1689 3291 1787 Cracoviensem,
3320 1694 3393 1765 in
3421 1694 3673 1785 oppido

561 1803 640 1874 M
661 1827 692 1875 s
713 1806 806 1875 th
830 1827 870 1876 o
889 1829 951 1875 w
1020 1794 1232 1877 fuisse
1304 1815 1375 1877 et
1438 1829 1590 1879 esse
1644 1814 1988 1881 testatura
2009 1865 2025 1898 ,
2098 1809 2577 1881 fabricaretur.
2659 1811 2833 1882 Item
2911 1814 3183 1903 quoties
3249 1814 3671 1915 contributio

562 1926 1037 2015 imponeretur
1107 1928 1518 2003 dioecesana
1586 1929 1942 2001 dimidiam
2015 1930 2205 2001 illius
2277 1932 2556 2003 tolleret
2609 1929 3033 2005 Gnesnensis
3088 1935 3668 2025 archiepiscopus,
3724 1953 3742 1969 ·

561 2054 829 2136 partem
901 2049 1190 2119 alteram
1247 2049 1751 2121 dimidietatem
1815 2052 2179 2141 episcopus
2245 2050 2722 2123 cracoviensis
2777 2054 2911 2124 sibi
2964 2055 3293 2142 exigeret.
3374 2053 3449 2126 Si
3503 2076 3670 2127 vero

561 2188 688 2256 pro
726 2188 908 2258 papa
943 2176 1065 2241 aut
1100 2190 1263 2260 rege
1304 2170 1782 2260 imponeretur
1821 2177 1942 2242 aut
1978 2192 2103 2262 pro
2154 2172 2510 2262 republica
2566 2173 2991 2245 contributio
3026 2181 3178 2255 tota
3214 2196 3341 2265 pro
3362 2175 3672 2253 ‚ecclesia

561 2286 1043 2378 cracoviensi,
1117 2311 1244 2380 per
1299 2293 1791 2363 monasterium
1846 2291 2328 2365 Msthov-iense
2383 2294 2790 2365 solveretur.
2871 2294 2952 2367 In
3006 2295 3323 2386 huncque
3378 2297 3673 2386 modum,

564 2417 634 2479 et
669 2410 800 2483 sub
833 2410 946 2481 his
983 2412 1492 2484 conditionibus
1547 2412 1862 2502 partibus
1917 2415 2393 2503 probantibus,
2449 2415 2535 2484 lis
2590 2416 2811 2486 omnis
2864 2416 3170 2486 extincta
3223 2424 3351 2507 est,
3403 2425 3475 2488 et
3511 2438 3671 2489 con-

561 2529 858 2602 ditiones
913 2532 1330 2604 arbitrariae
1384 2533 1728 2622 impletae.
1810 2533 1907 2605 Ut
1941 2541 2173 2609 autem
2211 2535 2605 2607 dotationes
2641 2537 3045 2607 monasterii
3101 2538 3396 2627 praefati
3452 2539 3669 2609 series

559 2652 792 2723 notior
843 2653 968 2742 sit,
1041 2655 1279 2744 oppidi
1350 2661 1423 2726 et
1476 2655 1796 2726 villarum
1871 2661 2079 2747 atque
2135 2656 2552 2727 decimarum
2627 2657 2776 2728 eius
2848 2657 3312 2730 conditionem
3368 2665 3441 2729 et
3498 2649 3683 2748 qua-⁶

474 2869 478 2873 .
562 2771 828 2851 litatem
855 2775 957 2870 ⁸in
995 2774 1308 2846 inferiori
1363 2777 1829 2866 descriptione
1885 2776 2336 2864 sufficiemus,
2393 2783 2473 2848 ut
2506 2777 2766 2867 liquide
2803 2758 3287 2871 praesentibus
3339 2786 3410 2849 et
3443 2786 3674 2868 poste—

564 2893 664 2963 ris
715 2904 1086 2985 appareat,
1142 2898 1212 2967 in
1249 2896 1652 2969 fundatione
1707 2898 2145 2983 monasterii,
2169 2898 2468 2986 praefati
2524 2899 2785 2971 nullum
2834 2901 3068 2989 alium,
3122 2900 3258 2971 nisi
3312 2899 3341 2969 I
3362 2920 3673 2971 vonem

563 3011 1084 3087 Cracoviensem
1124 3018 1560 3109 episcopum,
1615 3025 1687 3088 et
1723 3040 1922 3091 suum
1960 3019 2336 3108 capitulum
2377 3017 2833 3095 Cracoviense
2871 3021 3021 3092 loco
3056 3019 3402 3112 praefatO,
3459 3021 3673 3093 veluti

558 3134 632 3205 in
683 3134 982 3208 dioecesi
1039 3158 1166 3210 sua
1219 3137 1658 3211 Cracoviensi
1713 3141 2140 3211 consistente
2166 3195 2182 3228 ,
2254 3139 2550 3229 dotalia,
2604 3160 2892 3234 munera
2945 3141 3174 3231 ampla
3226 3149 3300 3211 et
3350 3141 3670 3230 insignia,

557 3254 944 3329 liberaliter
995 3265 1067 3330 et
1119 3259 1437 3331 munifice
1492 3260 1884 3332 contulisse.
2630 3326 2635 3331 .
2824 3320 2833 3331 .
3174 3324 3181 3333 .

775 3377 1098 3469 Ms‘row,
1170 3383 1664 3453 monasterium
1720 3382 1791 3453 in
1852 3379 2269 3451 confluentia
2320 3386 2392 3451 et
2444 3380 2744 3470 compito
2798 3388 3142 3451 terrarum
3200 3379 3678 3463 Cracoviens'is

563 3495 1044 3571 Radomiensis
1117 3508 1188 3573 et
1239 3499 1725 3592 Wyelunensis
1800 3502 1869 3571 in
1926 3501 2076 3571 loco
2132 3499 2409 3570 editiori
2481 3506 2806 3589 respectu
2860 3498 3134 3590 oppidi,
3206 3500 3392 3573 haud
3466 3503 3673 3605 longe

557 3637 600 3689 a
651 3617 857 3692 fluvio
917 3621 1004 3692 W
1024 3643 1067 3694 a
1086 3631 1173 3693 rt
1192 3624 1240 3694 h
1260 3643 1302 3693 a
1355 3624 1561 3693 situm
1585 3679 1601 3712 ,
1656 3623 1942 3695 babens
1974 3620 2332 3691 ecclesiam
2388 3626 2460 3691 et
2514 3621 3027 3710 monasterium,
3083 3626 3154 3691 et
3187 3621 3397 3693 cellas
3453 3621 3665 3693 offici-

556 3763 816 3834 nasque
887 3744 1288 3816 monasterii
1361 3763 1443 3817 ex
1503 3750 1702 3832 petra
1770 3742 2111 3817 fabricata
2132 3796 2149 3831 ,
2222 3761 2612 3830 amoenum,
2686 3740 3055 3812 iucundum
3121 3743 3326 3812 situm
3384 3743 3668 3833 habens,

557 3871 629 3933 et
682 3864 768 3935 ad
825 3865 1133 3954 singulas
1189 3872 1425 3954 partes
1482 3866 2052 3955 praeminentem,
2109 3882 2310 3952 quem
2365 3861 2614 3933 fluvius
2669 3859 2967 3937 Varth
2990 3883 3033 3932 a
3085 3862 3272 3934 inter
3326 3869 3668 3935 monaste-

557 3986 730 4058 rium
790 3994 858 4054 et
914 3985 1244 4074 oppidum
1298 4005 1712 4076 percurrens
1767 3986 2183 4071 intersecat,
2237 3983 2501 4055 habens
2558 3984 2751 4055 iuxta
2805 4003 2881 4053 se
2934 3982 3288 4091 planitiem
3344 4003 3665 4074 agrorum

553 4106 1046 4198 Praecianum,
1118 4128 1291 4197 quos
1343 4106 1629 4198 proprio
1682 4105 1848 4177 colit
1897 4110 2177 4195 aratro,
2251 4112 2323 4175 et
2377 4104 2463 4175 de
2518 4105 2767 4193 quibus
2840 4103 3011 4175 nulli
3067 4103 3275 4175 solvit
3327 4104 3660 4179 decimam
3710 4096 3725 4105 ’

557 4230 1088 4318 manipularem,
1145 4227 1266 4301 sed
1322 4248 1471 4299 eam
1538 4228 1978 4318 praepositus
2031 4231 2105 4295 et
2145 4232 2524 4296 conventus
2579 4244 2705 4314 pro
2728 4244 2818 4294 -se
2854 4223 3077 4313 tollit,
3130 4229 3202 4295 et
3237 4225 3306 4295 in
3345 4225 3670 4299 horreum

285 4392 311 4425 .-
422 4440 434 4450 .
553 4370 750 4418 snum
806 4346 1074 4422 inducit
1089 4372 1112 4438 -;
1182 4348 1582 4420 clementius
1657 4349 1755 4419 ibi
1808 4352 2103 4438 apparet
2157 4346 2421 4419 coelum
2444 4400 2461 4434 ‚
2532 4354 2603 4414 et
2657 4345 3097 4419 delicatiores
3152 4346 3406 4416 herbas
3458 4346 3664 4436 gleba

555 4474 861 4559 regionis
914 4470 1099 4543 illius
1153 4471 1502 4561 producit,
1557 4476 1981 4560 quapropter
2033 4474 2106 4539 et
2158 4486 2410 4557 pecora
2460 4472 2534 4537 et
2585 4470 2902 4537 armenta
2957 4466 3175 4557 magis
3232 4465 3374 4546 illic
3427 4487 3669 4545 crassa

556 4598 627 4662 et
678 4599 924 4664 tenera
977 4598 1154 4664 sunt.
1222 4591 1630 4677 Bidentium
1675 4610 1950 4682 quoque
2001 4608 2282 4680 gregeS,
2337 4589 2481 4659 sive
2536 4588 2606 4659 id
2644 4587 2843 4660 favor
2896 4587 3088 4681 coeli,
3142 4589 3290 4659 sive
3344 4587 3665 4677 voluptas

556 4714 783 4793 zabuli
836 4721 1108 4804 causet,
1161 4715 1469 4801 tenerius
1523 4712 1984 4809 subtiliusque
2036 4709 2277 4798 vellus,
2332 4729 2535 4799 quam
2591 4709 2661 4780 in
2701 4710 3026 4781 universo
3058 4729 3296 4798 ¹regno
3334 4706 3666 4781 Poloniae

555 4836 774 4926 possit
828 4834 1120 4926 offendi,
1172 4836 1600 4926 producunt,
1655 4834 1828 4907 adeo
1851 4888 1882 4937 ².
1925 4839 2002 4904 ut
2035 4834 2187 4905 eius
2242 4851 2503 4902 merces
2561 4830 2907 4912 interdum
2967 4829 3264 4920 triplici,
3319 4830 3667 4927 interdum

556 4956 987 5048 quadruplici
1044 4957 1477 5048 appendatur
1531 4978 1711 5029 aere.

760 5078 1142 5168 Msrnow,
1196 5078 1522 5169 oppidum
1574 5078 1768 5171 iuxta
1802 5076 2086 5148 fluvium
2142 5073 2443 5171 Vartb
2466 5095 2509 5143 a
2560 5075 2790 5162 situm,
2846 5072 3210 5164 privilegio
3247 5078 3319 5145 et
3355 5073 3659 5145 auctori-

554 5205 698 5268 tate
753 5199 1180 5272 Boleslai
1234 5195 2273 5271 PudiciffliiLestkonis
2328 5176 2542 5265 Albi
2583 5194 2777 5265 ducis
2816 5193 3327 5285 eracemum,
3380 5216 3461 5267 ex
3505 5194 3669 5267 villa

554 5319 626 5389 in
679 5321 1008 5410 oppidum
1060 5321 1471 5392 translatum
1534 5317 1676 5391 127
1683 5320 1747 5391 9.
1820 5317 2185 5391 ecclesiam
2257 5315 2719 5406 parochialem
2786 5315 3063 5387 filialem
3120 5317 3189 5386 in
3247 5315 3501 5405 oppido
3524 5371 3540 5404 ,
3595 5323 3668 5387 et

499 5490 510 5500 „
554 5439 843 5513 alteram
899 5443 969 5519 in
1023 5448 1256 5513 monte
1309 5441 1728 5530 habenS‚.in
1785 5461 1942 5530 quo·
1976 5444 2140 5511 sunt
2193 5437 2429 5517 decem
2482 5437 2667 5508 lanei
2714 5437 3258 5526 oppidanorum,
3332 5443 3406 5506 et
3463 5436 3669 5526 quili-

552 5561 670 5632 bet
741 5584 867 5652 pro
898 5630 908 5637 .
937 5534 1150 5636 censu
1220 5563 1428 5635 solvit
1480 5617 1761 5633 ......
1813 5550 2017 5643 ‚Item
2090 5558 2386 5650 quilibet
2454 5559 2692 5629 laneus
2745 5563 2890 5628 tres
2944 5556 3094 5629 dies
3151 5557 3217 5626 in
3275 5561 3425 5627 toto
3481 5577 3665 5631 anno

553 5679 827 5760 laborat
848 5742 865 5777 ,
938 5686 1222 5779 proprio
1295 5706 1502 5758 curru
1577 5692 1700 5755 aut
1771 5690 2028 5755 aratro.
2107 5681 2284 5753 Item
2359 5679 2429 5750 in
2484 5679 2721 5751 eodem
2797 5677 3051 5768 oppido
3115 5684 3224 5748 est
3279 5678 3669 5785 advocatia,

552 5808 814 5882 habens
868 5811 1043 5883 duos
1094 5809 1333 5880 laneos
1388 5828 1712 5895 agrorum
1767 5811 1840 5881 et
1875 5825 2063 5893 arva,
2097 5802 2241 5875 -sed
2295 5801 2728 5891 praepositus
2785 5799 3154 5870 modernus
3212 5798 3668 5871 Nicolaus

551 5932 800 6001 coemit
852 5952 1024 6020 eam,
1078 5937 1152 6001 et
1203 5929 1700 6019 proprietatem
1756 5947 1951 6003 suam
2008 5924 2235 5996 univit
2291 5923 2710 5994 monasterio
2766 5943 2909 5993 suo.
2992 5920 3103 5991 Ad
3140 5921 3335 5991 cuius
3392 5940 3669 6010 coemp-

551 6051 811 6122 tionem
864 6052 1159 6142 insignis
1211 6051 1411 6123 miles
1464 6047 1821 6119 Hincza
1876 6046 1962 6116 dc
2013 6044 2345 6134 Rogow
2421 6044 2839 6115 castellanus
2896 6042 3472 6113 Sandomiriensis
3526 6062 3668 6113 me-

550 6172 884 6247 dietatem
938 6174 1384 6263 pecuniarum
1443 6191 1722 6242 suarum
1778 6167 2102 6255 contulit,
2161 6165 2598 6239 medietatem
2659 6184 2823 6233 vero
2880 6165 3416 6250 monasterium
3468 6160 3675 6254 dedit

401 6261 418 6279 ’
549 6303 778 6377 autem
832 6295 1188 6386 praefatus
1240 6293 1590 6365 Hincza
1661 6314 1789 6383 pro
1845 6311 1982 6365 una
2039 6287 2418 6358 medietate
2486 6290 2756 6355 centum
2813 6304 3196 6374 sexagenas
3252 6292 3323 6353 et
3376 6282 3662 6372 quinde-

548 6419 677 6489 cim
736 6439 1021 6499 marcas,
1101 6416 1276 6488 Item
1332 6421 1494 6486 sunt
1544 6414 1614 6484 in
1652 6415 1893 6488 eodem
1949 6408 2205 6501 oppido
2236 6412 2541 6511 aqum
2590 6405 2892 6496 quinque
2929 6401 3171 6483 domus
3192 6459 3209 6493 ,
3262 6410 3333 6475 et
3370 6403 3665 6519 quilibet

1515 6920 1620 6961 -x
