4217 8059
1819 1466 1867 1547 89

316 1665 501 1758 medimna,
525 1665 609 1739 dum
636 1666 738 1758 bona,
758 1685 855 1757 anas
880 1664 1116 1758 possidemus,
1142 1667 1179 1739 iu
1206 1667 1283 1758 pias
1309 1646 1546 1760 eleemosynas
1572 1669 1691 1759 egenis
1717 1674 1754 1742 et
1780 1670 1870 1743 indi·

316 1788 491 1881 gentibus,
515 1809 704 1880 ungamus
729 1786 816 1879 ipsis
842 1793 880 1860 et
905 1807 1026 1863 eorum
1053 1787 1277 1881 praepositis,
1304 1789 1348 1862 de
1373 1789 1497 1885 innata¹
1519 1788 1620 1863 nobis
1646 1791 1869 1884 benignitate,

315 1910 462 2003 singulis
492 1911 595 1983 anuis
631 1911 667 1982 in
694 1909 817 2001 cuppis
851 1909 982 1984 uostris
1008 1909 1289 2001 Bocbnensibus,
1324 1915 1469 2002 propter
1503 1910 1800 2003 propinquitatem
1831 1920 1868 1987 et
1921 1989 1931 1998 ,

315 2031 505 2106 iacilioram
531 2031 626 2107 dicto
651 2031 845 2105 Busauensi
883 2031 1256 2107 monasterio-aditum
1283 2035 1320 2104 et
1345 2052 1530 2123 accessum,
1570 2039 1720 2124 quatuor
1738 2034 1867 2107 bancos

312 2155 438 2245 gmon,
463 2158 614 2247 quatuor
637 2172 747 2227 urnas
768 2149 919 2244 maoz,
944 2158 1096 2245 quatuor
1112 2173 1292 2227 mensuras
1310 2154 1436 2226 minuti
1461 2153 1545 2227 salis
1571 2154 1664 2245 apud
1681 2155 1867 2246 zupparios

314 2280 466 2366 nostros,
491 2276 548 2348 vel
566 2276 638 2369 uui
660 2275 784 2368 cuppis
809 2274 999 2367 praedictis
1034 2275 1285 2372 praesidebunt
1298 2312 1306 2325 ·
1319 2276 1498 2367 perpetuis
1537 2275 1753 2366 temporibus
1779 2277 1867 2349 assi-

313 2416 464 2495 gnamus
488 2402 527 2470 st
551 2396 742 2486 donamns3
776 2396 845 2487 ita,
881 2395 975 2488 quod
999 2396 1047 2470 ad
1072 2416 1193 2471 eorum
1229 2397 1438 2489 quittantias
1464 2403 1501 2471 et
1526 2397 1682 2488 litteras,
1707 2398 1866 2489 zupparii

280 2547 285 2556 ·
314 2518 437 2609 nostri
463 2518 518 2592 vel
543 2519 607 2591 alii
632 2519 754 2610 cuppis
779 2519 1055 2610 praesidentes„
1071 2519 1158 2611 ipsis
1193 2519 1350 2611 qnalibet
1383 2520 1460 2593 vice
1486 2523 1635 2611 quatuor
1669 2524 1865 2610 temporum

314 2639 500 2715 cuiuslibet
524 2641 616 2731 anni,
642 2640 686 2713 de
712 2659 793 2714 uno·
807 2639 919 2715 bauco
946 2640 1071 2731 grossi,
1097 2661 1168 2713 una
1194 2661 1356 2714 mensura
1382 2641 1506 2713 minuti
1533 2648 1570 2712 ιι
1595 2661 1666 2712 uua
1690 2661 1780 2712 urna
1804 2665 1865 2712 ao-

249 2862 252 2867 .
313 2757 409 2832 “¹¹⁶⁸
432 2758 519 2835 ⁸²¹5*
544 2760 716 2854 1)ῐῦθῶθῆ
740 2766 899 2852 maur,
933 2761 1114 2854 parimodo
1141 2762 1220 2834 aliis
1247 2763 1330 2834 anni
1356 2769 1507 2854 quatuor
1534 2762 1750 2864 temporibus
1777 2782 1865 2835 sem-

309 2901 375 2973 per
393 2881 614 2957 tenebuntur
639 2882 798 2956 reddere.
842 2881 936 2973 Quas
963 2882 1104 2975 quidam
1130 2903 1270 2956 sorores
1301 2883 1517 2983 approbante
1553 2886 1590 2955 et
1624 2876 1865 2957 audiorisante

311 3001 470 3094 praefato
495 3003 635 3091 domino
661 3002 860 3077 Alberto
886 3003 1050 3095 episcopo
1076 3023 1270 3095 oneramus,
1296 3005 1435 3076 eteius
1461 3003 1693 3077 eonscientiae
1718 3004 1865 3096 imponi-

305 3143 398 3213 mus,
419 3129 465 3197 ut
488 3128 674 3215 praetextu
700 3123 898 3198 (ιιιιιιοιιιι
915 3124 1116 3198 huiusmodi
1142 3130 1293 3215 ιιοιιιιι,
1320 3125 1467 3216 singulis
1492 3123 1590 3197 feriis
1617 3122 1778 3197 secundis
1804 3145 1864 3197 cu-

309 3244 453 3338 iulibst
476 3245 578 3337 anui,
616 3266 682 3338 pro
716 3245 832 3318 anima
867 3246 1018 3338 inclytae
1053 3245 1478 3337 dominae-Hedvigis
1520 3245 1662 3340 reginae
1696 3231 1862 3319 Poiouiae

312 3365 485 3440 consortis
519 3373 662 3441 nostrae
696 3366 897 3458 defunctae,
933 3387 975 3439 ac
1009 3373 1152 3440 nostrae
1178 3372 1215 3440 et
1241 3373 1440 3440 nostrorum
1476 3386 1714 3439 successorum
1750 3366 1863 3439 salute

311 3488 515 3580 minarum
540 3509 646 3562 unam
671 3488 814 3562 missam
839 3486 1081 3563 defunctorum
1107 3488 1181 3561 alta
1206 3508 1291 3563 voce
1308 3495 1346 3562 et
1362 3488 1499 3580 vigilias
1525 3507 1661 3561 novem.
1676 3487 1863 3561 lectionum

310 3609 523 3701 quibuslibet
549 3615 699 3703 quatuor
724 3610 940 3702 temporibus
975 3611 1067 3701 anni,
1093 3615 1263 3702 perpetuo
1289 3611 1362 3694 sint
1387 3609 1547 3683 adstricti
1571 3609 1774 3699 decantare,
1800 3609 1863 3682 ba-

309 3750 407 3822 rum,
441 3730 567 3823 quibus
592 3731 746 3824 amilium
771 3731 965 3815 maiestatis
991 3737 1134 3806 nostrae
1159 3737 1215 3804 est
1240 3734 1516 3824 subappensum,
1542 3731 1741 3811 testimonio
1768 3731 1861 3803 litte-

309 3872 437 3926 rarurn.
462 3852 593 3927 Datum
610 3855 648 3925 in
666 3852 858 3941 Wislica
868 3875 914 3944 a,
933 3853 1023 3926 teria
1039 3853 1192 3927 secunda
1209 3860 1290 3946 post
1306 3854 1434 3927 iestum
1451 3852 1709 3947 assumptionis
1726 3853 1862 3925 Mariae

298 3992 400 4068 ⁸anano
425 3973 566 4047 Domini
596 3976 705 4049 1415.
731 3976 974 4067 praesentibus
1000 3975 1193 4067 magnificis
1220 3983 1257 4049 et
1282 3976 1457 4049 nobilibus
1491 3976 1577 4049 viris
1615 3974 1862 4049 christino

290 4094 511 4187 -castellauo,
536 4096 560 4170 J
568 4097 749 4170 ohanne
774 4097 929 4190 palatino
947 4095 1183 4190 Oraoovieusi,
1200 4097 1345 4172 Nicolao
1362 4098 1407 4172 de
1424 4094 1670 4171 ldicbalow
1701 4097 1864 4188 palatino,

299 4214 541 4290 Michaeie
567 4218 757 4291 castellano
777 4208 1060 4309 Sandomiriensi,
1078 4219 1185 4299 Petro
1211 4218 1582 4312 Schaiiranyecz
1609 4219 1861 4291 succamerario

306 4313 529 4413 (ιιιιοιιιιιιι
554 4344 592 4412 et
614 4339 772 4432 Zbigneo
805 4340 851 4413 de
876 4341 1109 4432 Brzesaye
1143 4341 1314 4414 ιιιιιιιιιο
1341 4341 1460 4432 regni,
1486 4346 1523 4412 et
1548 4340 1628 4412 aliia
1654 4361 1757 4434 quam
1784 4340 1861 4430 pln-

306 4460 405 4534 n‘bus
430 4460 499 4533 tide
524 4460 650 4552 dignis
676 4460 807 4534 Datum
828 4480 897 4553 per
923 4481 1046 4535 manus
1072 4456 1293 4538 reverendi
1282 4483 1319 4533 m
1337 4460 1477 4534 Christo
1504 4462 1615 4552 patris
1641 4461 1771 4533 domini
1789 4461 1861 4551 epi-

308 4572 405 4673 scopi
431 4581 680 4672 cracoviensis,
705 4583 806 4674 mgni
831 4582 998 4656 Poloniae
1023 4568 1241 4673 cancellarii,
1268 4582 1402 4654 sincera
1428 4581 1529 4655 nobis
1555 4582 1684 4671 dilecti,
1709 4601 1774 4653 nec
1791 4602 1860 4653 non
1949 4588 1953 4597 '

306 4703 515 4777 ammobilia
550 4703 682 4775 domiui
716 4703 839 4779 decani
874 4702 1116 4778 (ιιιιοιιιιιιιι
1151 4709 1189 4776 ιι
1217 4704 1410 4796 praepositi
1445 4701 1704 4777 cracoviae
1740 4702 1859 4774 Sancti

304 4823 471 4916 Floriani,
496 4824 651 4898 eiusdem
678 4825 778 4918 regni
803 4825 970 4899 Poloniaa
995 4825 1298 4901 rice-cancellarii

409 5067 571 5158 Βιιιιιο,
596 5067 848 5141 monasterium
873 5067 909 5140 in
936 5067 1142 5141 occidentali
1165 5073 1201 5142 et
1218 5068 1482 5160 septentrionali
1508 5073 1609 5160 parte
1636 5067 1754 5160 oppidi
1781 5068 1882 5141 Βιι-·

231 5180 245 5209 ⁸
305 5188 417 5262 saka
430 5188 568 5280 ¹situm,
604 5189 737 5263 habeus
764 5189 863 5263 iuxta
888 5209 927 5264 aa
953 5189 1135 5263 ecclesiam
1162 5195 1336 5263 muratam
1361 5189 1510 5263 Sanctae
1536 5189 1683 5281 Mariae,
1710 5195 1749 5263 et
1773 5191 1860 5263 duas

304 5309 554 5401 habitationes,¹
572 5331 680 5384 unam
705 5331 771 5403 pro
796 5311 884 5385 ιιιιι
900 5315 937 5385 ot
953 5310 1100 5384 alteram
1126 5331 1191 5403 pro
1209 5311 1414 5404 virginibus,
1441 5313 1563 5384 ambae
1580 5316 1697 5384 tamen
1724 5311 1860 5401 ligneae

304 5428 396 5520 subt,
422 5430 485 5503 sed
510 5431 684 5506 habitatio
710 5431 883 5524 virginum
908 5453 1009 5506 muro
1035 5433 1250 5507 circumdata
1276 5439 1350 5524 est,
1385 5437 1422 5507 et
1448 5432 1727 5506 sanctimoniales
1762 5432 1859 5523 ipsae

233 5540 237 5545 ’
303 5550 370 5624 sub
396 5552 557 5626 clausura
581 5553 752 5645 habitant,
777 5558 816 5627 et
841 5554 953 5628 omnis
979 5553 1157 5647 divagatio
1183 5561 1238 5628 est
1262 5555 1314 5629 eis
1341 5554 1500 5627 inhibita
1532 5553 1760 5644 Praepositae
1785 5575 1859 5626 mo-

302 5672 449 5745 ιιιιιιιι
474 5678 581 5748 ιιιιιι
613 5674 747 5768 aliquot
780 5673 911 5750 iratres
946 5677 1079 5750 ordinis
1105 5677 1473 5769 praemonstratensis,
1500 5680 1537 5749 et
1562 5676 1669 5750 babet
1702 5675 1858 5749 cumeis

305 5813 457 5867 mansam
484 5815 708 5888 communem,
734 5797 827 5873 bona
853 5819 992 5891 qnoque
1017 5799 1249 5911 monasterii
1239 5821 1275 5872 m
1294 5799 1535 5891 spiritualibus
1553 5803 1591 5872 et
1596 5799 1857 5891 temporalibus
2005 5806 2007 5810 ’

300 5914 543 6009 administrat,
578 5921 616 5990 et
641 5919 960 5994 sanctimonialibus
994 5921 1040 5995 do
1065 5900 1168 5997 uictu
1177 5926 1226 5996 st
1251 5923 1378 5996 amictu
1405 5921 1622 6013 caeterisque
1648 5920 1855 5993 necessariis
1970 5913 1972 5917 ’

299 6037 471 6128 providet,
498 6039 620 6112 babito
648 6040 883 6114 moderamine
908 6042 954 6114 ad
980 6040 1191 6147 mammerti
1209 6040 1420 6116 facultatem.
1465 6043 1690 6133 Praepositae
1717 6061 1854 6135 quoque

298 6158 379 6249 ipse
396 6164 433 6232 ιι
448 6157 520 6234 irat
503 6165 577 6234 tres
603 6163 659 6235 sui
685 6183 760 6236 nem
786 6162 940 6237 divinam
965 6150 1104 6277 gerunt,
1122 6142 1189 6239 'at
1172 6172 1335 6239 caetera
1360 6166 1574 6237 charismata
1600 6163 1750 6254 explent,
1777 6184 1856 6236 sau-

265 6279 519 6355 ctimoniales
554 6283 661 6357 horas
697 6287 879 6361 canonicas
914 6268 1103 6363 maturans
1128 6290 1167 6361 et
1192 6276 1335 6361 diurnas
1362 6287 1534 6378 singulas,
1562 6286 1624 6358 sed
1650 6292 1687 6358 et
1713 6286 1854 6360 missam
1934 6353 1941 6363 .

260 6422 403 6491 -unam
432 6404 578 6494 singulis
596 6405 718 6480 diebus
736 6408 954 6503 complent'
943 6432 980 6489 un
997 6408 1076 6537 aliis
1093 6392 1318 6513 temporibus,
1336 6409 1408 6483 suis
1426 6409 1531 6483 devot
1531 6409 1668 6483 ionibus
1686 6409 1852 6502 vacando,

283 6506 744 6715 *monn
927 6582 930 6587 ·
1651 6549 1687 6596 ¹²

888 6810 895 6830 ,
1565 6872 1583 6903 .
1803 6846 1807 6855 Ι
