<?xml version="1.0" encoding="UTF-8"?>
<!DOCTYPE html PUBLIC "-//W3C//DTD XHTML 1.0 Transitional//EN"
    "http://www.w3.org/TR/xhtml1/DTD/xhtml1-transitional.dtd">
<html xmlns="http://www.w3.org/1999/xhtml" xml:lang="en" lang="en">
 <head>
  <title>
</title>
<meta http-equiv="Content-Type" content="text/html;charset=utf-8" />
  <meta name='ocr-system' content='tesseract 3.04.00' />
  <meta name='ocr-capabilities' content='ocr_page ocr_carea ocr_par ocr_line ocrx_word'/>
</head>
<body>
  <div class='ocr_page' id='page_1' title='image "./joannisdugoszse02dugoog_0159.png"; bbox 0 0 4217 8059; ppageno 0'>
   <div class='ocr_carea' id='block_1_1' title="bbox 276 1676 1970 1773">
    <p class='ocr_par' dir='ltr' id='par_1_1' title="bbox 276 1676 1970 1773">
     <span class='ocr_line' id='line_1_1' title="bbox 276 1676 1970 1773; baseline 0.008 -25"><span class='ocrx_word' id='word_1_1' title='bbox 276 1677 426 1768; x_wconf 78' lang='lat' dir='ltr'>plebano</span> <span class='ocrx_word' id='word_1_2' title='bbox 451 1679 486 1749; x_wconf 95' lang='lat' dir='ltr'>in</span> <span class='ocrx_word' id='word_1_3' title='bbox 513 1676 874 1772; x_wconf 82' lang='lat' dir='ltr'>Podstholycze</span> <span class='ocrx_word' id='word_1_4' title='bbox 917 1681 1003 1752; x_wconf 82' lang='lat' dir='ltr'>Item</span> <span class='ocrx_word' id='word_1_5' title='bbox 1032 1688 1088 1753; x_wconf 89' lang='lat' dir='ltr'>est</span> <span class='ocrx_word' id='word_1_6' title='bbox 1111 1682 1364 1770; x_wconf 85' lang='lat' dir='ltr'>molendinum,</span> <span class='ocrx_word' id='word_1_7' title='bbox 1400 1683 1492 1773; x_wconf 85' lang='lat' dir='ltr'>quod</span> <span class='ocrx_word' id='word_1_8' title='bbox 1520 1684 1623 1756; x_wconf 93' lang='lat' dir='ltr'>solvit</span> <span class='ocrx_word' id='word_1_9' title='bbox 1663 1693 1829 1760; x_wconf 77' lang='lat' dir='ltr'>metretas</span> <span class='ocrx_word' id='word_1_10' title='bbox 1967 1727 1970 1732; x_wconf 96' lang='lat'>·</span> 
     </span>
    </p>
   </div>
   <div class='ocr_carea' id='block_1_2' title="bbox 277 1798 1829 1893">
    <p class='ocr_par' dir='ltr' id='par_1_2' title="bbox 277 1798 1829 1893">
     <span class='ocr_line' id='line_1_2' title="bbox 277 1798 1829 1893; baseline 0.007 -23"><span class='ocrx_word' id='word_1_11' title='bbox 277 1820 340 1889; x_wconf 89' lang='lat' dir='ltr'>pro</span> <span class='ocrx_word' id='word_1_12' title='bbox 368 1799 578 1873; x_wconf 83' lang='lat' dir='ltr'>monasterio</span> <span class='ocrx_word' id='word_1_13' title='bbox 605 1798 771 1891; x_wconf 80' lang='lat' dir='ltr'>Corporis</span> <span class='ocrx_word' id='word_1_14' title='bbox 798 1799 939 1873; x_wconf 88' lang='lat' dir='ltr'>Christi.</span> <span class='ocrx_word' id='word_1_15' title='bbox 966 1801 1053 1872; x_wconf 90' lang='lat' dir='ltr'>Item</span> <span class='ocrx_word' id='word_1_16' title='bbox 1082 1823 1141 1874; x_wconf 84' lang='lat' dir='ltr'>sex</span> <span class='ocrx_word' id='word_1_17' title='bbox 1169 1804 1322 1893; x_wconf 81' lang='lat' dir='ltr'>piscinae</span> <span class='ocrx_word' id='word_1_18' title='bbox 1350 1804 1484 1876; x_wconf 89' lang='lat' dir='ltr'>suntin</span> <span class='ocrx_word' id='word_1_19' title='bbox 1502 1805 1623 1885; x_wconf 89' lang='lat' dir='ltr'>eadem</span> <span class='ocrx_word' id='word_1_20' title='bbox 1642 1806 1725 1877; x_wconf 86' lang='lat' dir='ltr'>villa</span> <span class='ocrx_word' id='word_1_21' title='bbox 1744 1808 1829 1881; x_wconf 89' lang='lat' dir='ltr'>satis</span> 
     </span>
    </p>
   </div>
   <div class='ocr_carea' id='block_1_3' title="bbox 273 1920 1956 2503">
    <p class='ocr_par' dir='ltr' id='par_1_3' title="bbox 273 1920 1956 2503">
     <span class='ocr_line' id='line_1_3' title="bbox 276 1920 1956 2015; baseline 0.005 -23"><span class='ocrx_word' id='word_1_22' title='bbox 276 1921 387 1992; x_wconf 88' lang='lat' dir='ltr'>bonae</span> <span class='ocrx_word' id='word_1_23' title='bbox 415 1920 641 1995; x_wconf 74' lang='lat' dir='ltr'>coenobiales.</span> <span class='ocrx_word' id='word_1_24' title='bbox 684 1921 772 1993; x_wconf 91' lang='lat' dir='ltr'>Item</span> <span class='ocrx_word' id='word_1_25' title='bbox 799 1929 879 2012; x_wconf 90' lang='lat' dir='ltr'>post</span> <span class='ocrx_word' id='word_1_26' title='bbox 906 1942 1025 1993; x_wconf 90' lang='lat' dir='ltr'>omnes</span> <span class='ocrx_word' id='word_1_27' title='bbox 1052 1922 1279 2013; x_wconf 87' lang='lat' dir='ltr'>hortvdanias,</span> <span class='ocrx_word' id='word_1_28' title='bbox 1306 1924 1440 1995; x_wconf 91' lang='lat' dir='ltr'>decima</span> <span class='ocrx_word' id='word_1_29' title='bbox 1466 1925 1693 2015; x_wconf 80' lang='lat' dir='ltr'>manipularis</span> <span class='ocrx_word' id='word_1_30' title='bbox 1720 1928 1829 2001; x_wconf 90' lang='lat' dir='ltr'>eccle·</span> <span class='ocrx_word' id='word_1_31' title='bbox 1952 1994 1956 2011; x_wconf 90' lang='grc'><strong>,</strong></span> 
     </span>
     <span class='ocr_line' id='line_1_4' title="bbox 275 2039 1826 2136; baseline 0.007 -26"><span class='ocrx_word' id='word_1_32' title='bbox 275 2041 346 2111; x_wconf 90' lang='lat' dir='ltr'>siae</span> <span class='ocrx_word' id='word_1_33' title='bbox 373 2041 408 2111; x_wconf 92' lang='lat' dir='ltr'>in</span> <span class='ocrx_word' id='word_1_34' title='bbox 436 2039 710 2133; x_wconf 83' lang='lat' dir='ltr'>Wyeliczlra</span> <span class='ocrx_word' id='word_1_35' title='bbox 735 2042 895 2117; x_wconf 77' lang='lat' dir='ltr'>solvitur</span> <span class='ocrx_word' id='word_1_36' title='bbox 937 2043 1024 2114; x_wconf 91' lang='lat' dir='ltr'>ltem</span> <span class='ocrx_word' id='word_1_37' title='bbox 1053 2045 1127 2134; x_wconf 82' lang='lat' dir='ltr'>agri</span> <span class='ocrx_word' id='word_1_38' title='bbox 1157 2045 1390 2117; x_wconf 86' lang='lat' dir='ltr'>emethonales</span> <span class='ocrx_word' id='word_1_39' title='bbox 1419 2045 1519 2117; x_wconf 92' lang='lat' dir='ltr'>villae</span> <span class='ocrx_word' id='word_1_40' title='bbox 1554 2045 1731 2136; x_wconf 87' lang='lat' dir='ltr'>praefatae</span> <span class='ocrx_word' id='word_1_41' title='bbox 1758 2049 1826 2121; x_wconf 88' lang='lat' dir='ltr'>sdl·</span> 
     </span>
     <span class='ocr_line' id='line_1_5' title="bbox 274 2142 1827 2260; baseline 0.006 -28"><span class='ocrx_word' id='word_1_42' title='bbox 274 2167 360 2233; x_wconf 86' lang='lat' dir='ltr'>runt</span> <span class='ocrx_word' id='word_1_43' title='bbox 397 2162 564 2233; x_wconf 87' lang='lat' dir='ltr'>decimam</span> <span class='ocrx_word' id='word_1_44' title='bbox 600 2164 850 2254; x_wconf 85' lang='lat' dir='ltr'>manipularem</span> <span class='ocrx_word' id='word_1_45' title='bbox 880 2171 917 2235; x_wconf 91' lang='lat' dir='ltr'>et</span> <span class='ocrx_word' id='word_1_46' title='bbox 941 2142 1143 2256; x_wconf 86' lang='lat' dir='ltr'>canapalem</span> <span class='ocrx_word' id='word_1_47' title='bbox 1180 2165 1289 2237; x_wconf 87' lang='lat' dir='ltr'>alteri-</span> <span class='ocrx_word' id='word_1_48' title='bbox 1310 2166 1460 2239; x_wconf 89' lang='lat' dir='ltr'>vicariae</span> <span class='ocrx_word' id='word_1_49' title='bbox 1496 2173 1702 2258; x_wconf 86' lang='lat' dir='ltr'>perpetuae,</span> <span class='ocrx_word' id='word_1_50' title='bbox 1739 2189 1827 2260; x_wconf 86' lang='lat' dir='ltr'>quae</span> 
     </span>
     <span class='ocr_line' id='line_1_6' title="bbox 274 2282 1848 2387; baseline 0.005 -33"><span class='ocrx_word' id='word_1_51' title='bbox 274 2284 428 2373; x_wconf 78' lang='lat' dir='ltr'>pertinet</span> <span class='ocrx_word' id='word_1_52' title='bbox 454 2282 499 2354; x_wconf 86' lang='lat' dir='ltr'>ud</span> <span class='ocrx_word' id='word_1_53' title='bbox 525 2284 758 2373; x_wconf 87' lang='lat' dir='ltr'>praebendam</span> <span class='ocrx_word' id='word_1_54' title='bbox 775 2284 1062 2375; x_wconf 75' lang='lat' dir='ltr'>&#39;Cracoriensem</span> <span class='ocrx_word' id='word_1_55' title='bbox 1091 2307 1180 2376; x_wconf 89' lang='lat' dir='ltr'>quae</span> <span class='ocrx_word' id='word_1_56' title='bbox 1207 2287 1650 2387; x_wconf 74' lang='lat' dir='ltr'>voratur-Raciborovslra,</span> <span class='ocrx_word' id='word_1_57' title='bbox 1678 2294 1714 2360; x_wconf 90' lang='lat' dir='ltr'>et</span> <span class='ocrx_word' id='word_1_58' title='bbox 1731 2290 1848 2363; x_wconf 85' lang='lat' dir='ltr'>valor</span> 
     </span>
     <span class='ocr_line' id='line_1_7' title="bbox 273 2383 909 2503; baseline 0.003 -29"><span class='ocrx_word' id='word_1_59' title='bbox 273 2405 348 2475; x_wconf 90' lang='lat' dir='ltr'>eius</span> <span class='ocrx_word' id='word_1_60' title='bbox 375 2383 579 2476; x_wconf 88' lang='lat' dir='ltr'>aestimatur</span> <span class='ocrx_word' id='word_1_61' title='bbox 605 2387 650 2476; x_wconf 92' lang='lat' dir='ltr'>ad</span> <span class='ocrx_word' id='word_1_62' title='bbox 678 2426 739 2477; x_wconf 84' lang='lat' dir='ltr'>sex</span> <span class='ocrx_word' id='word_1_63' title='bbox 760 2426 909 2503; x_wconf 80' lang='lat' dir='ltr'>¹marcas.</span> 
     </span>
    </p>
   </div>
   <div class='ocr_carea' id='block_1_4' title="bbox 272 2605 1832 3227">
    <p class='ocr_par' dir='ltr' id='par_1_4' title="bbox 272 2605 1832 3227">
     <span class='ocr_line' id='line_1_8' title="bbox 385 2605 1830 2741; baseline 0.009 -29"><span class='ocrx_word' id='word_1_64' title='bbox 385 2605 680 2714; x_wconf 64' lang='lat' dir='ltr'>&#39;molendinum</span> <span class='ocrx_word' id='word_1_65' title='bbox 716 2656 851 2738; x_wconf 86' lang='lat' dir='ltr'>prope</span> <span class='ocrx_word' id='word_1_66' title='bbox 885 2635 1049 2741; x_wconf 85' lang='lat' dir='ltr'>portam</span> <span class='ocrx_word' id='word_1_67' title='bbox 1083 2635 1125 2714; x_wconf 83' lang='lat' dir='ltr'>S.</span> <span class='ocrx_word' id='word_1_68' title='bbox 1159 2635 1341 2736; x_wconf 84' lang='lat' dir='ltr'>Nicolai,</span> <span class='ocrx_word' id='word_1_69' title='bbox 1376 2626 1415 2716; x_wconf 76' lang='grc' dir='ltr'>ιιι</span> <span class='ocrx_word' id='word_1_70' title='bbox 1450 2634 1734 2717; x_wconf 84' lang='lat' dir='ltr'>Cracovia</span> <span class='ocrx_word' id='word_1_71' title='bbox 1792 2657 1830 2725; x_wconf 87' lang='lat' dir='ltr'>st</span> 
     </span>
     <span class='ocr_line' id='line_1_9' title="bbox 276 2767 1828 2871; baseline 0.006 -33"><span class='ocrx_word' id='word_1_72' title='bbox 276 2769 310 2838; x_wconf 90' lang='lat' dir='ltr'>in</span> <span class='ocrx_word' id='word_1_73' title='bbox 338 2767 442 2840; x_wconf 85' lang='lat' dir='ltr'>fluvio</span> <span class='ocrx_word' id='word_1_74' title='bbox 469 2767 668 2841; x_wconf 81' lang='lat' dir='ltr'>Rudavva</span> <span class='ocrx_word' id='word_1_75' title='bbox 694 2771 808 2858; x_wconf 90' lang='lat' dir='ltr'>situm,</span> <span class='ocrx_word' id='word_1_76' title='bbox 835 2771 932 2841; x_wconf 89' lang='lat' dir='ltr'>cuius</span> <span class='ocrx_word' id='word_1_77' title='bbox 959 2770 1147 2871; x_wconf 87' lang='lat' dir='ltr'>molendini</span> <span class='ocrx_word' id='word_1_78' title='bbox 1166 2772 1364 2862; x_wconf 83' lang='lat' dir='ltr'>proprietas</span> <span class='ocrx_word' id='word_1_79' title='bbox 1384 2779 1420 2843; x_wconf 91' lang='lat' dir='ltr'>et</span> <span class='ocrx_word' id='word_1_80' title='bbox 1438 2772 1625 2844; x_wconf 92' lang='lat' dir='ltr'>dominium</span> <span class='ocrx_word' id='word_1_81' title='bbox 1655 2772 1828 2864; x_wconf 87' lang='lat' dir='ltr'>integrum</span> 
     </span>
     <span class='ocr_line' id='line_1_10' title="bbox 274 2872 1831 2984; baseline 0.003 -25"><span class='ocrx_word' id='word_1_82' title='bbox 274 2887 318 2959; x_wconf 92' lang='lat' dir='ltr'>ad</span> <span class='ocrx_word' id='word_1_83' title='bbox 345 2889 602 2960; x_wconf 86' lang='lat' dir='ltr'>serenissimum</span> <span class='ocrx_word' id='word_1_84' title='bbox 634 2888 800 2961; x_wconf 91' lang='lat' dir='ltr'>Poloniae</span> <span class='ocrx_word' id='word_1_85' title='bbox 828 2911 945 2981; x_wconf 81' lang='lat' dir='ltr'>regem</span> <span class='ocrx_word' id='word_1_86' title='bbox 973 2891 1134 2981; x_wconf 90' lang='lat' dir='ltr'>pertinet.</span> <span class='ocrx_word' id='word_1_87' title='bbox 1165 2892 1206 2962; x_wconf 93' lang='lat' dir='ltr'>In</span> <span class='ocrx_word' id='word_1_88' title='bbox 1233 2894 1298 2962; x_wconf 88' lang='lat' dir='ltr'>hoc</span> <span class='ocrx_word' id='word_1_89' title='bbox 1325 2892 1522 2964; x_wconf 92' lang='lat' dir='ltr'>molendino</span> <span class='ocrx_word' id='word_1_90' title='bbox 1549 2872 1768 2984; x_wconf 78' lang='lat' dir='ltr'>praepositus</span> <span class='ocrx_word' id='word_1_91' title='bbox 1794 2900 1831 2967; x_wconf 90' lang='lat' dir='ltr'>et</span> 
     </span>
     <span class='ocr_line' id='line_1_11' title="bbox 275 3008 1832 3105; baseline 0.007 -27"><span class='ocrx_word' id='word_1_92' title='bbox 275 3015 463 3080; x_wconf 86' lang='lat' dir='ltr'>conventus</span> <span class='ocrx_word' id='word_1_93' title='bbox 490 3008 656 3099; x_wconf 85' lang='lat' dir='ltr'>Corporis</span> <span class='ocrx_word' id='word_1_94' title='bbox 687 3011 818 3081; x_wconf 85' lang='lat' dir='ltr'>Christi</span> <span class='ocrx_word' id='word_1_95' title='bbox 849 3012 903 3082; x_wconf 91' lang='lat' dir='ltr'>ius</span> <span class='ocrx_word' id='word_1_96' title='bbox 931 3012 1037 3083; x_wconf 91' lang='lat' dir='ltr'>habet</span> <span class='ocrx_word' id='word_1_97' title='bbox 1065 3012 1226 3103; x_wconf 85' lang='lat' dir='ltr'>perpetui</span> <span class='ocrx_word' id='word_1_98' title='bbox 1253 3013 1548 3103; x_wconf 86' lang='lat' dir='ltr'>molendinatoris,</span> <span class='ocrx_word' id='word_1_99' title='bbox 1574 3019 1611 3085; x_wconf 90' lang='lat' dir='ltr'>et</span> <span class='ocrx_word' id='word_1_100' title='bbox 1638 3015 1832 3105; x_wconf 84' lang='lat' dir='ltr'>perceptio·</span> 
     </span>
     <span class='ocr_line' id='line_1_12' title="bbox 272 3131 1830 3227; baseline 0.003 -26"><span class='ocrx_word' id='word_1_101' title='bbox 272 3150 349 3202; x_wconf 88' lang='lat' dir='ltr'>nem</span> <span class='ocrx_word' id='word_1_102' title='bbox 376 3131 501 3202; x_wconf 83' lang='lat' dir='ltr'>tertiae</span> <span class='ocrx_word' id='word_1_103' title='bbox 527 3131 639 3221; x_wconf 87' lang='lat' dir='ltr'>partis</span> <span class='ocrx_word' id='word_1_104' title='bbox 667 3133 818 3204; x_wconf 89' lang='lat' dir='ltr'>omnium</span> <span class='ocrx_word' id='word_1_105' title='bbox 855 3132 1163 3223; x_wconf 85' lang='lat' dir='ltr'>emolimentorurn,</span> <span class='ocrx_word' id='word_1_106' title='bbox 1190 3154 1273 3224; x_wconf 82' lang='lat' dir='ltr'>rege</span> <span class='ocrx_word' id='word_1_107' title='bbox 1302 3134 1468 3206; x_wconf 89' lang='lat' dir='ltr'>Poloniae</span> <span class='ocrx_word' id='word_1_108' title='bbox 1494 3135 1583 3207; x_wconf 90' lang='lat' dir='ltr'>duas</span> <span class='ocrx_word' id='word_1_109' title='bbox 1607 3136 1830 3227; x_wconf 89' lang='lat' dir='ltr'>percipiente.</span> 
     </span>
    </p>
   </div>
   <div class='ocr_carea' id='block_1_5' title="bbox 165 3250 1828 3347">
    <p class='ocr_par' dir='ltr' id='par_1_5' title="bbox 165 3250 1828 3347">
     <span class='ocr_line' id='line_1_13' title="bbox 165 3250 1828 3347; baseline 0.01 -32"><span class='ocrx_word' id='word_1_110' title='bbox 165 3284 171 3294; x_wconf 82' lang='lat'><em>-</em></span> <span class='ocrx_word' id='word_1_111' title='bbox 272 3250 416 3339; x_wconf 77' lang='lat' dir='ltr'>Quidam</span> <span class='ocrx_word' id='word_1_112' title='bbox 444 3251 534 3322; x_wconf 91' lang='lat' dir='ltr'>enim</span> <span class='ocrx_word' id='word_1_113' title='bbox 562 3250 763 3324; x_wconf 83' lang='lat' dir='ltr'>Gerlach</span> <span class='ocrx_word' id='word_1_114' title='bbox 801 3253 1063 3325; x_wconf 87' lang='lat' dir='ltr'>molendinator</span> <span class='ocrx_word' id='word_1_115' title='bbox 1096 3254 1286 3326; x_wconf 89' lang='lat' dir='ltr'>molendini</span> <span class='ocrx_word' id='word_1_116' title='bbox 1312 3253 1461 3345; x_wconf 77' lang='lat' dir='ltr'>praefati</span> <span class='ocrx_word' id='word_1_117' title='bbox 1492 3262 1528 3327; x_wconf 91' lang='lat' dir='ltr'>et</span> <span class='ocrx_word' id='word_1_118' title='bbox 1554 3257 1678 3327; x_wconf 90' lang='lat' dir='ltr'>haeres</span> <span class='ocrx_word' id='word_1_119' title='bbox 1704 3277 1828 3347; x_wconf 87' lang='lat' dir='ltr'>perpe-</span> 
     </span>
    </p>
   </div>
   <div class='ocr_carea' id='block_1_6' title="bbox 272 3371 1856 4193">
    <p class='ocr_par' dir='ltr' id='par_1_6' title="bbox 272 3371 1856 4193">
     <span class='ocr_line' id='line_1_14' title="bbox 277 3371 1828 3474; baseline 0.003 -31"><span class='ocrx_word' id='word_1_120' title='bbox 277 3378 368 3461; x_wconf 92' lang='lat' dir='ltr'>tuus,</span> <span class='ocrx_word' id='word_1_121' title='bbox 395 3371 630 3444; x_wconf 88' lang='lat' dir='ltr'>molendinum</span> <span class='ocrx_word' id='word_1_122' title='bbox 657 3372 851 3463; x_wconf 79' lang='lat' dir='ltr'>praelatum</span> <span class='ocrx_word' id='word_1_123' title='bbox 879 3394 942 3474; x_wconf 86' lang='lat' dir='ltr'>per</span> <span class='ocrx_word' id='word_1_124' title='bbox 959 3374 1143 3465; x_wconf 81' lang='lat' dir='ltr'>privilegia</span> <span class='ocrx_word' id='word_1_125' title='bbox 1169 3374 1413 3446; x_wconf 90' lang='lat' dir='ltr'>Vladislai</span> <span class='ocrx_word' id='word_1_126' title='bbox 1438 3374 1583 3447; x_wconf 91' lang='lat' dir='ltr'>Primi</span> <span class='ocrx_word' id='word_1_127' title='bbox 1610 3382 1646 3447; x_wconf 92' lang='lat' dir='ltr'>et</span> <span class='ocrx_word' id='word_1_128' title='bbox 1672 3375 1828 3449; x_wconf 80' lang='lat' dir='ltr'>vladi-</span> 
     </span>
     <span class='ocr_line' id='line_1_15' title="bbox 274 3492 1828 3588; baseline 0.004 -24"><span class='ocrx_word' id='word_1_129' title='bbox 274 3492 364 3565; x_wconf 82' lang='lat' dir='ltr'>slai</span> <span class='ocrx_word' id='word_1_130' title='bbox 391 3492 599 3565; x_wconf 88' lang='lat' dir='ltr'>Secundi</span> <span class='ocrx_word' id='word_1_131' title='bbox 625 3514 746 3584; x_wconf 80' lang='lat' dir='ltr'>regum</span> <span class='ocrx_word' id='word_1_132' title='bbox 773 3494 939 3567; x_wconf 87' lang='lat' dir='ltr'>Poloniae</span> <span class='ocrx_word' id='word_1_133' title='bbox 966 3495 1155 3567; x_wconf 84' lang='lat' dir='ltr'>obtinebat.</span> <span class='ocrx_word' id='word_1_134' title='bbox 1195 3495 1366 3568; x_wconf 86' lang='lat' dir='ltr'>Processu</span> <span class='ocrx_word' id='word_1_135' title='bbox 1390 3516 1475 3585; x_wconf 85' lang='lat' dir='ltr'>vero</span> <span class='ocrx_word' id='word_1_136' title='bbox 1501 3497 1679 3588; x_wconf 85' lang='lat' dir='ltr'>temporis,</span> <span class='ocrx_word' id='word_1_137' title='bbox 1705 3496 1828 3571; x_wconf 86' lang='lat' dir='ltr'>vidali-</span> 
     </span>
     <span class='ocr_line' id='line_1_16' title="bbox 278 3614 1830 3708; baseline 0.004 -23"><span class='ocrx_word' id='word_1_138' title='bbox 278 3621 334 3686; x_wconf 89' lang='lat' dir='ltr'>oet</span> <span class='ocrx_word' id='word_1_139' title='bbox 357 3635 449 3686; x_wconf 92' lang='lat' dir='ltr'>anno</span> <span class='ocrx_word' id='word_1_140' title='bbox 476 3614 616 3687; x_wconf 90' lang='lat' dir='ltr'>Domini</span> <span class='ocrx_word' id='word_1_141' title='bbox 647 3617 756 3687; x_wconf 75' lang='lat'>1412.</span> <span class='ocrx_word' id='word_1_142' title='bbox 782 3616 1002 3689; x_wconf 80' lang='lat' dir='ltr'>medietatem</span> <span class='ocrx_word' id='word_1_143' title='bbox 1028 3616 1157 3691; x_wconf 83' lang='lat' dir='ltr'>tertiae</span> <span class='ocrx_word' id='word_1_144' title='bbox 1181 3617 1294 3707; x_wconf 88' lang='lat' dir='ltr'>partis</span> <span class='ocrx_word' id='word_1_145' title='bbox 1320 3616 1509 3689; x_wconf 91' lang='lat' dir='ltr'>molendini</span> <span class='ocrx_word' id='word_1_146' title='bbox 1536 3616 1683 3708; x_wconf 83' lang='lat' dir='ltr'>praefati</span> <span class='ocrx_word' id='word_1_147' title='bbox 1702 3616 1830 3691; x_wconf 87' lang='lat' dir='ltr'>Cathe-</span> 
     </span>
     <span class='ocr_line' id='line_1_17' title="bbox 280 3735 1854 3830; baseline 0.004 -24"><span class='ocrx_word' id='word_1_148' title='bbox 280 3735 358 3806; x_wconf 89' lang='lat' dir='ltr'>rina</span> <span class='ocrx_word' id='word_1_149' title='bbox 374 3790 376 3795; x_wconf 84' lang='lat'><em>.</em></span> <span class='ocrx_word' id='word_1_150' title='bbox 393 3735 515 3808; x_wconf 88' lang='lat' dir='ltr'>relicta</span> <span class='ocrx_word' id='word_1_151' title='bbox 548 3735 694 3808; x_wconf 88' lang='lat' dir='ltr'>Davidis</span> <span class='ocrx_word' id='word_1_152' title='bbox 731 3736 772 3808; x_wconf 92' lang='lat' dir='ltr'>de</span> <span class='ocrx_word' id='word_1_153' title='bbox 813 3736 1041 3810; x_wconf 88' lang='lat' dir='ltr'>Cracovia</span> <span class='ocrx_word' id='word_1_154' title='bbox 1075 3759 1140 3828; x_wconf 91' lang='lat' dir='ltr'>pro</span> <span class='ocrx_word' id='word_1_155' title='bbox 1177 3738 1417 3828; x_wconf 87' lang='lat' dir='ltr'>septingentis.</span> <span class='ocrx_word' id='word_1_156' title='bbox 1442 3742 1479 3808; x_wconf 91' lang='lat' dir='ltr'>et</span> <span class='ocrx_word' id='word_1_157' title='bbox 1513 3738 1664 3830; x_wconf 86' lang='lat' dir='ltr'>quinque</span> <span class='ocrx_word' id='word_1_158' title='bbox 1701 3740 1854 3823; x_wconf 75' lang='lat' dir='ltr'>marcu</span> 
     </span>
     <span class='ocr_line' id='line_1_18' title="bbox 272 3857 1828 3949; baseline 0.003 -22"><span class='ocrx_word' id='word_1_159' title='bbox 272 3858 422 3930; x_wconf 89' lang='lat' dir='ltr'>latorum</span> <span class='ocrx_word' id='word_1_160' title='bbox 461 3878 665 3948; x_wconf 80' lang='lat' dir='ltr'>grossorum</span> <span class='ocrx_word' id='word_1_161' title='bbox 701 3857 927 3949; x_wconf 73' lang='lat' dir='ltr'>Progenmum</span> <span class='ocrx_word' id='word_1_162' title='bbox 968 3858 1062 3949; x_wconf 90' lang='lat' dir='ltr'>apud</span> <span class='ocrx_word' id='word_1_163' title='bbox 1103 3857 1324 3930; x_wconf 90' lang='lat' dir='ltr'>Catherinam</span> <span class='ocrx_word' id='word_1_164' title='bbox 1361 3858 1543 3932; x_wconf 89' lang='lat' dir='ltr'>relictam</span> <span class='ocrx_word' id='word_1_165' title='bbox 1558 3859 1828 3932; x_wconf 85' lang='lat' dir='ltr'>Lanlrzodel</span> 
     </span>
     <span class='ocr_line' id='line_1_19' title="bbox 273 3978 1828 4092; baseline 0.003 -42"><span class='ocrx_word' id='word_1_166' title='bbox 273 3984 432 4092; x_wconf 79' lang='lat' dir='ltr'>emptam,</span> <span class='ocrx_word' id='word_1_167' title='bbox 460 3978 675 4052; x_wconf 90' lang='lat' dir='ltr'>Conrado</span> <span class='ocrx_word' id='word_1_168' title='bbox 702 3980 902 4072; x_wconf 87' lang='lat' dir='ltr'>praeposito</span> <span class='ocrx_word' id='word_1_169' title='bbox 929 3985 966 4052; x_wconf 93' lang='lat' dir='ltr'>et</span> <span class='ocrx_word' id='word_1_170' title='bbox 990 3981 1176 4055; x_wconf 89' lang='lat' dir='ltr'>conventui</span> <span class='ocrx_word' id='word_1_171' title='bbox 1204 3980 1370 4071; x_wconf 85' lang='lat' dir='ltr'>Corporis</span> <span class='ocrx_word' id='word_1_172' title='bbox 1387 3979 1547 4052; x_wconf 77' lang='lat' dir='ltr'>Christi</span> <span class='ocrx_word' id='word_1_173' title='bbox 1538 4002 1573 4050; x_wconf 91' lang='lat' dir='ltr'>m</span> <span class='ocrx_word' id='word_1_174' title='bbox 1592 3980 1727 4053; x_wconf 89' lang='lat' dir='ltr'>animae</span> <span class='ocrx_word' id='word_1_175' title='bbox 1744 4001 1828 4054; x_wconf 85' lang='lat' dir='ltr'>suae</span> 
     </span>
     <span class='ocr_line' id='line_1_20' title="bbox 274 4097 1856 4193; baseline 0.004 -24"><span class='ocrx_word' id='word_1_176' title='bbox 274 4100 461 4172; x_wconf 86' lang='lat' dir='ltr'>remedium</span> <span class='ocrx_word' id='word_1_177' title='bbox 489 4101 680 4173; x_wconf 89' lang='lat' dir='ltr'>donatione</span> <span class='ocrx_word' id='word_1_178' title='bbox 708 4107 878 4192; x_wconf 84' lang='lat' dir='ltr'>perpetua</span> <span class='ocrx_word' id='word_1_179' title='bbox 905 4106 941 4172; x_wconf 90' lang='lat' dir='ltr'>et</span> <span class='ocrx_word' id='word_1_180' title='bbox 967 4101 1188 4174; x_wconf 86' lang='lat' dir='ltr'>irrevocabili</span> <span class='ocrx_word' id='word_1_181' title='bbox 1214 4101 1426 4193; x_wconf 79' lang='lat' dir='ltr'>resignavit;</span> <span class='ocrx_word' id='word_1_182' title='bbox 1453 4097 1556 4173; x_wconf 83' lang='lat' dir='ltr'>aliam</span> <span class='ocrx_word' id='word_1_183' title='bbox 1585 4121 1667 4173; x_wconf 92' lang='lat' dir='ltr'>vero</span> <span class='ocrx_word' id='word_1_184' title='bbox 1695 4103 1856 4193; x_wconf 87' lang='lat' dir='ltr'>partem</span> 
     </span>
    </p>
   </div>
   <div class='ocr_carea' id='block_1_7' title="bbox 162 4211 1832 4312">
    <p class='ocr_par' dir='ltr' id='par_1_7' title="bbox 162 4211 1832 4312">
     <span class='ocr_line' id='line_1_21' title="bbox 162 4211 1832 4312; baseline 0.002 -19"><span class='ocrx_word' id='word_1_185' title='bbox 162 4212 170 4227; x_wconf 82' lang='grc'><strong>“</strong></span> <span class='ocrx_word' id='word_1_186' title='bbox 254 4211 399 4294; x_wconf 62' lang='lat' dir='ltr'>&#39;tertiae</span> <span class='ocrx_word' id='word_1_187' title='bbox 426 4223 536 4312; x_wconf 87' lang='lat' dir='ltr'>partis</span> <span class='ocrx_word' id='word_1_188' title='bbox 570 4222 744 4312; x_wconf 87' lang='lat' dir='ltr'>praefati</span> <span class='ocrx_word' id='word_1_189' title='bbox 737 4221 933 4295; x_wconf 88' lang='lat' dir='ltr'>molendini</span> <span class='ocrx_word' id='word_1_190' title='bbox 969 4220 1181 4312; x_wconf 83' lang='lat' dir='ltr'>Gerlach,</span> <span class='ocrx_word' id='word_1_191' title='bbox 1216 4222 1373 4311; x_wconf 84' lang='lat' dir='ltr'>Matbias</span> <span class='ocrx_word' id='word_1_192' title='bbox 1401 4222 1514 4294; x_wconf 90' lang='lat' dir='ltr'>dictus</span> <span class='ocrx_word' id='word_1_193' title='bbox 1541 4221 1704 4312; x_wconf 81' lang='lat' dir='ltr'>Polalr,</span> <span class='ocrx_word' id='word_1_194' title='bbox 1746 4223 1832 4296; x_wconf 88' lang='lat' dir='ltr'>civis</span> 
     </span>
    </p>
   </div>
   <div class='ocr_carea' id='block_1_8' title="bbox 271 4343 1830 5652">
    <p class='ocr_par' dir='ltr' id='par_1_8' title="bbox 271 4343 1830 5041">
     <span class='ocr_line' id='line_1_22' title="bbox 272 4343 1829 4434; baseline 0.002 -18"><span class='ocrx_word' id='word_1_195' title='bbox 272 4343 520 4434; x_wconf 87' lang='lat' dir='ltr'>Cracoriensis,</span> <span class='ocrx_word' id='word_1_196' title='bbox 547 4365 588 4416; x_wconf 89' lang='lat' dir='ltr'>ex</span> <span class='ocrx_word' id='word_1_197' title='bbox 622 4350 719 4415; x_wconf 81' lang='lat' dir='ltr'>curta</span> <span class='ocrx_word' id='word_1_198' title='bbox 744 4345 919 4434; x_wconf 89' lang='lat' dir='ltr'>emptione</span> <span class='ocrx_word' id='word_1_199' title='bbox 937 4343 1079 4415; x_wconf 83' lang='lat' dir='ltr'>adeum</span> <span class='ocrx_word' id='word_1_200' title='bbox 1106 4343 1303 4415; x_wconf 87' lang='lat' dir='ltr'>devolutam</span> <span class='ocrx_word' id='word_1_201' title='bbox 1332 4365 1422 4415; x_wconf 91' lang='lat' dir='ltr'>anno</span> <span class='ocrx_word' id='word_1_202' title='bbox 1439 4343 1580 4414; x_wconf 91' lang='lat' dir='ltr'>Domini</span> <span class='ocrx_word' id='word_1_203' title='bbox 1602 4345 1700 4415; x_wconf 84' lang='lat'>1413</span> <span class='ocrx_word' id='word_1_204' title='bbox 1720 4343 1829 4419; x_wconf 87' lang='lat' dir='ltr'>Cun-</span> 
     </span>
     <span class='ocr_line' id='line_1_23' title="bbox 272 4463 1828 4556; baseline 0 -19"><span class='ocrx_word' id='word_1_205' title='bbox 272 4465 383 4537; x_wconf 88' lang='lat' dir='ltr'>rado</span> <span class='ocrx_word' id='word_1_206' title='bbox 411 4466 611 4555; x_wconf 87' lang='lat' dir='ltr'>praeposito</span> <span class='ocrx_word' id='word_1_207' title='bbox 638 4472 674 4537; x_wconf 94' lang='lat' dir='ltr'>et</span> <span class='ocrx_word' id='word_1_208' title='bbox 701 4464 885 4542; x_wconf 84' lang='lat' dir='ltr'>conventui</span> <span class='ocrx_word' id='word_1_209' title='bbox 913 4463 1079 4556; x_wconf 88' lang='lat' dir='ltr'>Corporis</span> <span class='ocrx_word' id='word_1_210' title='bbox 1106 4464 1238 4538; x_wconf 78' lang='lat' dir='ltr'>Christi</span> <span class='ocrx_word' id='word_1_211' title='bbox 1266 4464 1452 4538; x_wconf 92' lang='lat' dir='ltr'>donatione</span> <span class='ocrx_word' id='word_1_212' title='bbox 1479 4470 1650 4555; x_wconf 84' lang='lat' dir='ltr'>perpetuu</span> <span class='ocrx_word' id='word_1_213' title='bbox 1677 4470 1714 4536; x_wconf 90' lang='lat' dir='ltr'>et</span> <span class='ocrx_word' id='word_1_214' title='bbox 1740 4466 1828 4537; x_wconf 87' lang='lat' dir='ltr'>irre·</span> 
     </span>
     <span class='ocr_line' id='line_1_24' title="bbox 271 4583 1829 4684; baseline 0.001 -30"><span class='ocrx_word' id='word_1_215' title='bbox 271 4586 418 4658; x_wconf 86' lang='lat' dir='ltr'>vocabili</span> <span class='ocrx_word' id='word_1_216' title='bbox 455 4586 617 4674; x_wconf 82' lang='lat' dir='ltr'>donavit,</span> <span class='ocrx_word' id='word_1_217' title='bbox 653 4586 846 4676; x_wconf 82' lang='lat' dir='ltr'>resignavit</span> <span class='ocrx_word' id='word_1_218' title='bbox 871 4591 907 4657; x_wconf 91' lang='lat' dir='ltr'>et</span> <span class='ocrx_word' id='word_1_219' title='bbox 932 4586 1130 4677; x_wconf 75' lang='lat' dir='ltr'>inscripsit,</span> <span class='ocrx_word' id='word_1_220' title='bbox 1170 4589 1367 4684; x_wconf 37' lang='lat' dir='ltr'>utramque·</span> <span class='ocrx_word' id='word_1_221' title='bbox 1387 4591 1503 4657; x_wconf 89' lang='lat' dir='ltr'>autem</span> <span class='ocrx_word' id='word_1_222' title='bbox 1539 4583 1759 4656; x_wconf 89' lang='lat' dir='ltr'>donationem</span> <span class='ocrx_word' id='word_1_223' title='bbox 1792 4590 1829 4667; x_wconf 85' lang='lat' dir='ltr'>et</span> 
     </span>
     <span class='ocr_line' id='line_1_25' title="bbox 273 4704 1830 4798; baseline 0.001 -19"><span class='ocrx_word' id='word_1_224' title='bbox 273 4707 543 4798; x_wconf 79' lang='lat' dir='ltr'>resignationem</span> <span class='ocrx_word' id='word_1_225' title='bbox 574 4708 616 4779; x_wconf 94' lang='lat' dir='ltr'>de</span> <span class='ocrx_word' id='word_1_226' title='bbox 644 4708 750 4779; x_wconf 89' lang='lat' dir='ltr'>tertia</span> <span class='ocrx_word' id='word_1_227' title='bbox 775 4711 876 4798; x_wconf 90' lang='lat' dir='ltr'>parte</span> <span class='ocrx_word' id='word_1_228' title='bbox 903 4708 1090 4795; x_wconf 87' lang='lat' dir='ltr'>molendini</span> <span class='ocrx_word' id='word_1_229' title='bbox 1118 4705 1318 4780; x_wconf 89' lang='lat' dir='ltr'>Ger-lach</span> <span class='ocrx_word' id='word_1_230' title='bbox 1354 4707 1566 4779; x_wconf 88' lang='lat' dir='ltr'>monasterio</span> <span class='ocrx_word' id='word_1_231' title='bbox 1602 4706 1760 4796; x_wconf 86' lang='lat' dir='ltr'>praelato</span> <span class='ocrx_word' id='word_1_232' title='bbox 1778 4704 1830 4781; x_wconf 71' lang='lat' dir='ltr'>it·</span> 
     </span>
     <span class='ocr_line' id='line_1_26' title="bbox 279 4826 1829 4918; baseline 0 -18"><span class='ocrx_word' id='word_1_233' title='bbox 279 4835 380 4918; x_wconf 89' lang='lat' dir='ltr'>ctam,</span> <span class='ocrx_word' id='word_1_234' title='bbox 409 4829 687 4900; x_wconf 89' lang='lat' dir='ltr'>Vladislaus</span> <span class='ocrx_word' id='word_1_235' title='bbox 715 4828 953 4900; x_wconf 86' lang='lat' dir='ltr'>Secundus</span> <span class='ocrx_word' id='word_1_236' title='bbox 980 4827 1145 4902; x_wconf 90' lang='lat' dir='ltr'>Poloniae</span> <span class='ocrx_word' id='word_1_237' title='bbox 1171 4847 1234 4899; x_wconf 84' lang='lat' dir='ltr'>rex</span> <span class='ocrx_word' id='word_1_238' title='bbox 1262 4846 1352 4901; x_wconf 91' lang='lat' dir='ltr'>anno</span> <span class='ocrx_word' id='word_1_239' title='bbox 1371 4826 1511 4899; x_wconf 90' lang='lat' dir='ltr'>Domini</span> <span class='ocrx_word' id='word_1_240' title='bbox 1528 4827 1627 4899; x_wconf 83' lang='lat'>1414</span> <span class='ocrx_word' id='word_1_241' title='bbox 1655 4846 1719 4917; x_wconf 91' lang='lat' dir='ltr'>per</span> <span class='ocrx_word' id='word_1_242' title='bbox 1734 4826 1829 4899; x_wconf 82' lang='lat' dir='ltr'>litte-</span> 
     </span>
     <span class='ocr_line' id='line_1_27' title="bbox 271 4949 1270 5041; baseline -0.002 -20"><span class='ocrx_word' id='word_1_243' title='bbox 271 4971 329 5021; x_wconf 90' lang='lat' dir='ltr'>ras</span> <span class='ocrx_word' id='word_1_244' title='bbox 356 4972 437 5022; x_wconf 87' lang='lat' dir='ltr'>suas</span> <span class='ocrx_word' id='word_1_245' title='bbox 463 4971 508 5041; x_wconf 88' lang='lat' dir='ltr'>pa</span> <span class='ocrx_word' id='word_1_246' title='bbox 509 4956 623 5022; x_wconf 91' lang='lat' dir='ltr'>tentes</span> <span class='ocrx_word' id='word_1_247' title='bbox 651 4951 809 5040; x_wconf 83' lang='lat' dir='ltr'>ratificat,</span> <span class='ocrx_word' id='word_1_248' title='bbox 837 4951 991 5023; x_wconf 83' lang='lat' dir='ltr'>admittit</span> <span class='ocrx_word' id='word_1_249' title='bbox 947 4956 1053 5022; x_wconf 78' lang='lat' dir='ltr'>tutet</span> <span class='ocrx_word' id='word_1_250' title='bbox 1081 4949 1270 5022; x_wconf 88' lang='lat' dir='ltr'>confirmat.</span> 
     </span>
    </p>

    <p class='ocr_par' dir='ltr' id='par_1_9' title="bbox 271 5069 1829 5652">
     <span class='ocr_line' id='line_1_28' title="bbox 378 5069 1827 5164; baseline -0.002 -19"><span class='ocrx_word' id='word_1_251' title='bbox 378 5071 643 5145; x_wconf 80' lang='lat' dir='ltr'>Molendinum</span> <span class='ocrx_word' id='word_1_252' title='bbox 673 5071 773 5146; x_wconf 82' lang='lat' dir='ltr'>aliud</span> <span class='ocrx_word' id='word_1_253' title='bbox 810 5079 892 5145; x_wconf 84' lang='lat' dir='ltr'>ante</span> <span class='ocrx_word' id='word_1_254' title='bbox 927 5078 1065 5164; x_wconf 87' lang='lat' dir='ltr'>portam</span> <span class='ocrx_word' id='word_1_255' title='bbox 1101 5077 1257 5143; x_wconf 87' lang='lat' dir='ltr'>sutorum</span> <span class='ocrx_word' id='word_1_256' title='bbox 1296 5071 1330 5140; x_wconf 96' lang='lat' dir='ltr'>in</span> <span class='ocrx_word' id='word_1_257' title='bbox 1358 5069 1634 5142; x_wconf 89' lang='lat' dir='ltr'>Cracovia</span> <span class='ocrx_word' id='word_1_258' title='bbox 1624 5092 1660 5140; x_wconf 90' lang='grc' dir='ltr'>ιιι</span> <span class='ocrx_word' id='word_1_259' title='bbox 1688 5069 1827 5164; x_wconf 88' lang='lat' dir='ltr'>flumine</span> 
     </span>
     <span class='ocr_line' id='line_1_29' title="bbox 272 5190 1827 5286; baseline -0.001 -21"><span class='ocrx_word' id='word_1_260' title='bbox 272 5194 375 5265; x_wconf 88' lang='lat' dir='ltr'>etiam</span> <span class='ocrx_word' id='word_1_261' title='bbox 401 5193 602 5266; x_wconf 84' lang='lat' dir='ltr'>Rudawu</span> <span class='ocrx_word' id='word_1_262' title='bbox 628 5194 742 5284; x_wconf 91' lang='lat' dir='ltr'>situm,</span> <span class='ocrx_word' id='word_1_263' title='bbox 770 5196 866 5266; x_wconf 92' lang='lat' dir='ltr'>cuius</span> <span class='ocrx_word' id='word_1_264' title='bbox 893 5194 1091 5286; x_wconf 79' lang='lat' dir='ltr'>proprietas</span> <span class='ocrx_word' id='word_1_265' title='bbox 1119 5198 1154 5264; x_wconf 91' lang='lat' dir='ltr'>e</span> <span class='ocrx_word' id='word_1_266' title='bbox 1139 5191 1371 5262; x_wconf 91' lang='lat' dir='ltr'>tdominium</span> <span class='ocrx_word' id='word_1_267' title='bbox 1403 5192 1447 5263; x_wconf 91' lang='lat' dir='ltr'>ad</span> <span class='ocrx_word' id='word_1_268' title='bbox 1475 5191 1732 5263; x_wconf 89' lang='lat' dir='ltr'>serenissimum</span> <span class='ocrx_word' id='word_1_269' title='bbox 1759 5190 1827 5263; x_wconf 92' lang='lat' dir='ltr'>Po-</span> 
     </span>
     <span class='ocr_line' id='line_1_30' title="bbox 274 5312 1828 5407; baseline -0.001 -22"><span class='ocrx_word' id='word_1_270' title='bbox 274 5315 388 5386; x_wconf 89' lang='lat' dir='ltr'>loniae</span> <span class='ocrx_word' id='word_1_271' title='bbox 415 5337 532 5407; x_wconf 83' lang='lat' dir='ltr'>regem</span> <span class='ocrx_word' id='word_1_272' title='bbox 561 5314 722 5407; x_wconf 85' lang='lat' dir='ltr'>pertinet</span> <span class='ocrx_word' id='word_1_273' title='bbox 766 5316 806 5386; x_wconf 91' lang='lat' dir='ltr'>In</span> <span class='ocrx_word' id='word_1_274' title='bbox 834 5317 900 5389; x_wconf 91' lang='lat' dir='ltr'>hoc</span> <span class='ocrx_word' id='word_1_275' title='bbox 936 5315 1041 5388; x_wconf 90' lang='lat' dir='ltr'>etiam</span> <span class='ocrx_word' id='word_1_276' title='bbox 1078 5314 1275 5387; x_wconf 91' lang='lat' dir='ltr'>molendino</span> <span class='ocrx_word' id='word_1_277' title='bbox 1312 5312 1533 5404; x_wconf 87' lang='lat' dir='ltr'>praepositus</span> <span class='ocrx_word' id='word_1_278' title='bbox 1567 5317 1605 5384; x_wconf 92' lang='lat' dir='ltr'>et</span> <span class='ocrx_word' id='word_1_279' title='bbox 1640 5315 1828 5383; x_wconf 89' lang='lat' dir='ltr'>conventus</span> 
     </span>
     <span class='ocr_line' id='line_1_31' title="bbox 272 5431 1829 5528; baseline -0.004 -20"><span class='ocrx_word' id='word_1_280' title='bbox 272 5436 436 5527; x_wconf 88' lang='lat' dir='ltr'>Corporis</span> <span class='ocrx_word' id='word_1_281' title='bbox 463 5434 593 5508; x_wconf 90' lang='lat' dir='ltr'>Christi</span> <span class='ocrx_word' id='word_1_282' title='bbox 620 5437 674 5508; x_wconf 91' lang='lat' dir='ltr'>ius</span> <span class='ocrx_word' id='word_1_283' title='bbox 702 5438 808 5508; x_wconf 90' lang='lat' dir='ltr'>habet</span> <span class='ocrx_word' id='word_1_284' title='bbox 835 5436 996 5528; x_wconf 88' lang='lat' dir='ltr'>perpetui</span> <span class='ocrx_word' id='word_1_285' title='bbox 1020 5436 1328 5524; x_wconf 86' lang='lat' dir='ltr'>molendinatoris,</span> <span class='ocrx_word' id='word_1_286' title='bbox 1355 5440 1391 5508; x_wconf 87' lang='lat' dir='ltr'>et</span> <span class='ocrx_word' id='word_1_287' title='bbox 1418 5433 1674 5524; x_wconf 89' lang='lat' dir='ltr'>perceptionem</span> <span class='ocrx_word' id='word_1_288' title='bbox 1702 5431 1829 5507; x_wconf 86' lang='lat' dir='ltr'>tertiae</span> 
     </span>
     <span class='ocr_line' id='line_1_32' title="bbox 271 5552 1828 5652; baseline -0.005 -21"><span class='ocrx_word' id='word_1_289' title='bbox 271 5559 384 5649; x_wconf 91' lang='lat' dir='ltr'>partis</span> <span class='ocrx_word' id='word_1_290' title='bbox 413 5559 564 5635; x_wconf 86' lang='lat' dir='ltr'>omnium</span> <span class='ocrx_word' id='word_1_291' title='bbox 591 5559 899 5652; x_wconf 87' lang='lat' dir='ltr'>emolimentorum,</span> <span class='ocrx_word' id='word_1_292' title='bbox 926 5579 1009 5650; x_wconf 78' lang='lat' dir='ltr'>rege</span> <span class='ocrx_word' id='word_1_293' title='bbox 1037 5557 1203 5631; x_wconf 88' lang='lat' dir='ltr'>Poloniae</span> <span class='ocrx_word' id='word_1_294' title='bbox 1222 5554 1549 5647; x_wconf 85' lang='lat' dir='ltr'>duaspercipiente.</span> <span class='ocrx_word' id='word_1_295' title='bbox 1576 5553 1710 5637; x_wconf 84' lang='lat' dir='ltr'>Felix</span> <span class='ocrx_word' id='word_1_296' title='bbox 1737 5552 1828 5624; x_wconf 91' lang='lat' dir='ltr'>enim</span> 
     </span>
    </p>
   </div>
   <div class='ocr_carea' id='block_1_9' title="bbox 270 5660 1951 5775">
    <p class='ocr_par' dir='ltr' id='par_1_10' title="bbox 270 5660 1951 5775">
     <span class='ocr_line' id='line_1_33' title="bbox 270 5660 1951 5775; baseline -0.003 -25"><span class='ocrx_word' id='word_1_297' title='bbox 270 5681 355 5751; x_wconf 89' lang='lat' dir='ltr'>civis</span> <span class='ocrx_word' id='word_1_298' title='bbox 382 5660 640 5771; x_wconf 85' lang='lat' dir='ltr'>Cracoviensis,</span> <span class='ocrx_word' id='word_1_299' title='bbox 675 5680 863 5755; x_wconf 88' lang='lat' dir='ltr'>molendini</span> <span class='ocrx_word' id='word_1_300' title='bbox 901 5680 1051 5770; x_wconf 80' lang='lat' dir='ltr'>praelati</span> <span class='ocrx_word' id='word_1_301' title='bbox 1085 5680 1240 5752; x_wconf 83' lang='lat' dir='ltr'>existens</span> <span class='ocrx_word' id='word_1_302' title='bbox 1276 5682 1465 5770; x_wconf 90' lang='lat' dir='ltr'>perpetuus</span> <span class='ocrx_word' id='word_1_303' title='bbox 1502 5680 1538 5746; x_wconf 91' lang='lat' dir='ltr'>et</span> <span class='ocrx_word' id='word_1_304' title='bbox 1571 5673 1828 5775; x_wconf 82' lang='lat' dir='ltr'>haereditarius</span> <span class='ocrx_word' id='word_1_305' title='bbox 1943 5716 1951 5733; x_wconf 55' lang='grc' dir='ltr'>ι</span> 
     </span>
    </p>
   </div>
   <div class='ocr_carea' id='block_1_10' title="bbox 269 5784 1855 6267">
    <p class='ocr_par' dir='ltr' id='par_1_11' title="bbox 269 5784 1855 6267">
     <span class='ocr_line' id='line_1_34' title="bbox 269 5784 1831 5893; baseline -0.002 -21"><span class='ocrx_word' id='word_1_306' title='bbox 269 5802 391 5874; x_wconf 88' lang='lat' dir='ltr'>haeres</span> <span class='ocrx_word' id='word_1_307' title='bbox 418 5808 523 5893; x_wconf 84' lang='lat' dir='ltr'>atque</span> <span class='ocrx_word' id='word_1_308' title='bbox 550 5803 813 5890; x_wconf 89' lang='lat' dir='ltr'>molendinator,</span> <span class='ocrx_word' id='word_1_309' title='bbox 840 5802 876 5871; x_wconf 93' lang='lat' dir='ltr'>in</span> <span class='ocrx_word' id='word_1_310' title='bbox 903 5795 1099 5872; x_wconf 82' lang='lat' dir='ltr'>medietate</span> <span class='ocrx_word' id='word_1_311' title='bbox 1127 5784 1297 5872; x_wconf 85' lang='lat' dir='ltr'>duntaxat</span> <span class='ocrx_word' id='word_1_312' title='bbox 1323 5799 1448 5871; x_wconf 86' lang='lat' dir='ltr'>tertiae</span> <span class='ocrx_word' id='word_1_313' title='bbox 1480 5797 1592 5888; x_wconf 89' lang='lat' dir='ltr'>partis</span> <span class='ocrx_word' id='word_1_314' title='bbox 1618 5795 1831 5870; x_wconf 90' lang='lat' dir='ltr'>molendino-</span> 
     </span>
     <span class='ocr_line' id='line_1_35' title="bbox 269 5919 1829 6013; baseline -0.004 -18"><span class='ocrx_word' id='word_1_315' title='bbox 269 5945 355 6013; x_wconf 89' lang='lat' dir='ltr'>rum,</span> <span class='ocrx_word' id='word_1_316' title='bbox 382 5924 524 5995; x_wconf 90' lang='lat' dir='ltr'>maioris</span> <span class='ocrx_word' id='word_1_317' title='bbox 548 5924 687 6013; x_wconf 87' lang='lat' dir='ltr'>murati,</span> <span class='ocrx_word' id='word_1_318' title='bbox 714 5929 751 5995; x_wconf 92' lang='lat' dir='ltr'>et</span> <span class='ocrx_word' id='word_1_319' title='bbox 769 5922 913 5994; x_wconf 90' lang='lat' dir='ltr'>minoris</span> <span class='ocrx_word' id='word_1_320' title='bbox 939 5920 1052 6012; x_wconf 78' lang='lat' dir='ltr'>lignei</span> <span class='ocrx_word' id='word_1_321' title='bbox 1073 5922 1109 5992; x_wconf 91' lang='lat' dir='ltr'>in</span> <span class='ocrx_word' id='word_1_322' title='bbox 1128 5921 1268 5994; x_wconf 86' lang='lat' dir='ltr'>flumine</span> <span class='ocrx_word' id='word_1_323' title='bbox 1294 5919 1496 5993; x_wconf 86' lang='lat' dir='ltr'>Rudava</span> <span class='ocrx_word' id='word_1_324' title='bbox 1522 5925 1558 5989; x_wconf 91' lang='lat' dir='ltr'>et</span> <span class='ocrx_word' id='word_1_325' title='bbox 1585 5922 1667 5989; x_wconf 93' lang='lat' dir='ltr'>ante</span> <span class='ocrx_word' id='word_1_326' title='bbox 1693 5921 1829 6008; x_wconf 89' lang='lat' dir='ltr'>portam</span> 
     </span>
     <span class='ocr_line' id='line_1_36' title="bbox 271 6039 1855 6136; baseline -0.006 -20"><span class='ocrx_word' id='word_1_327' title='bbox 271 6051 426 6117; x_wconf 92' lang='lat' dir='ltr'>sutorum</span> <span class='ocrx_word' id='word_1_328' title='bbox 453 6045 610 6136; x_wconf 90' lang='lat' dir='ltr'>sitorum,</span> <span class='ocrx_word' id='word_1_329' title='bbox 637 6067 772 6117; x_wconf 90' lang='lat' dir='ltr'>omnem</span> <span class='ocrx_word' id='word_1_330' title='bbox 800 6044 895 6115; x_wconf 92' lang='lat' dir='ltr'>illam</span> <span class='ocrx_word' id='word_1_331' title='bbox 922 6042 1162 6132; x_wconf 86' lang='lat' dir='ltr'>medietatem,</span> <span class='ocrx_word' id='word_1_332' title='bbox 1198 6042 1285 6114; x_wconf 93' lang='lat' dir='ltr'>nihil</span> <span class='ocrx_word' id='word_1_333' title='bbox 1312 6041 1380 6112; x_wconf 90' lang='lat' dir='ltr'>sibi</span> <span class='ocrx_word' id='word_1_334' title='bbox 1407 6039 1629 6129; x_wconf 88' lang='lat' dir='ltr'>reservando,</span> <span class='ocrx_word' id='word_1_335' title='bbox 1655 6058 1724 6110; x_wconf 85' lang='lat' dir='ltr'>una</span> <span class='ocrx_word' id='word_1_336' title='bbox 1749 6058 1855 6133; x_wconf 82' lang='lat' dir='ltr'>cum·</span> 
     </span>
     <span class='ocr_line' id='line_1_37' title="bbox 269 6148 1846 6267; baseline -0.008 -27"><span class='ocrx_word' id='word_1_337' title='bbox 269 6166 404 6257; x_wconf 74' lang='lat' dir='ltr'>lgneo</span> <span class='ocrx_word' id='word_1_338' title='bbox 431 6188 539 6265; x_wconf 70' lang='lat' dir='ltr'>auore</span> <span class='ocrx_word' id='word_1_339' title='bbox 567 6187 648 6258; x_wconf 89' lang='lat' dir='ltr'>sua,</span> <span class='ocrx_word' id='word_1_340' title='bbox 683 6165 756 6238; x_wconf 87' lang='lat' dir='ltr'>tilia</span> <span class='ocrx_word' id='word_1_341' title='bbox 782 6165 953 6255; x_wconf 89' lang='lat' dir='ltr'>Casparis</span> <span class='ocrx_word' id='word_1_342' title='bbox 979 6162 1160 6254; x_wconf 81' lang='lat' dir='ltr'>Krugel</span> <span class='ocrx_word' id='word_1_343' title='bbox 1197 6163 1282 6235; x_wconf 90' lang='lat' dir='ltr'>civis</span> <span class='ocrx_word' id='word_1_344' title='bbox 1310 6161 1563 6249; x_wconf 88' lang='lat' dir='ltr'>Cracoviensis,</span> <span class='ocrx_word' id='word_1_345' title='bbox 1600 6148 1846 6267; x_wconf 56' lang='lat' dir='ltr'>Gregouip&#39;</span> 
     </span>
    </p>
   </div>
   <div class='ocr_carea' id='block_1_11' title="bbox 271 6276 1953 6389">
    <p class='ocr_par' dir='ltr' id='par_1_12' title="bbox 271 6276 1953 6389">
     <span class='ocr_line' id='line_1_38' title="bbox 271 6276 1953 6389; baseline -0.005 -30"><span class='ocrx_word' id='word_1_346' title='bbox 271 6288 470 6378; x_wconf 87' lang='lat' dir='ltr'>praeposito</span> <span class='ocrx_word' id='word_1_347' title='bbox 497 6295 534 6361; x_wconf 91' lang='lat' dir='ltr'>et</span> <span class='ocrx_word' id='word_1_348' title='bbox 560 6287 746 6366; x_wconf 86' lang='lat' dir='ltr'>conventui</span> <span class='ocrx_word' id='word_1_349' title='bbox 781 6285 957 6377; x_wconf 90' lang='lat' dir='ltr'>Corporis</span> <span class='ocrx_word' id='word_1_350' title='bbox 985 6282 1452 6389; x_wconf 50' lang='lat' dir='ltr'>Christiprotquingentis</span> <span class='ocrx_word' id='word_1_351' title='bbox 1487 6285 1523 6351; x_wconf 89' lang='lat' dir='ltr'>et</span> <span class='ocrx_word' id='word_1_352' title='bbox 1548 6277 1671 6369; x_wconf 84' lang='lat' dir='ltr'>viginti</span> <span class='ocrx_word' id='word_1_353' title='bbox 1705 6276 1832 6369; x_wconf 57' lang='lat' dir='ltr'>mauis</span> <span class='ocrx_word' id='word_1_354' title='bbox 1948 6344 1953 6350; x_wconf 89' lang='lat'>.</span> 
     </span>
    </p>
   </div>
   <div class='ocr_carea' id='block_1_12' title="bbox 402 6430 1831 6521">
    <p class='ocr_par' dir='ltr' id='par_1_13' title="bbox 402 6430 1831 6521">
     <span class='ocr_line' id='line_1_39' title="bbox 402 6430 1831 6521; baseline 0.001 -23"><span class='ocrx_word' id='word_1_355' title='bbox 402 6442 474 6499; x_wconf 58' lang='lat'>⁶⁴33*</span> <span class='ocrx_word' id='word_1_356' title='bbox 533 6464 571 6507; x_wconf 55' lang='lat' dir='ltr'>toy</span> <span class='ocrx_word' id='word_1_357' title='bbox 841 6449 849 6459; x_wconf 86' lang='lat'><em>&#39;</em></span> <span class='ocrx_word' id='word_1_358' title='bbox 1118 6476 1123 6487; x_wconf 90' lang='lat'><em>·</em></span> <span class='ocrx_word' id='word_1_359' title='bbox 1189 6446 1321 6497; x_wconf 47' lang='lat' dir='ltr'>wls-w·</span> <span class='ocrx_word' id='word_1_360' title='bbox 1749 6430 1831 6521; x_wconf 44' lang='grc' dir='ltr'>τ’,</span> 
     </span>
    </p>
   </div>
   <div class='ocr_carea' id='block_1_13' title="bbox 372 6549 1739 6709">
    <p class='ocr_par' dir='ltr' id='par_1_14' title="bbox 372 6549 1739 6709">
     <span class='ocr_line' id='line_1_40' title="bbox 372 6549 1739 6657; baseline 0.007 -41"><span class='ocrx_word' id='word_1_361' title='bbox 372 6572 577 6621; x_wconf 61' lang='lat' dir='ltr'>iachdau</span> <span class='ocrx_word' id='word_1_362' title='bbox 1117 6614 1119 6619; x_wconf 95' lang='lat'><em>.</em></span> <span class='ocrx_word' id='word_1_363' title='bbox 1157 6560 1241 6657; x_wconf 48' lang='lat' dir='ltr'>,s</span> <span class='ocrx_word' id='word_1_364' title='bbox 1620 6549 1656 6599; x_wconf 80' lang='lat'>¹⁹</span> <span class='ocrx_word' id='word_1_365' title='bbox 1735 6572 1739 6579; x_wconf 83' lang='grc'><strong>“</strong></span> 
     </span>
     <span class='ocr_line' id='line_1_41' title="bbox 1150 6660 1223 6709; baseline -0.027 -24"><span class='ocrx_word' id='word_1_366' title='bbox 1150 6660 1223 6709; x_wconf 42' lang='lat' dir='ltr'>affl.</span> 
     </span>
    </p>
   </div>
   <div class='ocr_carea' id='block_1_14' title="bbox 0 0 2114 8054">
    <p class='ocr_par' dir='ltr' id='par_1_15' title="bbox 0 0 2114 8054">
     <span class='ocr_line' id='line_1_42' title="bbox 0 0 2114 8054; baseline 0 0"><span class='ocrx_word' id='word_1_367' title='bbox 0 0 2114 8054; x_wconf 95' lang='lat' dir='ltr'> </span> 
     </span>
    </p>
   </div>
  </div>
 </body>
</html>
