4217 8059
553 1466 701 1536 352
3128 1544 3165 1601 ἑ

563 1692 925 1744 mensuras
961 1670 1308 1743 confertas
1327 1724 1344 1759 ,
1415 1676 1488 1742 et
1524 1680 1824 1761 quatuor
1854 1692 2155 1762 grossos.
2236 1671 2406 1743 Item
2444 1670 2758 1742 scoltetia
2810 1677 2920 1742 est
2952 1671 3089 1771 illi,
3120 1671 3405 1761 ,habens
3440 1688 3661 1745 unum
3698 1730 3707 1737 .

549 1792 816 1864 laneum
872 1791 1186 1881 liberum,
1238 1793 1406 1863 item
1459 1813 1672 1864 unum
1723 1790 2219 1880 molendinum,
2272 1793 2436 1862 item
2493 1813 2695 1862 unam
2750 1793 3113 1863 tabernam
3135 1846 3153 1882 ,
3206 1812 3385 1885 quae
3440 1792 3687 1893 solvit,-

548 1932 676 2002 pro
714 1911 1008 1984 scolteto
1045 1966 1274 1983 .....
1355 1913 1528 1984 Item
1563 1934 1804 1986 omnes
1855 1912 2010 2005 agri
2043 1913 2513 1987 cmethonales
2566 1918 2638 1983 et
2671 1913 2943 1984 scolteti
2984 1913 3265 2001 solvunt
3312 1913 3661 2009 decimam
3688 1894 3703 1911 ²

545 2033 972 2124 pecunialem
1028 2055 1157 2123 pro
1192 2035 1516 2124 episcopo
1551 2032 2016 2125 Gracoviensn
2070 2033 2157 2106 de
2193 2033 2503 2124 quolibet
2554 2033 2753 2105 laneo
2791 2053 2917 2123 per
2952 2033 3317 2106 fertonem*
3346 2035 3661 2107 latorum

539 2174 960 2253 grossorum.
1038 2153 1360 2227 Gonfinat
1409 2176 1560 2225 cum
1619 2208 1898 2225 ......
3608 2222 3619 2229 .

689 2275 1301 2365 -Tnznsszrczn,
1356 2276 1524 2347 villa
1573 2277 1703 2349 sub
1743 2277 2088 2372 parochia
2140 2276 2228 2347 de
2280 2275 2343 2348 U
2362 2297 2409 2365 g
2426 2295 2595 2366 yan
2618 2297 2739 2346 ow
2759 2276 2783 2345 i
2802 2297 2953 2347 cze
3008 2277 3184 2366 sita,
3238 2278 3433 2348 cuius
3487 2298 3656 2369 pro-

546 2370 810 2486 prietas
865 2396 955 2467 ad
1009 2397 1571 2469 sanctimoniales
1624 2396 2135 2469 Saudeczenses
2188 2397 2510 2487 pertinet.
2591 2396 2669 2467 In
2709 2416 2847 2486 qua
2901 2403 3064 2468 sunt
3117 2399 3419 2489 quinque
3472 2399 3661 2471 lanei
3720 2383 3737 2398 ’

545 2517 1042 2608 cmethonales,
1092 2524 1167 2590 et
1201 2518 1416 2590 solvit
1465 2518 1764 2609 quilibet
1811 2539 1939 2610 pro
1973 2538 2188 2590 censu
2222 2536 2432 2589 unum
2484 2515 2852 2607 fertonem,
2906 2517 3071 2589 item
3109 2539 3320 2590 unum
3373 2520 3661 2611 gallum,
3728 2538 3735 2548 ·

371 2644 380 2651 “
525 2637 728 2710 ‘duos
781 2658 1020 2711 caseos
1040 2694 1058 2729 ‚
1113 2639 1359 2730 viginti
1410 2659 1561 2710 ova.
1639 2639 1814 2711 Item
1867 2639 2189 2710 laborant
2227 2635 2599 2733 powabam
2648 2658 2777 2728 pro
2828 2658 2993 2711 vere
3047 2644 3118 2709 et
3155 2639 3422 2731 hyeme.
3474 2640 3657 2713 Item

555 2759 846 2849 quilibet
916 2780 1046 2851 pro
1098 2780 1308 2832 curru
1361 2760 1705 2851 lignorum
1761 2760 1969 2832 solvit
2021 2780 2231 2832 unum
2284 2779 2626 2850 grossum.-
2702 2760 2878 2830 Item
2932 2779 3062 2850 pro
3114 2782 3391 2856 osszyep
3444 2761 3667 2833 solvit

565 2881 858 2972 quilibet
891 2867 1098 2953 u'nam
1134 2882 1460 2974 siligini8‚
1495 2888 1569 2953 et
1603 2880 1775 2953 duas
1809 2901 2066 2953 avenae
2101 2900 2461 2953 mensuras
2497 2880 2876 2969 confertas,
2912 2886 2985 2953 et
3020 2886 3321 2971 quatuor
3352 2902 3663 2972 grossos.

555 3001 729 3073 Item
802 3022 942 3074 non
1010 3008 1123 3074 est
1174 3002 1274 3074 ibi
1328 3003 1665 3093 scoltetia,
1718 3021 1943 3094 neque
2010 3003 2345 3092 taberna,
2413 3021 2637 3091 neque
2690 3001 3109 3074 hortulania.
3189 3002 3363 3074 Item
3417 3025 3665 3077 omnes

551 3123 702 3212 agri
756 3122 962 3196 villae
1030 3123 1311 3196 solvunt
1379 3130 1453 3196 et
1504 3122 1899 3196 conducunt
1966 3123 2303 3195 decimam
2374 3123 2874 3212 manipularem
2945 3128 3021 3194 et
3072 3124 3473 3247 canapalcm

553 3245 876 3336 episcopo
940 3244 1421 3335 Cracoviensi,
1482 3252 1556 3317 et
1625 3246 1820 3317 valor
1888 3245 2039 3316 eius
2110 3245 2523 3317 aestimatur
2591 3243 2681 3314 ad
2736 3244 3038 3335 quinque
3110 3234 3396 3318 marcas.
3478 3247 3514 3318 I

552 3388 689 3438 non
743 3371 853 3438 est
902 3366 999 3439 ibi
1052 3366 1432 3458 praedium,
1485 3388 1709 3458 neque
1761 3365 2269 3438 molendinums
2327 3363 2649 3437 Confluat
2699 3386 2850 3436 cum
2909 3418 3136 3435 .....
3594 3432 3617 3441 ,

735 3485 1191 3561 ··ἯΖΝΥΔΟΖΑ
1211 3542 1230 3577 ,
1285 3487 1454 3558 villa
1506 3488 1636 3560 sub
1670 3487 2001 3577 parochia
2053 3487 2386 3558 ecclesiae
2439 3485 2526 3557 de
2578 3486 2643 3558 U
2661 3502 2831 3577 yan
2853 3507 2894 3557 o
2914 3487 3129 3557 wicz
3149 3508 3190 3558 e
3242 3487 3409 3578 sita,
3462 3489 3666 3561 cuius

549 3608 942 3699 proprietas
996 3613 1071 3679 et
1121 3607 1500 3679 dominium
1555 3608 1645 3680 ad
1681 3608 2241 3681 sanctimoniales
2294 3608 2617 3697 pertinet.
2697 3607 2775 3679 In
2816 3627 2971 3697 qua
3022 3614 3201 3679 sunt·
3238 3607 3423 3680 lanei
3454 3629 3665 3683 cme—

548 3728 865 3800 thonales
887 3783 904 3817 ‚
976 3730 1064 3801 de
1117 3729 1378 3819 quibus
1439 3728 1945 3802 diversificatur
2013 3748 2259 3800 census
2279 3784 2295 3817 ,
2359 3727 2730 3799 secundum
2786 3728 3251 3818 quantitatem
3306 3740 3661 3821 agrorum,

550 3852 713 3922 item
769 3851 940 3922 dant
990 3871 1204 3923 unum
1255 3849 1511 3940 gallum
1532 3906 1548 3939 ‚
1603 3850 1853 3939 viginti
1906 3870 2075 3940 ova,
2149 3849 2324 3920 duos
2378 3869 2634 3921 caseos.
2699 3849 2872 3919 Item
2928 3848 3250 3921 laborant
3289 3849 3667 3945 powabam

550 3992 679 4062 pro
733 3991 897 4043 vere
949 3976 1024 4042 et
1053 3972 1319 4063 hyeme.
1400 3971 1575 4041 Item
1629 3991 1757 4062 pro
1809 3990 2020 4057 curru
2071 3970 2416 4060 lignorum
2470 3991 2680 4041 unum
2733 3990 3071 4060 grossum.
3152 3970 3327 4043 Item
3382 3971 3663 4045 ratione

557 4115 832 4189 osxzyep
902 4093 1111 4165 solvit
1162 4092 1459 4184 quilibet
1509 4113 1714 4165 unam
1767 4112 2160 4164 mensuram
2212 4091 2543 4181 siliginis,
2598 4091 2771 4165 duas
2825 4111 3087 4162 avenae
3139 4069 3523 4182 confertas,
3584 4102 3660 4171 et

555 4221 853 4305 quatuor
902 4235 1203 4305 grossos.
1286 4214 1460 4287 Item
1516 4219 1625 4286 est
1677 4213 1774 4285 ibi
1828 4213 2147 4285 scoltetia
2199 4214 2462 4289 habens
2517 4234 2727 4285 unum
2779 4214 3055 4285 laneum
3111 4212 3435 4310 libel-ung,
3478 4218 3763 4351 ἅψῃ

547 4335 760 4407 habet
811 4356 1016 4408 unam
1071 4336 1468 4426 tabernam,
1527 4337 1690 4406 item
1745 4355 1956 4406 unum
2009 4334 2493 4406 molendinum.
2572 4334 2747 4404 Item
2800 4355 2939 4405 non
2976 4341 3138 4407 sunt
3191 4338 3287 4406 ibi
3345 4306 3763 4426 horma-J

548 4457 722 4529 niae.
810 4458 985 4531 Item
1023 4458 1317 4530 solvitur
1352 4456 1620 4529 decima
1673 4457 1997 4547 episcopo
2043 4455 2488 4527 Gracoviensi
2526 4456 2934 4545 pecunialiS,
2988 4457 3075 4528 de
3111 4458 3423 4547 qnalibet
3455 4435 3913 4647 law

551 4599 677 4670 per
728 4579 1064 4652 fertonem
1122 4580 1426 4653 latorum
1481 4599 1901 4669 grossorum.
1981 4576 2304 4650 Confluat
2339 4631 2621 4647 ......

753 4699 1415 4790 ὃσιιΥΜΑιιοΖοπΑ,
1467 4700 1638 4771 villa
1690 4700 1820 4771 sub
1873 4699 2204 4789 parochia
2257 4698 2587 4770 ecclesiae
2640 4696 2726 4769 de
2774 4698 3447 4789 Ugyanowicze
3503 4695 3751 4790 sim,

549 4823 743 4893 cuius
795 4823 1191 4912 proprietas
1262 4829 1334 4892 et
1385 4821 1762 4892 dominium
1836 4819 1925 4891 ad
1981 4819 2539 4891 sanctimoniales
2593 4820 2914 4908 pertinet.
2996 4819 3073 4890 In
3132 4840 3269 4910 qua
3320 4826 3431 4891 est
3478 4826 3667 4893 unus
3714 4834 3721 4839 ·
3865 4826 3874 4827 ἢ

550 4943 791 5014 laneus
845 4942 1325 5032 cmethonalis‚
1398 4943 1516 5032 qui
1571 4963 1697 5031 pro
1751 4961 1960 5013 censu
2014 4941 2223 5013 solvit
2277 4961 2397 5012 sex
2452 4961 2751 5030 grossos.
2834 4940 3007 5011 Item
3064 4939 3420 5045 praefatus
3472 4961 3661 5013 cme-

550 5065 674 5135 tho
727 5063 901 5136 nihil
937 5064 1238 5154 laborat,
1289 5084 1513 5153 neque
1550 5063 1775 5134 solvit.
1856 5063 2029 5134 Item
2086 5033 2195 5134 est
2232 5063 2328 5133 ibi
2388 5062 2719 5133 scoltetus
2773 5063 3035 5133 habens
3090 5062 3415 5181 proprios
3446 5082 3667 5153 agros

550 5184 636 5254 de
688 5184 879 5274 agris
933 5183 1500 5274 cmethonalibus,
1556 5184 1765 5257 solvit
1819 5186 2121 5276 quinque
2172 5204 2475 5273 grossos.
2564 5183 2733 5253 Item
2793 5183 3098 5274 reliquos
3152 5174 3360 5274 agros
3412 5183 3667 5256 fluvius

548 5306 1122 5377 Loszoszina
1193 5298 1597 5395 absumpsit.
1679 5305 1850 5377 Item
1926 5327 2061 5377 non
2118 5311 2227 5376 est
2279 5306 2605 5394 taberna,
2678 5325 2899 5394 neque
2968 5305 3396 5376 hortulanus.
3478 5304 3661 5377 Item
3806 5256 3933 5471 q

549 5427 846 5499 solvitur
898 5427 995 5499 ibi
1050 5427 1317 5499 decima
1355 5426 1749 5517 pecunialis
1820 5427 2144 5516 episcopo
2201 5425 2680 5514 Gracoviensi,
2745 5425 2830 5496 de
2886 5426 3198 5515 quolibet
3249 5425 3480 5515 laneo,

549 5548 887 5621 fertonem
939 5548 1240 5621 latorum
1292 5568 1691 5639 grossorum
1749 5547 2224 5637 Pragensium.
2306 5545 2628 5619 Confluat
2664 5602 2898 5617 .....

755 5670 1215 5760 KAMYONKA,
1269 5669 1434 5742 villa
1470 5670 1599 5741 sub
1635 5668 1967 5758 parochia
2011 5669 2080 5741 in
2137 5668 2829 5759 Ugyanowycze
2884 5669 3057 5759 sita,
3111 5669 3313 5740 cuius
3343 5669 3669 5760 proprie-

547 5800 658 5864 tas
728 5796 800 5863 et
860 5789 1236 5863 dominium
1308 5791 1397 5861 ad
1469 5780 2028 5862 sanctimoniales
2101 5792 2422 5881 pertinet.
2512 5791 2589 5861 In
2657 5811 2794 5880 qua
2865 5796 3032 5861 sunt
3104 5794 3406 5881 quatuor
3475 5788 3665 5863 lanei

485 5893 494 5902 ⁹
546 5912 1047 6001 cmethonale8‚
1119 5919 1193 5984 et
1262 5911 1771 5983 diversificatur
1841 5911 1938 5983 ibi
2009 5933 2257 5984 census
2330 5911 2702 5983 secundum
2779 5912 3237 6001 quantitatem
3312 5932 3669 6001 agroeum.

545 6034 725 6105 Item
779 6033 1073 6123 praefati
1130 6034 1525 6105 cmethones
1579 6032 1751 6103 nihil
1791 6032 2097 6122 solvunt,
2153 6053 2376 6123 neque
2413 6034 2754 6120 laborant,
2809 6040 3094 6122 praeter
3131 6052 3430 6132 censum.
3482 6030 3669 6105 Item
3738 6120 3745 6126 ,

551 6159 662 6225 est
694 6152 795 6225 ibi
831 6154 1162 6236 scoltetus
1214 6154 1476 6226 habens
1529 6175 1739 6225 unum
1795 6154 2069 6226 laneum
2127 6154 2442 6242 liberum,
2499 6153 2616 6243 qui
2656 6153 2843 6243 capit
2897 6153 3266 6244 septimum
3304 6152 3675 6225 denarium

546 6274 634 6345 de
669 6294 898 6346 censu.
953 6275 1126 6347 Item
1166 6276 1375 6348 habet
1411 6276 1509 6348 ibi
1546 6276 1876 6348 scultetus
1915 6297 2125 6348 unum
2166 6274 2662 6364 molendinum,
2702 6274 2823 6347 sed
2862 6297 2999 6349 non
3036 6273 3248 6348 habet
3282 6273 3673 6347 tabernam.
