4217 8059
305 1458 377 1532 124

406 1664 652 1751 Sunnaownn,
679 1659 762 1732 villa
783 1659 852 1732 sub
879 1660 1046 1750 parochia
1071 1658 1115 1731 de
1141 1658 1190 1731 (ll
1204 1658 1440 1731 obuczslro
1467 1657 1544 1747 sita,
1570 1656 1668 1730 cuius
1694 1656 1852 1747 proprie·

302 1793 357 1857 tus
384 1785 428 1856 ad
443 1782 699 1867 ¹monasterium
719 1780 1053 1853 Ozanstocboviense
1081 1780 1244 1870 pertinet,
1271 1780 1402 1851 donata
1427 1778 1539 1850 eidem
1557 1779 1770 1865 monasterio
1788 1799 1851 1868 per

302 1903 595 1976 Vladislaum
623 1900 876 1973 Secundum
904 1899 1070 1973 Poloniae
1097 1920 1224 1991 regem.
1250 1899 1290 1969 ln
1310 1920 1379 1991 qua
1396 1903 1478 1971 sunt
1493 1898 1585 1975 lanei
1605 1899 1851 1986 amathonales,

302 2032 339 2095 et
365 2022 510 2113 quilibet
538 2022 642 2093 solvit
661 2075 774 2109 .....
802 2021 885 2091 item
913 2040 988 2109 ova,
1016 2010 1100 2093 iteui
1118 2020 1239 2112 gallos,
1266 2020 1496 2107 item-caseos,
1522 2000 1606 2089 item
1633 2019 1742 2107 labor,
1768 2020 1851 2089 item

298 2141 488 2237 puerulo-ru,
515 2143 598 2213 item
626 2163 780 2235 ossspcp,
815 2142 898 2212 item
926 2162 995 2211 non
1023 2148 1112 2212 sunt·
1131 2141 1166 2211 iu
1193 2140 1313 2211 eadem
1340 2139 1424 2210 villa
1449 2138 1634 2227 tabernae,
1669 2160 1738 2209 non
1769 2144 1852 2210 sunt

301 2262 531 2352 hortulaniae;
558 2269 612 2333 est
639 2263 687 2333 ibi
714 2261 883 2349 scoltetia,
912 2261 1042 2333 babens
1062 2316 1070 2330 .
1089 2316 1096 2330 .
1116 2284 1181 2349 ..3
1220 2262 1303 2333 item
1331 2282 1399 2332 non
1426 2265 1481 2331 ast
1508 2261 1557 2331 ibi
1583 2260 1724 2349 aliquod
1751 2278 1851 2349 prce·

302 2383 407 2471 dium;
433 2383 516 2453 item
544 2383 587 2452 de
615 2382 772 2453 omnibns
800 2381 910 2461 laneis
945 2389 980 2451 et
1007 2381 1167 2453 scoltetia
1193 2360 1341 2453 solvitur
1367 2380 1501 2451 decima
1527 2380 1717 2468 pecunialis
1743 2380 1851 2451 eccle-

206 2506 208 2511 ’
302 2504 374 2573 aiae
401 2504 436 2573 in
465 2501 779 2591 Clobuczslro,
807 2501 849 2571 de
877 2501 1031 2589 quolibet
1058 2502 1159 2573 laneo
1186 2522 1249 2592 per
1276 2520 1515 2591 sex-grossos.

405 2623 578 2711 Leonum,
615 2621 697 2692 villa
725 2623 788 2694 sub
816 2622 981 2710 parocbia
1007 2621 1050 2693 de
1079 2622 1374 2693 Globuczslro
1402 2622 1490 2709 sita,
1531 2622 1627 2693 cuius
1654 2620 1851 2712 proprietas

302 2743 345 2813 ad
374 2742 618 2813 monasterium
655 2740 988 2813 Czanstochoviense
1025 2746 1196 2833 pertinet,
1233 2741 1362 2814 donata
1396 2742 1507 2814 eidem
1543 2741 1755 2813 monasterio
1790 2760 1852 2829 per

302 2861 595 2955 Vladislanm
631 2860 885 2932 Secundum
922 2860 1087 2933 Pelopiae
1123 2883 1250 2953 regern.
1294 2862 1334 2933 In
1362 2884 1431 2953 qua
1465 2854 1548 2935 sunt
1582 2862 1748 2935 tredecim
1775 2882 1850 2931 cum

301 2983 414 3053 medio
442 2983 531 3052 lanei
559 2982 803 3069 cmethonales,
831 2990 868 3055 et
885 2983 1032 3072 quilibet
1060 2983 1165 3054 solvit
1191 2983 1338 3054 mediam
1365 3003 1529 3071 marcam
1555 2983 1639 3055 item
1667 3003 1741 3072 ova,
1769 2982 1850 3053 item

301 3102 421 3191 gallos,
449 3103 532 3171 item
559 3121 687 3189 caseos,
715 3103 798 3172 item
825 3101 934 3191 labor,
961 3103 1043 3175 item
1065 3100 1259 3196 promebam,
1286 3103 1369 3173 item
1387 3124 1533 3199 osszyep.
1560 3102 1649 3175 Item
1676 3123 1745 3175 non
1772 3107 1853 3173 sunt

298 3224 334 3293 in
361 3222 481 3293 eadem
509 3221 591 3292 villa
618 3222 793 3309 tabernae,
822 3242 890 3294 non
909 3230 990 3293 sunt
1008 3223 1234 3295 hortulauiae
1261 3224 1350 3295 Item
1374 3222 1441 3293 fuit
1466 3224 1501 3295 in
1520 3224 1641 3295 eadem
1659 3243 1752 3295 nnus-
1766 3220 1851 3293 villa

301 3342 426 3413 nobilis
446 3340 664 3429 Mikosch,
682 3341 813 3412 liabens
837 3341 906 3411 illic
925 3363 1028 3412 unum
1047 3349 1183 3413 tautum
1211 3330 1402 3432 praedicor
1428 3343 1489 3415 sed
1507 3343 1673 3417 Nicolans
1699 3342 1853 3413 Barzi-

302 3462 487 3550 novvslry
524 3461 675 3530 existens
711 3468 793 3531 tuuc
834 3463 930 3552 prior
966 3462 1188 3552 provincialis
1224 3462 1583 3554 Ozanstocboviensis,
1621 3484 1684 3554 pro
1711 3468 1849 3534 centum

301 3582 426 3651 marcis
454 3581 579 3650 coemit
605 3579 690 3649 illud
717 3601 780 3669 pro
808 3583 1027 3671 monasterio,
1055 3589 1092 3654 et
1109 3583 1216 3655 babot
1243 3584 1291 3655 ibi
1318 3585 1565 3673 monasterium
1593 3584 1783 3675 praedium,
1809 3582 1853 3654 de

304 3722 370 3791 quo
398 3700 501 3769 solvit
520 3699 686 3770 decimam
706 3701 955 3791 manipularem
983 3701 1147 3773 ecclesiae
1174 3702 1542 3787 inOlobuczslr-o.
1568 3686 1655 3775 Item
1682 3704 1726 3775 de
1744 3706 1853 3775 omui-

301 3819 364 3889 bus
392 3819 486 3908 agris
515 3819 616 3889 villae
643 3819 791 3890 solvitur
818 3829 854 3891 et
881 3822 1086 3893 conducitur
1113 3823 1245 3895 decima
1270 3824 1497 3914 manipularis
1520 3831 1556 3895 et
1574 3824 1750 3914 canapalis
1778 3844 1850 3895 mo·

302 3940 454 4009 nasterio
483 3940 517 4007 in
545 3938 856 4028 Clobnczsko,
885 3950 920 4013 et
947 3942 1137 4015 voloreius
1157 3944 1362 4016 aestimatur
1384 3945 1564 4016 addacem
1592 3965 1736 4016 marcas.
1764 3944 1853 4031 Gon-

306 4058 390 4127 finnt
416 4046 490 4127 cuu‘r
519 4058 795 4149 Pyerschne

404 4176 592 4268 Jsrrvsr'rn,
620 4201 686 4250 uon
717 4186 771 4249 est
799 4181 889 4269 villu,
916 4181 977 4253 sed
1006 4184 1104 4273 sylva
1132 4191 1167 4255 et
1184 4186 1290 4255 burra
1317 4191 1461 4256 extensa
1487 4186 1629 4273 etslata,
1656 4207 1745 4275 quae
1771 4186 1853 4255 olim

303 4297 347 4395 ad
374 4296 490 4365 villam
525 4297 743 4375 Zakrzov
780 4323 888 4391 prope
924 4301 1217 4375 Olobuczslro
1253 4308 1373 4389 sitam,
1401 4312 1437 4377 et
1463 4306 1507 4377 ad
1544 4308 1617 4377 eius
1652 4306 1782 4377 incolas
1810 4326 1851 4375 es

303 4416 446 4506 antiquo
474 4416 678 4509 pertinebat,
706 4428 741 4491 et
768 4444 870 4513 quarn
898 4423 1044 4514 praelati
1064 4426 1197 4497 incolae
1225 4427 1268 4499 de
1295 4424 1519 4500 Zalrrzow
1545 4449 1648 4519 apum
1675 4434 1711 4497 et
1738 4427 1848 4497 mellis

304 4536 464 4631 alveariis
491 4535 719 4625 impleverunt
745 4550 781 4613 et
808 4564 870 4633 pro
898 4542 1064 4617 Poloniae
1091 4567 1173 4637 rege
1201 4548 1334 4619 tributu
1352 4548 1465 4619 mellis
1493 4549 1680 4620 secundum
1716 4548 1854 4639 quanti·

303 4664 410 4728 tatem
439 4656 549 4726 mellis
577 4677 618 4725 ex
646 4655 706 4725 illa
733 4662 928 4750 solvebaut;
955 4665 1086 4755 sylvam
1123 4670 1239 4738 autern
1266 4667 1456 4756 praelatam
1485 4690 1561 4739 cum
1586 4671 1658 4740 suis
1691 4669 1852 4740 alveariis

305 4778 463 4846 omnibus
500 4784 535 4845 et
562 4776 756 4843 attinentiis
792 4780 967 4863 praefatus
1000 4782 1281 4856 Vladislaus
1322 4786 1561 4859 Secundus
1590 4789 1754 4860 Poloniae
1782 4810 1853 4876 rex,

223 4962 229 4973 .
303 4895 479 4966 fundando
494 4892 741 4963 monasterium
757 4890 1098 4991 Ozanstoehovieuso,
1112 4906 1156 4975 ab
1170 4904 1300 4977 eisdem
1314 4908 1554 5003 curethonibus
1568 4909 1611 4979 de
1631 4908 1779 4979 Zalrrz
1790 4931 1811 4978 ο
1822 4930 1850 4977 ν

306 5014 467 5101 abstulit,
504 5020 539 5082 tt
567 5013 775 5083 ¹¹¹⁰¹1a⁸t⁸r10
809 5012 1134 5095 Czaustoctovionsi
1169 5033 1336 5115 perpetuo
1372 5028 1519 5099 contulit
1544 5036 1581 5098 et
1608 5030 1854 5131 incorporavit,

306 5136 402 5205 iuxta
431 5154 532 5223 quam
560 5132 683 5203 fluvius
710 5132 955 5205 Szarnova
991 5134 1157 5235 decurrit,
1178 5146 1214 5217 in
1242 5168 1309 5237 quo
1336 5148 1440 5219 fluvio
1475 5149 1591 5222 locata
1627 5157 1681 5221 est
1711 5150 1852 5221 lubrica.

307 5276 394 5345 qnae
423 5254 574 5343 pertinet
593 5252 635 5323 ud
664 5260 814 5325 castrum
834 5253 1081 5359 Grzepiczeuse
1107 5274 1140 5335 ot
1166 5274 1310 5355 vocatur
1333 5268 1569 5341 'Haukowa
1594 5270 1611 5341 f
1617 5271 1787 5342 abrica.

411 5372 731 5462 Cznss'rocuown,
759 5374 1081 5479 oppidumlrabens
1100 5380 1135 5449 iu
1151 5400 1191 5475 se
1215 5389 1393 5461 ecclesiam
1419 5392 1652 5481 parochialem
1670 5399 1852 5477 muratam,

307 5496 405 5565 iuxta
431 5494 570 5563 fluvium
598 5492 787 5564 Wartha
815 5495 937 5584 situm,
973 5497 1070 5567 cuius
1107 5502 1299 5590 proprietas
1326 5510 1370 5581 ad
1398 5512 1656 5583 serenissimum
1688 5512 1853 5585 Poloniae

307 5634 423 5703 regem
452 5614 620 5702 pertinet,
658 5614 700 5683 de
728 5614 824 5685 cuins
852 5619 1077 5705 proventibus
1106 5619 1352 5701 Vladislau
1362 5654 1379 5701 s
1415 5630 1652 5705 Secundus
1688 5632 1852 5705 Poloniae

308 5754 380 5823 rex,
399 5732 573 5804 fundando
594 5737 839 5806 morrosterinnr
859 5734 1203 5829 Czaustochoviense,
1221 5750 1369 5832 quatuor
1385 5772 1519 5823 marcas
1539 5754 1687 5825 latorum
1714 5775 1853 5843 grosso-

308 5874 384 5924 rum
412 5852 635 5943 Pragensium
674 5858 882 5926 monasterio
920 5857 1077 5947 praelato
1114 5860 1439 5939 Czarrstocboviensl
1465 5872 1617 5964 donavit,
1645 5875 1792 5946 contulit
1818 5881 1854 5945 et

308 5973 494 6063 inscripsit,
522 5994 563 6043 ex
591 5974 752 6045 censibus
788 5976 905 6065 oppidi
942 5977 1106 6067 praefati.
1146 6002 1209 6071 per
1240 5988 1487 6057 monasterium
1519 5992 1853 6067 Ocnustochoviense

309 6090 555 6181 percipiendas

415 6209 503 6284 Duo
541 6212 712 6287 macella.
755 6214 843 6289 Item
881 6218 915 6287 in
941 6219 1100 6307 praelato
1136 6222 1360 6333 spoj=dppido
1397 6229 1493 6318 regio
1529 6229 1854 6307 Ozanstocboviensi

310 6329 506 6418 praedictus
524 6331 796 6441 vladislaus
815 6334 1049 6410 Secundus
1069 6338 1156 6451 Pola¹
1167 6416 1173 6421 ,
1204 6328 1233 6359 '¹‘
1247 6326 1506 6473 ¹'„J·“lundando
1519 6349 1853 6427 (lzanstoclroviense
