4217 8059
1740 1455 1835 1575 aas

1439 1642 1442 1647 Δ
1670 1600 1691 1645 ⁶!

266 1727 379 1796 agros,
407 1707 582 1797 quaelibet
566 1707 713 1778 tsolvit
738 1727 840 1778 unam
867 1726 1028 1778 marcam.
1055 1705 1147 1778 Item
1153 1707 1389 1782 hortulaniae
1414 1682 1509 1781 Item
1485 1600 1740 1915 ’iun
1728 1728 1814 1783 cue-

266 1827 413 1917 nuhialu,
441 1828 483 1899 de
510 1849 578 1918 quo
605 1828 710 1899 datur
736 1827 869 1900 decima
895 1827 1125 1900 ecclesiaern
1152 1812 1540 1915 Gunliune.1temu
1598 1846 1638 1901 es
1664 1818 1816 1917 cme'tho-

267 1966 327 2019 nes
355 1948 499 2020 solvunt
520 1948 686 2021 decimam
713 1949 963 2040 manipularem
990 1955 1027 2022 et
1054 1950 1254 2041 canapalem
1281 1970 1345 2041 pru
1361 1948 1567 2121 'unwan
1584 1936 1817 2071 Qopmhnsi

266 2074 303 2140 et
329 2069 428 2140 valor
454 2070 529 2139 eius
555 2071 702 2142 aestima
718 2091 761 2141 ur
788 2069 832 2140 ad
859 2090 981 2142 novem
1008 2090 1143 2142 marcas
1440 2096 1445 2105 ·
1478 2064 1491 2081 ·
1638 2084 1645 2093 ·

370 2190 455 2260 Item
483 2189 506 2260 J
516 2191 689 2263 acubus
715 2184 824 2262 abbas
850 2190 1193 2280 Kuprzywniczensia
1219 2195 1347 2260 sortem
1374 2156 1485 2262 uuam
1506 2190 1541 2261 in
1568 2186 1818 2283 Oruhyely-

267 2330 344 2380 cze
369 2311 454 2381 emit
479 2311 523 2380 ah
551 2310 753 2401 Heduigi
781 2316 817 2381 et
842 2309 952 2382 fratre
979 2331 1042 2382 suo
1068 2310 1325 2384 Irzihhone
1355 2331 1419 2401 pro
1445 2310 1592 2400 triginta
1615 2300 1743 2403 marcis
1769 2310 1818 2383 lu-
1946 2288 1950 2299 ⁵

266 2437 380 2502 turum
407 2451 618 2521 grossorum,
644 2431 731 2503 feria
757 2432 865 2503 tertia
883 2433 918 2503 in
937 2432 993 2503 die
1011 2429 1256 2503 Conversionis
1282 2430 1399 2503 Sancti
1417 2430 1517 2503 Pauli
1548 2414 1820 2531 1407,'Donatu

267 2572 331 2641 per
357 2551 664 2642 Spithhonem
691 2553 735 2623 de
761 2552 936 2623 Sczeha
963 2554 998 2624 in
1025 2573 1147 2643 agone,
1173 2573 1276 2643 quam
1303 2551 1523 2624 donationem
1551 2551 1735 2625 Marcus
1754 2538 1819 2626 cu·

267 2678 340 2743 stus
366 2672 657 2744 Sandumiriensis
683 2693 760 2744 cum
787 2674 1051 2764 consanguineis
1074 2680 1111 2746 et
1129 2674 1330 2765 propinquis
1358 2673 1510 2746 eiusdem
1538 2672 1819 2763 Spithkunis

268 2799 304 2864 et
330 2793 420 2884 filiis,
447 2793 684 2869 Sandumiriae
711 2795 746 2865 in
758 2794 946 2885 colloquio
977 2795 1086 2865 1382.
1112 2795 1147 2865 iu
1175 2794 1328 2866 crastino
1355 2793 1561 2867 Natiuitatis
1575 2793 1724 2866 Sanctae
1742 2793 1819 2866 Mu·
1881 2831 1884 2837 ·

131 2909 134 2913 ’
268 2915 341 2985 riae
368 2914 627 2986 confirmarunt.

371 3034 650 3125 Duaazacuuw,
690 3034 773 3107 villu
809 3035 941 3107 habens
977 3036 1012 3107 in
1039 3056 1078 3107 se
1105 3034 1283 3107 ecclesiam
1312 3036 1543 3127 parochialem
1575 3037 1743 3129 ligneam,
1783 3044 1820 3109 et

269 3157 480 3229 monasterio
499 3154 816 3247 Guprzywuiezunsi
843 3175 908 3248 per
933 3155 1179 3241 Nicolaum
1206 3157 1365 3228 comitem
1384 3155 1428 3228 de
1446 3157 1653 3247 Boguria
1678 3158 1817 3230 donata.
1857 3244 1867 3257 l

268 3277 308 3348 lu
329 3297 404 3367 qua
431 3283 512 3348 sunt
538 3277 628 3348 lanei
656 3277 901 3366 cmethouales‚
926 3283 964 3353 et
990 3276 1137 3368 quilibet
1163 3276 1268 3349 soluit
1294 3297 1358 3368 pro
1384 3296 1499 3349 annuu
1514 3298 1650 3351 censu
1650 3332 1765 3350 .....
1781 3289 1792 3348 ·.
1811 3324 1834 3368 ,«

270 3400 353 3468 item
379 3398 510 3488 gallos·
528 3399 611 3468 item
639 3419 720 3488 ova,
747 3399 830 3469 item
857 3418 994 3488 caseos,
1021 3399 1106 3469 item
1127 3403 1212 3488 ,pust
1238 3416 1357 3469 umnec
1384 3402 1487 3488 Quos
1512 3398 1661 3471 solvitur
1686 3399 1820 3471 decima

269 3518 503 3609 manipularis,
530 3525 568 3590 et
593 3518 789 3591 conducunt
813 3539 890 3590 eam
917 3519 1079 3609 propriis·
1096 3518 1265 3623 curribus.
1309 3519 1398 3590 Item
1425 3520 1625 3592 emethunes
1656 3525 1820 3601 hnentur
1874 3528 1877 3535 ’
1914 3574 1917 3579 .

268 3639 404 3711 solvere
429 3639 594 3711 ecclesiae
621 3639 656 3710 in
683 3639 998 3711 Dobraeuhuw
1025 3639 1181 3711 missalia
1206 3639 1295 3710 aliua
1320 3660 1461 3730 ιιιιιιιιε,
1488 3645 1526 3711 et
1540 3640 1625 3712 licet
1647 3639 1733 3712 alias
1752 3640 1820 3712 sul·
1953 3639 1959 3652 '

268 3760 397 3831 vehant
422 3745 617 3831 huiusmodi
644 3780 777 3829 lammae
798 3761 838 3831 in
864 3758 1041 3850 frugibus,
1076 3760 1191 3833 dando
1218 3761 1396 3833 aunuatim
1432 3767 1505 3832 tres
1542 3780 1642 3832 corus
1673 3761 1821 3852 siliginis

269 3887 306 3950 et
322 3879 467 3951 totidem
486 3901 625 3970 avenae
643 3885 768 3970 expuat
785 3880 916 3953 dahaut
933 3891 996 3971 per
1009 3856 1227 3953 concordiam
1246 3887 1397 3972 quatuor
1415 3900 1550 3953 marcas
1565 3881 1818 3969 tautummodo,

270 4001 510 4091 quau-dehent
537 4001 677 4073 solvere·
699 4021 763 4091 pro
790 4001 949 4074 omnibus
976 4002 1183 4081 missalibus.
1209 4001 1370 4074 Gontinat
1396 4002 1593 4074 cum'villis
1621 4002 1821 4093 Trupya,

270 4119 593 4213 Grodzyszho,
624 4121 834 4211 Zauada,
870 4121 1180 4214 Tilkowycze,
1207 4122 1539 4195 Mathusauwu.
1583 4124 1721 4194 Donata
1748 4136 1821 4195 mu-

269 4243 424 4314 nasterio
450 4263 514 4332 per
540 4240 780 4313 Nicolaum
807 4242 965 4312 comitam
993 4240 1209 4313 fundatorem
1238 4242 1281 4313 de
1308 4242 1522 4332 Boguria

276 4380 280 4390 ’
375 4364 542 4453 Luscus,
569 4362 706 4434 villain
725 4383 763 4433 se
781 4362 1014 4467 parochialem
1042 4361 1221 4433 ecclesiam
1249 4362 1381 4434 habens
1407 4364 1520 4452 sitam,
1546 4368 1583 4434 et
1600 4383 1663 4454 per
1689 4361 1820 4433 Nico-

270 4486 387 4555 laum
424 4486 582 4555 cumitem
621 4484 663 4554 de
690 4483 894 4573 Boguria
928 4484 1140 4554 monasterio
1174 4482 1312 4556 donata.
1356 4483 1396 4555 lu
1423 4504 1494 4574 qua
1528 4488 1610 4563 sunt
1640 4478 1819 4555 duodecim

271 4607 361 4678 lanei
389 4605 640 4696 cmethunales,
675 4611 712 4677 et
739 4605 885 4696 quilibet
910 4604 1033 4694 solvit,
1070 4624 1135 4695 pru
1162 4624 1276 4675 annuo
1301 4623 1408 4676 censu
1434 4604 1580 4677 medium
1608 4625 1758 4679 marcam
1787 4609 1822 4675 et

272 4746 375 4796 unum
402 4746 579 4814 grossum,
606 4726 690 4796 item
712 4745 801 4814 ova,
833 4723 916 4794 item
943 4743 1081 4814 caseos,
1117 4724 1200 4794 item
1226 4722 1347 4813 gallus.
1391 4722 1493 4794 item·
1507 4730 1561 4794 est
1586 4722 1635 4794 ibi
1660 4723 1822 4796 scoltetia

272 4835 403 4917 habens
430 4845 517 4919 duos
544 4846 681 4934 laneos3
707 4844 790 4917 item
818 4845 924 4917 habet
949 4844 1040 4917 idem
1068 4844 1235 4916 scultetus
1262 4864 1367 4915 uuum
1394 4845 1609 4916 emethouem
1638 4844 1820 4916 habeatem

271 4967 419 5056 laneum,
446 4967 505 5057 qui
533 4986 596 5057 pro
624 4986 729 5036 ceusu
756 4967 861 5037 solvit
886 4966 953 5037 sibi
979 4956 1307 5037 mediam-marcam
1334 4969 1371 5037 et
1396 4985 1501 5036 uuum
1526 4984 1704 5055 grossum
1738 4965 1821 5037 item

272 5089 377 5159 hahet
403 5089 492 5158 idern
521 5088 686 5159 scultetus
713 5107 820 5159 unum
847 5108 967 5178 agrurn
1003 5089 1078 5159 sive
1103 5087 1260 5177 laneum,
1287 5106 1389 5177 quern
1415 5086 1542 5158 usserit
1567 5107 1605 5158 se
1631 5107 1654 5158 a
1679 5085 1838 5163 Nicoluo·
1941 5084 1950 5097 ⁸

273 5205 418 5279 Gruth
446 5210 572 5281 abbate
599 5210 741 5298 emisse,
777 5208 820 5280 de
848 5230 916 5300 quo
943 5209 1023 5280 olim
1060 5209 1260 5281 solvebatur
1294 5224 1364 5279 una
1391 5226 1507 5279 marca
1541 5215 1578 5279 et
1605 5205 1674 5280 duo
1709 5210 1825 5299 grossi

273 5332 495 5419 monasteria
520 5331 738 5402 item-hahet
765 5330 930 5401 scultetus
956 5331 992 5400 iu
1020 5327 1141 5400 eadem
1169 5329 1478 5419 villambonam,
1506 5349 1594 5419 quae
1619 5350 1690 5401 nou
1718 5315 1824 5402 habet

274 5470 388 5540 agros,
415 5451 475 5522 sed
502 5458 636 5527 tantum
666 5453 823 5542 hortum3
858 5451 1077 5523 itemhahet
1104 5450 1353 5540 molendinum,
1380 5451 1519 5541 dequo
1546 5450 1730 5522 solvuntur
1755 5450 1822 5520 sihi
1907 5544 1910 5548 ²

274 5578 473 5659 metrone,
496 5574 579 5643 item
606 5572 773 5670 scultetus
798 5573 893 5644 tollit
919 5573 1051 5663 pullos,
1079 5584 1153 5662 otu,
1179 5576 1308 5660 caseus,
1335 5591 1403 5642 uun
1431 5571 1563 5641 hahens
1590 5570 1732 5661 aliquod
1756 5571 1822 5667 ius,
1865 5643 1868 5648 ,

274 5712 349 5762 cum
378 5692 606 5764 haec-omnia
631 5693 755 5799 detQt
761 5694 1008 5764 monasterium
1035 5693 1168 5763 tollere.
1195 5692 1282 5763 ltem
1310 5692 1353 5763 de
1372 5691 1531 5781 omnibns
1557 5691 1653 5782 aguis
1678 5690 1825 5787 suffitum

274 5814 406 5883 decima
432 5815 667 5905 manipularis,
694 5820 731 5885 et
757 5813 955 5885 conducunt
980 5834 1056 5884 eam
1084 5814 1235 5903 propriis
1262 5812 1440 5903 curribus,
1456 5800 1584 5909 :cqiua
1595 5811 1711 5887 ιιΙοι
1717 5813 1825 5901 ausd-

275 5943 390 6006 matur
416 5934 460 6006 ad
480 5989 487 6005 .
506 5990 514 6004 .
586 5990 620 6005 ..
646 5936 785 6006 Donata
811 5934 1022 6019 munasterio
1048 5955 1155 6024 pur
1140 5934 1381 6005 Nicolaum
1417 5932 1590 6067 cumidem
1603 5922 1823 6007 fundaturam

275 6056 318 6124 de
347 6056 560 6145 Buguria
587 6054 747 6127 Goufinat
773 6076 849 6125 cum
878 6054 969 6126 villis
988 6107 1103 6124 .....

379 6177 584 6265 Jnsszrsn,
623 6177 786 6266 oppidum
815 6177 982 6247 habens
974 6198 1008 6246 ιιι
1036 6196 1074 6244 se
1100 6176 1282 6246 ecelesiam
1310 6102 1557 6273 parochialem,
1565 6088 1672 6269 quod
1700 6176 1828 6248 Nico·

276 6298 379 6369 laus
414 6318 529 6370 comes
572 6298 618 6367 de
656 6297 859 6388 Buguria
894 6297 1106 6368 monasterio
1146 6296 1355 6384 donauerat3
1391 6296 1453 6368 sed
1489 6296 1619 6369 alienat
1603 6303 1677 6369 tum
1712 6303 1775 6371 ost
1806 6319 1827 6369 a

275 6418 494 6508 monasterio,
522 6423 558 6488 et
584 6438 647 6508 pro
675 6417 1058 6524 oppidotFrystath
1085 6417 1282 6491 cambitum.
1311 6416 1473 6506 Quamvis
1492 6418 1581 6489 enirn
1601 6416 1826 6492 casimirus
1853 6400 1859 6410 κ
