4217 8059
1739 1506 1814 1578 415

684 1765 766 1807 ,.,,,,
809 1726 886 1805 ,ιιι
957 1712 1102 1783 ἰοιιίιι
1138 1676 1560 1785 de·Wanchoc⁶i'alno
1595 1712 1681 1802 sita,
1719 1713 1816 1782 cuins

253 1826 464 1947 'proprietas
489 1830 542 1903 ad·
559 1814 675 1903 mon''''
834 1814 1134 1927 ιιιῦιιιιιιιιιι
1142 1834 1305 1923 pertinet.
1336 1833 1376 1902 ln
1404 1844 1474 1923 qua·
1499 1839 1581 1904 aunt
1607 1832 1699 1904 lanei
1726 1854 1816 1904 cme-

265 1952 437 2041 thonales,
464 1960 500 2023 et
518 1950 623 2033 soluit
640 1953 787 2043 quilibet
812 1973 877 2043 pro
895 1972 1000 2023 censu
1017 1932 1123 2024 uffum
1150 1952 1329 2042 fertonem,
1356 1955 1439 2024 item
1458 1974 1523 2024 ova
1550 1954 1705 2044 triginta
1732 1954 1816 2024 item

205 2007 437 2163 3,Ἑιιιιιιιι
394 2073 490 2160 duos,
517 2073 600 2143 item
627 2092 758 2160 caseos3
784 2073 867 2143 item
886 2072 996 2161 labor,
1023 2075 1105 2144 item
1128 2072 1286 2168 powabq
1313 2075 1396 2144 item
1423 2096 1568 2169 ocozycpq
1596 2075 1679 2144 item
1698 2076 1815 2145 taber·

228 2176 320 2281 *ua
347 2192 429 2263 item
456 2192 642 2265 hortulani.
668 2193 756 2267 Item
777 2192 963 2282 praedium
991 2194 1190 2265 coenobiale
1217 2215 1285 2264 non
1313 2202 1367 2264 est
1394 2194 1430 2264 in
1457 2194 1576 2264 cadem
1604 2194 1706 2282 villa3
1733 2195 1813 2264 item
1871 2271 1873 2275 ,

234 2306 508 2384 'nucerinum
550 2314 639 2384 Item
666 2313 709 2385 de
735 2313 894 2385 omnibus
930 2314 1023 2403 agris
1061 2314 1179 2402 villae,
1216 2314 1363 2386 solvitur
1389 2322 1426 2385 et
1452 2314 1657 2385 conducitur
1682 2315 1815 2392 decima

265 2434 491 2523 manipularis
517 2441 553 2506 ct
579 2434 775 2525 campalis,
809 2456 873 2524 pro
900 2434 1044 2505 ccclesia
1080 2435 1115 2505 in
1151 2434 1518 2524 Wancboczsko,
1554 2441 1590 2505 et
1616 2435 1714 2507 valor
1740 2436 1814 2506 eius

265 2554 469 2626 aestimatur
488 2610 600 2625 .....
627 2555 726 2627 lteru-
742 2560 797 2627 cst
822 2556 872 2626 ibi
899 2554 1059 2629 scollatia
1085 2555 1217 2627 habens
1243 2554 1330 2627 duos
1356 2554 1484 2653 laneqs,
1512 2554 1555 2627 de
1582 2554 1707 2646 quibus
1732 2555 1815 2626 lacit

286 2696 327 2747 ro
354 2677 566 2748 monasterio
594 2674 755 2765 servitia,
791 2684 827 2747 et
853 2675 1022 2749 decimam
1059 2676 1308 2766 manipularem
1344 2676 1387 2747 de
1414 2677 1484 2747 illis
1520 2675 1625 2748 solvit
1651 2677 1815 2748 ecclesiae

161 2782 239 2903 ιζ’
317 2797 465 2887 plebano
483 2798 520 2868 in
548 2796 907 2869 Wanchoczsko.
935 2796 1097 2869 Confinat
1115 2816 1191 2869 cum
1217 2796 1406 2886 Bszino,
1434 2796 1816 2887 Szkarsniczslco,

208 2978 263 3021 ,h
301 2938 522 3007 arsszonn,
550 2920 770 3010 Sztbyow.
856 2968 859 2973 -
1451 2904 1460 2919 ’
1853 2913 1858 2927 ’

280 3036 307 3081 ·’
367 3040 569 3129 Wonrczn,
597 3040 680 3111 villa
698 3042 762 3111 sub
780 3040 946 3129 parochia
972 3039 1016 3112 de
1043 3039 1290 3111 Mnischek
1318 3040 1397 3129 sita,
1423 3040 1520 3111 ouius
1546 3040 1744 3130 proprietas
1770 3040 1815 3111 ad

263 3161 512 3233 monasterium
539 3160 826 3232 Wanchoczense
846 3160 1008 3250 pertinet.
1035 3160 1075 3230 In
1104 3180 1172 3249 qua
1189 3164 1271 3230 sunt
1255 3160 1387 3231 tlanei
1415 3159 1660 3251 cmethonales,
1686 3167 1722 3232 et
1740 3162 1815 3251 qui·

216 3276 350 3423 gem
375 3281 480 3353 solvit
506 3300 569 3372 pro
596 3302 701 3353 censu
727 3296 833 3352 unum
859 3280 1027 3352 fertonem
1057 3282 1176 3370 ,item
1199 3301 1266 3352 ova
1291 3281 1446 3371 triginta,
1472 3282 1556 3352 item
1581 3281 1692 3372 gallos
1719 3282 1816 3371 duos,

218 3390 347 3483 ξ’·,ἵιιιιιιιι
373 3422 503 3491 ιιιιοι;
530 3401 611 3473 item
639 3401 747 3491 labor,
774 3401 858 3472 item
883 3399 1037 3496 peccabo,
1064 3401 1145 3471 item
1174 3424 1324 3496 ocszyep3
1350 3402 1434 3473 item
1452 3403 1619 3473 tabernae
1637 3424 1706 3475 uon
1725 3409 1815 3492 sunt,

262 3523 364 3655 itq'm
373 3522 592 3607 hortulaniac
620 3543 689 3593 non
716 3528 807 3611 sunt,
835 3542 946 3612 neque
964 3522 1155 3612 praedium,
1182 3541 1293 3612 neque
1312 3522 1554 3594 molendinum.
1581 3523 1668 3594 item
1696 3544 1815 3595 omnes

263 3618 339 3733 agri
366 3641 470 3715 villae
505 3642 671 3714 decimam
704 3642 954 3732 manipularem
981 3646 1015 3712 et
1042 3642 1263 3732 canapalem.
1279 3643 1437 3732 solvunt,
1464 3650 1500 3713 et
1527 3643 1724 3714 conducunt
1750 3663 1814 3733 pro
1931 3700 1937 3717 .

262 3762 407 3834 ecclesia
442 3764 677 3853 parochiali
668 3785 704 3835 ιιι
731 3763 994 3853 Mnischelr,
1030 3769 1067 3834 et
1102 3763 1200 3835 ιιιοι
1234 3763 1310 3835 eius
1345 3764 1551 3836 aestimatur
1586 3764 1638 3835 ad
1668 3770 1816 3855 quatuor

263 3904 406 3957 marcas.
433 3882 594 3957 Confluat
619 3904 695 3957 cum
715 3938 831 3955 .....

365 4005 567 4095 Poenus,
606 4006 690 4076 villa
716 4005 780 4077 sub
807 4005 974 4094 parochia
999 4005 1043 4076 de
1069 4004 1344 4095 Wyrzbicza
1371 4006 1459 4095 sita,
1495 4007 1591 4077 cuius
1618 4007 1814 4097 proprietas

264 4124 308 4195 ad
335 4126 581 4199 monasterium
609 4125 890 4197 Wancboczense
917 4126 1088 4215 pertinet'
1123 4125 1162 4195 ln
1190 4146 1258 4215 qua
1284 4131 1366 4197 sunt
1392 4132 1471 4198 octo
1499 4127 1589 4198 lanei
1617 4127 1815 4198 cmethona-

262 4245 324 4334 les,
351 4252 387 4316 et
413 4247 558 4337 quilibet
585 4246 690 4318 solvit
716 4266 789 4336 pro,
807 4266 912 4317 censu
940 4266 1044 4317 unum
1072 4245 1250 4334 fertonem,
1277 4247 1361 4317 item
1380 4247 1503 4337 viginti
1527 4266 1601 4335 ove,
1628 4248 1710 4318 item
1731 4268 1815 4338 qua-

261 4371 342 4437 tuor
367 4365 495 4457 gallos,
534 4367 617 4438 item
645 4367 731 4437 duos
759 4386 887 4438 caseos.
932 4365 1019 4438 Item
1046 4366 1185 4438 laborat
1221 4367 1366 4457 quilibet
1393 4366 1436 4437 de
1463 4366 1562 4437 laneo
1590 4388 1695 4439 unum
1724 4367 1815 4439 diem

260 4489 308 4557 in·
325 4487 528 4577 saptimana,
538 4488 698 4577 proprio
725 4506 830 4558 curru
857 4493 918 4558 aut
944 4491 1073 4565 aratro.
1114 4487 1201 4558 Item
1222 4485 1407 4582 peccabam
1432 4493 1616 4577 utramque
1642 4487 1815 4577 laborant,

262 4626 327 4696 pro
355 4627 436 4679 vere
464 4607 626 4679 videlicet
652 4611 688 4678 et
714 4607 846 4698 hyeme.
886 4607 974 4679 ltern
1001 4608 1212 4679 cmethones·
1226 4608 1364 4681 foenum
1392 4628 1493 4679 omne
1519 4614 1684 4681 tenentur
1710 4608 1814 4681 falca-

254 4734 385 4816 'strarq
413 4734 569 4800 rastrare
596 4734 633 4800 ct
660 4728 854 4818 disponere.
870 4728 975 4800 ·ltem
1005 4727 1152 4819 quilibet
1178 4728 1222 4801 de
1250 4729 1349 4800 laneo
1376 4728 1481 4801 solvit
1506 4730 1643 4801 ratione
1669 4752 1818 4826 omeyqr,

261 4848 348 4920 duos
384 4849 507 4921 choros
542 4849 671 4937 tritici,
706 4868 768 4921 sex
795 4869 944 4938 avenae,
978 4854 1130 4940 quatuor
1156 4849 1316 4940 siliginis.
1360 4850 1445 4959 ltem
1473 4857 1556 4923 sunt
1589 4850 1639 4923 ibi
1665 4851 1815 4942 quinque
1920 4842 1954 4951 „f

263 4970 439 5059 tabernae,
466 4971 634 5042 habentes
661 4990 782 5075 agros,
810 4975 847 5041 et
872 4968 1048 5061 quaelibet
1075 4970 1179 5042 solvit
1205 4970 1352 5042 mediam
1379 4992 1540 5044 marcam
1581 4972 1669 5043 Item
1696 4972 1816 5044 hortu

262 5091 375 5162 laniae
403 5092 555 5183 quinque
581 5091 751 5163 habentes
778 5111 900 5182 agros,
927 5098 964 5163 et
990 5092 1167 5182 quaelibet
1183 5076 1299 5164 ¹solvit
1324 5099 1397 5165 tres
1423 5114 1583 5184 grossos,
1615 5100 1653 5166 et
1667 5092 1817 5166 laborat

262 5211 352 5282 diem
381 5233 495 5283 unum.
539 5212 627 5284 ltem
654 5212 814 5285 scoltetia
840 5217 894 5285 est
920 5211 987 5303 ibi,
1014 5232 1102 5303 quae
1129 5211 1235 5285 habet
1261 5212 1348 5285 duos
1375 5213 1495 5286 laneos
1521 5220 1558 5285 et
1584 5214 1671 5287 duas
1697 5215 1814 5285 taber-

263 5353 335 5421 nas,
362 5340 398 5404 et
424 5333 529 5406 solvit
555 5334 588 5405 ei
615 5332 791 5425 quaelibet
817 5333 964 5405 mediam
983 5344 1146 5404 rirarcam.
1173 5334 1260 5406 item
1288 5356 1408 5406 omnes
1435 5336 1511 5427 agri
1538 5336 1641 5435 sillae
1668 5341 1704 5406 et
1729 5336 1816 5406 scol-

262 5453 377 5543 tetiae,
405 5454 545 5526 solvunt
565 5460 608 5526 ‘et
634 5454 831 5528 conducunt
849 5454 1014 5527 decimam
1039 5456 1288 5546 manipularem
1315 5462 1351 5528 et
1378 5456 1577 5546 canapalcm
1605 5476 1668 5546 pro
1697 5477 1815 5526 mona-

261 5575 367 5646 sterio
395 5573 676 5666 Wancboczcnsi,
695 5581 740 5648 ,ιι
767 5576 866 5647 valor
881 5576 967 5647 eius
984 5575 1191 5649 aestimatur
1210 5577 1254 5648 ad
1272 5577 1391 5650 decem
1418 5598 1562 5648 marcas.
1599 5576 1685 5648 item
1712 5597 1814 5667 prae·

260 5696 354 5767 diurn
386 5704 440 5769 est
466 5696 684 5787 coenobiale,
720 5695 764 5767 de
790 5696 888 5768 cuius
914 5694 1009 5787 agris
1044 5698 1292 5771 monasterium
1319 5697 1602 5770 Wanchoczense
1637 5697 1729 5769 tollit
1755 5698 1814 5769 de·
1904 5736 1908 5751 ·
2007 5706 2010 5713 '

260 5816 392 5889 cimam.
419 5818 581 5891 Gonfinot
606 5838 684 5890 cum
711 5815 971 5908 Pakoslaw,
998 5817 1286 5910 Wirzbicza,
1313 5819 1512 5902 Osszini.

363 5937 541 6028 Ossznnr,
569 5938 653 6010 villa
679 5937 744 6010 sub
762 5936 929 6027 parochia
955 5936 999 6009 de
1026 5938 1199 6011 Mirzcz
1226 5941 1304 6031 situ,
1332 5942 1429 6013 cuius
1456 5940 1651 6032 proprietas
1678 5937 1722 6010 ad
1741 5922 1813 6010 rno-

258 6058 449 6131 nestorium
476 6057 753 6132 Wancboczense
780 6057 943 6148 pertinet.
970 6058 1010 6130 ln
1037 6080 1107 6150 qua
1133 6069 1215 6133 sunt
1241 6061 1309 6135 duo
1336 6062 1575 6134 tantummodo
1603 6062 1694 6132 lanei
1723 6081 1814 6131 cme-

257 6177 428 6267 thonales,
454 6184 491 6250 et
517 6179 663 6268 quilibet
690 6179 794 6253 solvit
821 6198 885 6269 pro
903 6196 1008 6251 censu
1028 6201 1133 6253 unum
1151 6181 1332 6272 fertonem,
1359 6184 1443 6255 item
1470 6202 1537 6254 υιι
1565 6183 1700 6273 viginti,
1726 6183 1811 6252 item

260 6298 372 6388 gallos
398 6303 566 6389 quatuor,
594 6300 676 6371 item
703 6318 834 6372 maeos-
849 6298 946 6371 duos.
992 6301 1079 6373 Item
1106 6301 1244 6374 laborat
1271 6302 1417 6393 quilibet
1443 6323 1549 6375 unum
1578 6303 1668 6374 diem
1695 6303 1731 6373 in
1759 6323 1833 6374 ιιι,

259 6420 423 6511 pliniana,
442 6420 585 6515 proprio
602 6440 707 6495 curru
725 6420 787 6495 aut
804 6424 922 6515 ιιιιιι
940 6421 984 6495 de
1008 6424 1118 6496 laneo.
1141 6424 1228 6499 Item
1241 6421 1425 6527 ροιαιιιιιι
1443 6430 1625 6521 utramque
1643 6424 1812 6513 laborant,
