4217 8059
1749 1480 1824 1553 383

358 1668 583 1785 ⁸Mnazuour,
610 1672 695 1744 uilla
720 1674 786 1748 snb
812 1675 978 1765 parochia
1004 1676 1056 1767 de
1075 1656 1418 1793 Gywanouioze
1442 1682 1521 1772 sita,
1546 1686 1583 1755 et
1608 1702 1672 1773 per
1698 1682 1824 1758 Bole

275 1789 419 1860 slaum
447 1789 667 1863 Pudicum
694 1794 815 1866 ducem
843 1797 1054 1870 monasterio
1081 1797 1198 1871 Sancti
1225 1800 1387 1873 Andreae
1414 1801 1560 1892 donata,
1596 1803 1642 1877 ad
1667 1804 1823 1879 amdan
1897 1900 1901 1907 Ι

275 1911 475 1982 monasterii
502 1914 754 2003 proprietatem
780 1918 968 2005 pertinens.
994 1917 1035 1989 In
1054 1938 1122 2008 qua
1139 1940 1209 1993 nou
1227 1925 1310 1992 sunt
1327 1920 1417 1993 lanei
1436 1922 1685 2012 emethonales,
1710 1944 1822 2015 neque

274 2030 471 2120 praedium,
507 2034 569 2103 sed
594 2036 833 2107 tantummodo
868 2043 1018 2127 quatuor
1053 2040 1274 2113 hortulaniac
1299 2041 1468 2115 babentes
1493 2062 1621 2132 agros,
1655 2050 1692 2115 et
1718 2045 1823 2117 solvit
1971 2126 1977 2131 ,

274 2151 473 2223 bortulauia
500 2176 603 2225 unum
632 2154 811 2246 fertonem,
838 2164 875 2228 et
901 2179 1006 2232 unum
1034 2160 1126 2233 diem
1153 2161 1194 2231 in
1216 2160 1410 2251 septimana
1434 2161 1580 2235 laborat
1605 2161 1695 2235 Item
1722 2171 1858 2255 prae,¹

273 2272 367 2343 dium
395 2275 613 2364 coenobiale,
648 2276 697 2347 de
719 2279 815 2348 cuius
841 2279 937 2368 agris
967 2281 1216 2357 monasterium
1243 2301 1308 2373 pro
1334 2301 1372 2352 ae
1398 2281 1492 2354 tollit
1513 2282 1694 2358 decimam
1734 2283 1821 2357 Item

273 2393 422 2495 taberne
446 2415 516 2466 una
542 2397 674 2468 habens
710 2418 831 2488 agros,
848 2460 850 2467 .
866 2404 903 2470 et
929 2401 1034 2473 soluit
1060 2422 1124 2492 pro
1151 2422 1257 2473 ceusu
1293 2403 1379 2474 duas
1410 2418 1554 2505 marcas,
1593 2403 1680 2476 Item
1716 2425 1821 2479 unum
1894 2499 1899 2508 Ι

221 2506 226 2511 ’
273 2515 505 2586 molendinum
535 2517 569 2587 in
597 2517 735 2589 flumine
762 2519 998 2610 Mniuoga,
1025 2527 1061 2595 et
1088 2522 1193 2593 solvit
1219 2543 1283 2613 pro
1311 2543 1416 2595 censu
1442 2529 1521 2597 tres
1552 2520 1574 2539 ''
1677 2544 1822 2614 ‚qnan—

272 2634 384 2724 doque
412 2642 569 2726 quatuor.
597 2639 683 2710 item
701 2639 745 2710 de
764 2642 926 2723 omnibns
953 2642 1241 2740 bortulaniarum,
1255 2636 1422 2715 tabernae
1449 2649 1486 2714 et
1503 2660 1537 2715 m
1585 2638 1690 2741 ‘diui
1717 2645 1821 2734 agris,

272 2756 420 2828 solvitur
446 2764 482 2827 et
509 2759 714 2831 conducitur
739 2759 873 2833 decima
907 2763 1132 2853 manipularis
1158 2784 1222 2854 pro
1248 2764 1448 2855 praebenda
1478 2761 1706 2839 Oracoriensi
1726 2763 1822 2837 Mar·

272 2877 461 2967 choczska,
497 2884 534 2951 et
571 2880 669 2951 valor
704 2882 779 2953 eius
814 2884 1019 2956 aestimatur
1053 2862 1121 2956 ad'·
1134 2885 1236 2974 duas,
1271 2884 1457 2975 aliquando
1488 2885 1533 2985 ad
1569 2888 1642 2957 tres
1678 2905 1821 2958 mareas.

271 2994 432 3082 Gontmat
457 3019 533 3070 cum
562 2996 885 3092 (iudanondane,
913 3004 1122 3095 Damycae.

376 3110 530 3191 Srr'aaua
551 3174 746 3194 ........
1150 3097 1157 3107 ’

374 3239 678 3345 Luszczowrcaa,
705 3245 769 3315 sub
795 3245 961 3333 parocbia
987 3244 1030 3317 de
1058 3243 1397 3335 Wyacaslawicae
1423 3245 1502 3317 sita
1541 3244 1581 3317 In
1609 3265 1678 3335 qua
1703 3256 1821 3319 mona·

270 3361 411 3433 sterium
440 3362 557 3439 Sancti
586 3362 749 3436 Andreae
784 3366 890 3437 lrabet
925 3386 1031 3439 unum
1065 3367 1203 3443 laneum
1230 3386 1307 3436 cum
1326 3365 1466 3455 medio,
1501 3365 1686 3453 etlaneua
1716 3364 1842 3443 solvit.

272 3502 394 3555 novem
421 3490 560 3555 scotms.
593 3486 680 3557 Item
708 3486 795 3574 agri.
811 3481 971 3576 praelati
986 3486 1152 3559 decimam
1179 3487 1429 3578 manipularem
1457 3486 1598 3559 solvunt
1615 3539 1731 3559 .....

373 3604 574 3697 Muuuoon,
602 3607 685 3678 uilla
711 3607 843 3679 babens
870 3609 905 3679 in
924 3629 961 3679 se
980 3608 1212 3699 parochialem
1240 3608 1419 3689 ecclesiam
1446 3607 1606 3710 ligneam,
1633 3606 1819 3691 Natiuitati

199 3718 204 3726 '
270 3722 418 3797 Sanctae
444 3726 581 3798 Mariae
608 3727 764 3817 Virginis
791 3729 950 3818 dicatam,
976 3729 1075 3800 cuius
1101 3728 1291 3805 haeredes:
1318 3710 1504 3816 Marcus
1529 3733 1567 3799 et
1593 3727 1819 3810 Nicolaus

269 3848 425 3933 germani
451 3848 495 3917 de
521 3849 623 3919 domo
650 3848 826 3931 Nomina.
864 3850 904 3920 In
932 3870 1000 3939 qua
1026 3851 1273 3929 monasterium
1310 3848 1428 3933 Sancti
1454 3847 1617 3927 Andreae
1644 3867 1687 3919 ex
1713 3846 1819 3919 donae

206 3946 210 3953 ¹
270 3967 365 4037 tione
400 3967 585 4041 Boleslai
623 3969 765 4051 Pndici
801 3972 918 4060 ducis,
954 3971 1077 4043 babuit
1111 3992 1214 4043 unam
1243 3977 1399 4060 sortem3
1435 3969 1684 4069 sedalienato
1719 3975 1821 4041 esta

269 4091 499 4178 monasterio,
535 4091 590 4162 vel
618 4112 680 4180 per
706 4112 845 4164 oaumm
871 4093 1077 4182 emptionis,
1115 4094 1170 4164 rcl
1196 4092 1502 4182 commutationis,
1527 4090 1580 4163 vel
1608 4092 1678 4163 alia
1704 4090 1821 4180 aliqua
1882 4123 1885 4134 ·

270 4227 381 4279 eausa
409 4211 482 4283 Nec
506 4214 756 4284 monasterium
777 4266 925 4283 ......
1826 4201 1834 4212 ’

373 4330 576 4423 Kronion,
605 4333 688 4404 uilla
714 4334 779 4405 sub
805 4334 971 4424 parocbia
997 4333 1040 4404 de
1068 4333 1367 4409 Raezslawieze
1394 4332 1472 4420 situ,
1499 4331 1597 4403 euius
1623 4331 1819 4421 proprietas

270 4450 314 4521 ad
341 4455 587 4526 monasterium
624 4447 937 4525 sanctimonialium
965 4454 1083 4525 Sancti
1112 4453 1273 4525 Andreae
1301 4453 1462 4542 pertinet.
1499 4450 1538 4523 ln
1566 4472 1636 4542 qna
1660 4459 1741 4523 suun
1769 4453 1819 4523 vi·

268 4571 357 4659 giuti
384 4576 535 4664 quinque¹
560 4575 652 4646 lanei
679 4575 923 4664 cmetbonales,
949 4580 986 4646 et
1004 4575 1143 4647 solvunt
1165 4593 1230 4664 pro
1247 4593 1352 4645 censu
1371 4627 1378 4642 .
1398 4626 1406 4643 .
1424 4626 1432 4642 .
1452 4627 1459 4642 .
1479 4625 1487 4645 .
1505 4590 1533 4662 ·.;
1560 4573 1643 4643 item
1670 4578 1819 4661 quatuor

269 4692 488 4777 luortulaniue
510 4697 684 4775 babentes
711 4717 837 4786 agros·
851 4695 1008 4775 ltem'de
1035 4678 1195 4767 omnibus
1221 4695 1316 4784 agris
1336 4693 1629 4782 ,cmctbonalibna
1652 4693 1818 4765 tabernae

268 4819 306 4885 et
331 4814 593 4890 hortulanorum
623 4818 771 4888 soluitur
790 4824 827 4891 et
844 4817 1049 4901 conducitur
1075 4816 1210 4887 decima
1237 4813 1462 4905 manipularis
1488 4813 1735 4914 etcanapalis
1755 4834 1819 4904 pro

269 4938 468 5025 praebenda
502 4939 726 5039 Oracoriensi¹
760 4938 1028 5028 Maroboczslra,
1064 4944 1100 5008 et
1134 4938 1232 5010 valor
1267 4936 1420 5009 eiusad
1448 4936 1573 5025 uiginti
1608 4935 1819 5025 etamplius

268 5077 410 5138 mareas.
446 5060 534 5132 Item
562 5061 741 5151 praedium
777 5042 975 5135 coenobiale
1002 5058 1121 5131 estin
1147 5047 1397 5147 eudemum,
1433 5057 1476 5129 de
1502 5057 1601 5128 cuius
1627 5056 1723 5146 agria
1749 5039 1819 5129 uon
1872 5099 1875 5103 -
2009 5156 2016 5165 .

268 5179 415 5251 solvitur
441 5182 545 5253 alicui
572 5168 707 5253 decima
734 5182 969 5271 manipularis,
996 5180 1152 5251 sedeam
1179 5178 1382 5264 coenobium
1409 5178 1503 5251 tollit
1528 5184 1565 5250 et
1591 5178 1627 5249 in
1654 5178 1816 5261 borremn

269 5299 411 5371 inducit
438 5303 610 5393 Alienata,
637 5307 734 5375 tenet
752 5323 828 5375 eam
856 5322 946 5374 nuuc
973 5301 1218 5375 monasterium
1247 5299 1557 5375 sanctimonialimn
1574 5298 1627 5369 ,de
1649 5295 1819 5387 Sz'wye-

268 5423 523 5511 rzinyecz„
736 5413 754 5516 f
1116 5520 1120 5527 1

373 5543 586 5637 Mruauon,
614 5546 695 5618 uilla
714 5547 846 5617 habens
875 5546 909 5615 in
938 5565 975 5615 se
1001 5544 1183 5635 ecclesiam
1211 5542 1442 5634 parochialem
1471 5542 1631 5630 ligneam,
1656 5538 1816 5613 Omnium

190 5748 193 5753 ¹
269 5663 473 5737 Saructorum
500 5667 624 5768 honori
651 5672 687 5738 et
713 5667 816 5738 titulo
842 5665 1009 5754 dicatam,
1041 5666 1140 5737 cuins
1167 5665 1363 5755 proprietas
1390 5669 1426 5733 et
1453 5662 1641 5734 dominium
1668 5661 1711 5733 nd
1739 5681 1817 5731 coe·
1892 5644 1895 5648 '
1958 5715 1961 5721 .

268 5786 407 5859 nubium
434 5788 746 5860 sanctimonialium
774 5775 892 5857 Sancti
920 5784 1086 5857 Andreae
1099 5762 1272 5876 ⁴pertinet.
1301 5785 1339 5855 ln
1366 5803 1435 5875 qua
1461 5789 1543 5855 suunt
1568 5784 1713 5873 triginta
1741 5803 1818 5854 cum
1888 5862 1898 5875 ,

197 5979 201 5988 ,
269 5908 381 5978 medio
407 5908 498 5978 lanei
515 5957 518 5969 ·
534 5910 785 5998 cmetlronales,
821 5915 858 5979 ct
886 5907 1032 5997 quilibet
1059 5906 1163 5978 solvit
1189 5927 1253 5996 pro
1280 5926 1384 5976 censu
1412 5925 1475 5995 per
1501 5904 1650 5977 sedecim
1678 5909 1818 5992 scottos,

268 6036 408 6116 praeter
447 6031 599 6120 quinque
634 6031 772 6121 laneos,
816 6049 960 6118 qnorum
1007 6027 1153 6117 quilibet
1189 6027 1293 6100 solvit
1329 6033 1401 6097 tres
1436 6025 1608 6114 iertonee,
1643 6025 1725 6095 item
1763 6024 1814 6095 vi·

266 6149 357 6235 giuti
375 6171 450 6238 ova
480 6151 561 6220 item
581 6150 668 6221 duos
684 6150 808 6240 gallos,
835 6151 917 6220 item
936 6155 1009 6219 tros
1028 6148 1102 6218 dies
1121 6149 1156 6217 in
1176 6169 1266 6218 anno
1284 6147 1455 6235 laborant,
1482 6166 1583 6216 unam
1603 6145 1816 6233 lalcaatraut,

267 6271 369 6340 aliam
397 6278 558 6358 metunt,¹
575 6273 714 6343 tertiam
742 6271 938 6343 conducunt
964 6272 999 6340 iu
1029 6271 1199 6340 borreum.
1228 6268 1322 6357 ,item
1348 6268 1514 6351 tabernae
1543 6266 1712 6355 quinque,
1739 6271 1813 6351 tres

267 6393 407 6464 solvunt
433 6412 497 6483 per
522 6413 627 6464 uuam
653 6379 818 6489 marcam,
857 6399 983 6484 quarta
1007 6397 1082 6463 tres
1108 6389 1280 6478 lenones,
1316 6389 1437 6480 quinta
1464 6387 1618 6459 mediam
1653 6404 1818 6465 maroam
