4217 8059
284 1481 358 1552 442

280 1686 426 1777 quilibet
452 1682 557 1756 solvit
581 1699 646 1769 pro
674 1699 779 1750 oensu
805 1676 953 1749 modium
980 1675 1243 1764 marcomirem
1261 1692 1337 1761 ova,
1354 1671 1440 1743 item
1457 1669 1579 1760 gallos,
1597 1669 1682 1740 item
1699 1687 1837 1757 naseam

281 1804 366 1877 item
391 1805 502 1892 labor,
529 1801 613 1872 item
634 1797 793 1895 powobq
820 1799 904 1869 item
931 1819 1078 1891 osazyqr,
1105 1796 1188 1866 item
1215 1814 1285 1866 una
1310 1792 1511 1865 hortulauia
1536 1795 1607 1879 est,
1634 1789 1728 1862 item.
1744 1787 1836 1861 suol-

279 1927 365 1998 tutia
391 1929 453 2013 est
481 1943 569 2012 quae
596 1921 703 1993 habet
728 1920 856 1991 laneos.
883 1919 969 1989 Item
998 1918 1075 2007 agii
1103 1916 1205 1988 villae
1231 1916 1372 1988 solvunt
1398 1920 1434 1986 et
1453 1912 1650 1985 conducunt
1666 1909 1837 1983 decimam

280 2045 593 2135 manipularem-et
618 2042 817 2132 canapalem
844 2060 908 2129 pro
928 2093 935 2107 .
954 2092 962 2108 .
981 2084 994 2108 .·
1007 2037 1095 2110 Item
1120 2038 1382 2127 iuspatronutns
1409 2034 1574 2107 eeclesiae
1601 2035 1637 2105 in
1662 2033 1836 2124 Drogy·

282 2186 368 2258 nya
393 2166 501 2238 habet
526 2185 603 2236 eum
631 2163 759 2235 abbate
787 2160 1025 2248 Gzirziouensi,
1052 2158 1273 2250 praepositus
1293 2157 1440 2229 Sanctae
1459 2155 1628 2245 Hedrigis
1646 2153 1690 2226 de
1707 2153 1835 2226 Stra·

283 2287 459 2378 domya‚
494 2284 689 2357 alternatis-
711 2283 864 2372 uicibus,
892 2282 1029 2354 ratione
1066 2279 1168 2351 villae
1203 2278 1488 2369 logorione,
1516 2276 1561 2348 ad
1586 2274 1836 2348 monasterium

159 2470 163 2478 .
282 2407 430 2479 Sanctae
456 2404 626 2496 Hedvigis
652 2404 869 2495 pertinentis,
895 2401 940 2475 de
967 2422 1035 2492 qua
1062 2408 1099 2472 et
1125 2405 1204 2491 post
1232 2400 1430 2472 emethones
1457 2403 1493 2470 et
1519 2396 1709 2488 praedium,
1730 2394 1837 2469 datar

179 2566 183 2578 ·
212 2531 218 2542 “
282 2527 416 2600 decima
442 2524 668 2616 manipularis
695 2525 731 2595 iu
757 2523 1008 2614 Droginya
1035 2521 1197 2594 Gonfiuat
1223 2539 1379 2592 oum...

386 2648 685 2735 Buzoczowraza,
712 2644 795 2716 villa
822 2645 887 2716 sub
913 2645 1080 2736 parochia
1107 2644 1149 2715 de
1175 2640 1418 2733 Drogioya
1442 2640 1527 2733 sita,
1553 2624 1651 2713 euius
1677 2638 1836 2731 proprie-

281 2774 336 2841 tas
363 2767 407 2840 ad
435 2768 680 2853 monasterinm
707 2763 942 2839 Ozirziozenae
969 2766 1132 2856 pertinet.
1158 2765 1199 2835 ln
1226 2785 1295 2855 qua
1322 2748 1408 2843 suut
1425 2762 1519 2837 lanai
1538 2760 1781 2850 ometlronalea,
1797 2764 1837 2832 et

282 2890 387 2972 soluit
413 2888 560 2979 quilibet
585 2906 652 2979 pro
678 2907 784 2960 oensu
802 2940 810 2956 .
828 2939 836 2955 .
855 2940 881 2975 .‚
908 2887 992 2958 item
1019 2906 1094 2975 ova,
1120 2886 1205 2957 item
1231 2885 1341 2975 gallos
1359 2885 1443 2959 item
1459 2903 1599 2973 oaseos;
1625 2881 1709 2957 itam
1726 2881 1837 2971 labor,

281 3010 365 3081 item
394 3006 562 3103 pomula,
589 3006 673 3079 item
700 3027 856 3103 osszpop,
883 3006 966 3078 item
993 3005 1289 3094 tabernae‚.item
1316 3005 1511 3094 hortulani,
1535 3004 1619 3076 itam
1646 3002 1836 3094 praedium.
1896 3086 1902 3101 ἱ

144 3175 147 3179 -
280 3131 368 3227 ltem
394 3130 472 3220 agri
498 3129 601 3202 villae
638 3127 778 3203 solvunt
812 3132 851 3201 et
876 3126 1075 3207 conducunt
1101 3126 1268 3199 decimam
1295 3126 1546 3216 manipularem
1573 3131 1610 3197 et
1635 3124 1837 3216 canapulem

282 3248 790 3340 pro...Gonfiuatanm...
905 3262 918 3301 '-

384 3369 615 3459 Porowrczr,
641 3368 724 3440 villu
749 3369 815 3441 snb
840 3368 1007 3460 parochia
1033 3368 1078 3440 de
1091 3421 1205 3439 .....
1225 3369 1302 3457 sita
1329 3367 1426 3440 ouius
1452 3367 1648 3458 proprietas
1674 3386 1739 3457 pro
1766 3385 1837 3441 uma
1988 3382 1990 3386 ‘

282 3495 376 3564 sorte
403 3490 449 3564 ad
475 3490 722 3566 monasterium
749 3488 1031 3563 Wanohoozenae
1058 3489 1211 3580 pertinet
1236 3489 1480 3580 pertinereque
1507 3488 1612 3561 debet
1630 3542 1638 3558 .
1656 3540 1691 3566 2.

485 3719 687 3833 Daolnraa
720 3751 1004 3855 manipulares
1036 3753 1281 3832 monaster-ll
1310 3748 1638 3832 Ozlrziuzauala.
1724 3859 1727 3863 ἡ

324 4004 327 4009 -
386 3968 738 4048 Poszauomowrczn
762 3952 930 4061 primum
958 3968 1043 4041 villa
1077 3970 1141 4041 sub
1178 3970 1343 4060 parochia
1377 3970 1420 4042 de
1447 3969 1838 4058 Raunathou-ioue

283 4091 360 4180 sita,
387 4089 484 4161 cuins
510 4089 678 4162 haeredes
713 4087 987 4191 stanislans
1023 4097 1060 4162 et
1085 4090 1323 4163 lohannes
1349 4093 1506 4182 germani
1532 4091 1575 4164 de
1602 4092 1838 4189 Brzpazyu

283 4209 327 4282 de
353 4210 455 4283 domo
482 4209 900 4311 Flammarnmalias
926 4209 1115 4283 Zadora.
1151 4211 1192 4283 ln
1218 4232 1287 4304 qua
1314 4218 1395 4285 suut
1421 4213 1513 4285 lanei
1538 4194 1773 4286 omathon‘ales
1799 4222 1840 4287 et

282 4330 326 4403 de
353 4331 512 4405 omuibus
539 4331 686 4404 solvitur
711 4337 748 4404 et
771 4316 978 4407 ¹conducitur
1003 4332 1138 4404 decima
1163 4334 1388 4425 manipularis
1415 4340 1452 4406 et
1478 4335 1837 4433 campalis-„mmo-

283 4452 437 4524 nastario
463 4448 701 4543 Ozirziozeusi,
727 4452 889 4553 θωμὶρτ
915 4454 990 4526 eins
1016 4453 1221 4526 aestimatur
1248 4455 1292 4527 ad
1311 4508 1318 4523 .
1338 4509 1345 4524 .
1364 4508 1398 4525 ..
1427 4457 1510 4528 item
1538 4452 1723 4546 tabernae,
1749 4432 1838 4529 item

285 4571 471 4663 hortulani,
497 4572 581 4645 item
607 4556 908 4664 praedium-{isam
935 4572 1178 4647 molendinum.

387 4692 742 4767 Poszuacrrowrczr
769 4693 967 4784 secuudum,
993 4694 1079 4768 villa
1104 4694 1168 4766 sub
1195 4695 1360 4785 parochia
1386 4694 1430 4766 de
1447 4695 1855 4771 Raczecnowtm

284 4814 361 4903 sita,
388 4813 486 4885 cuins
512 4812 680 4911 maradea
707 4813 976 4903 Stanislaus
1010 4820 1047 4887 et
1071 4813 1311 4889 lohannes
1338 4816 1507 4892 haerodes
1533 4816 1576 4889 de
1603 4817 1839 4910 Brzoszye

200 4912 205 4923 x
283 4934 327 5005 de
361 4933 464 5007 domu
498 4926 810 5013 Flammarum.
850 4935 891 5007 ln
926 4955 996 5026 qua
1029 4941 1112 5008 sunt
1146 4935 1238 5008 lanei
1264 4937 1517 5027 anethum-les,
1544 4942 1580 5010 et
1605 4938 1650 5011 do
1675 4939 1858 5015 omnibus-

285 5053 496 5125 solvituret
521 5052 726 5128 uouduoitur
753 5054 887 5138 decimo
912 5055 1201 5148 manipularis-at
1228 5057 1403 5157 canapalis
1430 5078 1493 5148 pro
1520 5059 1731 5132 monasterio
1757 5058 1838 5133 Ozi-

271 5174 462 5263 'ruionensi
489 5179 527 5246 et
552 5175 652 5248 valor
679 5176 755 5248 eius
781 5177 985 5252 aestimatur
1012 5176 1058 5249 ad
1076 5229 1190 5248 .....
1217 5176 1308 5251 Item
1333 5178 1510 5271 tabernae,
1536 5179 1620 5252 item
1647 5180 1838 5273 hortulani,

283 5297 366 5366 item
394 5293 583 5386 praedium
1734 5380 1737 5385 ,

388 5414 558 5508 vuarno,
584 5416 668 5488 villa
693 5418 758 5490 sub
784 5417 1019 5509 parochiale
1046 5416 1092 5487 W
1099 5434 1352 5510 ysrnpoua
1378 5419 1419 5493 ln
1446 5418 1517 5511 qua
1532 5426 1615 5494 sunt
1633 5421 1837 5509 lanei-eme·

282 5538 452 5633 thonales‚
481 5544 517 5611 et
544 5539 587 5611 do
614 5539 774 5614 omnibus
800 5540 949 5613 solvitur
975 5544 1011 5612 ot
1036 5538 1243 5614 conducitur
1269 5540 1403 5630 dauima
1429 5541 1656 5637 manipularis
1674 5547 1712 5617 at
1727 5562 1835 5616 mna-

281 5660 370 5749 palis
395 5680 460 5749 pro
486 5662 695 5734 monasterio
722 5660 958 5751 Grirziuzonsi,
984 5667 1021 5734 et
1046 5660 1145 5734 valor
1171 5661 1246 5735 eius
1273 5663 1477 5737 aestimatur
1502 5664 1547 5737 ad
1564 5696 1629 5736 .’.·.
1646 5716 1655 5735 .
1673 5688 1712 5753 .;
1745 5665 1834 5737 item
1865 5702 1870 5709 ·

174 5782 187 5807 “’
284 5781 439 5873 taberna,
466 5782 548 5853 item
575 5783 762 5873 hortulani,
788 5785 873 5855 item
899 5782 1080 5874 praedium
1106 5783 1189 5857 item
1217 5783 1459 5857 molendinum.

507 6044 709 6126 Decimae
740 6043 975 6127 temonalea
1008 6047 1253 6131 monaulon-ll
1285 6044 1615 6130 czlrzlozauala.

388 6262 534 6338 Lunum
560 6264 808 6358 Vinearum,
834 6266 918 6340 villa
941 6208 1204 6360 subparoohia
1227 6268 1271 6342 de
1297 6267 1597 6362 Wpsznyowa
1622 6270 1836 6359 missorius

283 6379 453 6461 haeredes
478 6383 717 6463 «Iohannes
743 6392 780 6460 et
805 6386 1035 6469 Dersluu
1061 6387 1197 6463 uobilaa
1222 6387 1266 6460 de
1292 6389 1399 6464 armis
1417 6444 1425 6463 .
1444 6390 1537 6461 ..ln
1555 6410 1625 6481 qua
1639 6389 1846 6482 arrd-huet
