4217 8059
1746 1506 1819 1579 403

269 1722 393 1813 quibus
429 1720 576 1793 decimat
613 1717 778 1792 ecclesiae
805 1724 840 1790 et
867 1702 1015 1810 plebano
1042 1706 1323 1788 Wanchoczensi.
1368 1715 1455 1788 Item
1483 1714 1645 1807 oppidani
1678 1713 1721 1785 de
1748 1715 1820 1788 suis

269 1844 361 1933 agris
389 1842 527 1914 solvunt
555 1862 685 1911 arccana
711 1840 876 1912 ecclesiae
902 1846 939 1911 et
966 1839 1114 1929 plebano
1142 1836 1430 1927 Wanchoczensi,
1469 1835 1655 1908 secuudum
1684 1838 1820 1928 quanti·

268 1969 376 2035 tatem
405 1983 586 2054 agrorum,
623 1962 657 2033 in
686 1961 822 2051 siligine
850 1958 1089 2033 tantummodo
1120 1964 1156 2030 et
1184 1958 1218 2029 in
1246 1978 1365 2030 avena.
1411 1954 1569 2029 Confluat
1596 1978 1671 2030 cum
1699 1956 1744 2028 W
1753 1982 1774 2050 y
1785 1979 1821 2029 e-

271 2085 516 2176 lyawyesz.

375 2204 640 2275 Sunnzrnzeuo
667 2202 895 2293 coenobialis,
930 2202 972 2273 ad
1001 2201 1230 2274 differentiam
1258 2199 1419 2289 alterius,
1455 2206 1622 2292 quaeest
1652 2201 1821 2291 militaris,

272 2326 356 2397 villa
381 2327 446 2397 sub
469 2325 634 2415 parochia
660 2324 703 2395 de
730 2322 1079 2395 Wanchoczslro
1114 2323 1192 2411 sita,
1220 2322 1317 2393 cuius
1344 2320 1542 2413 proprietas
1578 2322 1621 2394 ad
1649 2329 1821 2394 monaste-

273 2447 362 2518 rium
392 2447 426 2516 in
454 2443 805 2517 Wanchoczsko
831 2445 994 2536 pertInet.
1021 2442 1062 2515 ln
1089 2463 1158 2535 qua
1184 2449 1266 2513 aunt
1292 2441 1383 2514 lanei
1411 2443 1656 2533 cmethonales‚
1684 2450 1719 2515 et
1747 2444 1820 2535 qui·

273 2567 359 2638 libet
385 2567 490 2638 solvit
519 2587 583 2657 pro
601 2586 705 2638 ceusu
733 2586 838 2638 uuum
857 2564 1037 2655 fertonem,
1064 2564 1146 2635 item
1164 2583 1232 2634 ova
1250 2563 1406 2654 trigInta
1433 2564 1516 2635 item
1535 2564 1645 2655 gallos
1664 2571 1822 2655 quatuor,

274 2689 355 2760 item
392 2708 510 2759 caseos
538 2687 635 2776 duos;
663 2688 743 2759 item
772 2687 909 2758 laborat
944 2685 1091 2777 quilibet
1115 2682 1159 2755 de
1176 2684 1277 2756 laneo
1304 2684 1340 2755 in
1368 2684 1561 2775 septimana
1589 2706 1693 2758 unum
1721 2684 1822 2774 diem,

271 2810 412 2901 proprio
439 2828 543 2880 curru
571 2813 632 2880 aut
658 2814 786 2879 aratro.
833 2806 920 2879 Item
942 2802 1127 2901 ponchon
1154 2803 1324 2895 duplicem
1361 2824 1424 2894 pro
1451 2826 1534 2876 vere
1561 2811 1595 2877 et
1623 2806 1745 2898 hyeme
1772 2806 1822 2879 la·
1855 2832 1859 2839 ·

270 2930 404 3019 borant,
432 2951 534 3022 quam
568 2936 690 3002 vocant
714 2949 912 3023 parmenae·
939 2927 1022 2998 item
1054 2947 1192 3023 oarzpap
1219 2930 1297 2997 octo
1329 2925 1454 2998 choros
1490 2945 1638 3018 avenae,
1674 2933 1824 3020 quatuor

271 3051 420 3140 siliginis
456 3051 605 3122 solvunt.
631 3049 718 3121 Itum
747 3049 913 3120 tabernae
940 3055 1013 3119 tres
1039 3046 1209 3119 habentes
1236 3067 1349 3138 agros,
1377 3054 1411 3118 et
1440 3047 1638 3120 hortulania
1666 3070 1733 3120 nna
1761 3052 1822 3122 ha-

273 3173 359 3243 bena
387 3192 510 3263 agros,
547 3177 583 3243 et
610 3171 744 3243 laborat
772 3190 877 3242 unum
897 3168 986 3241 diem
1016 3167 1120 3260 pedes
1147 3167 1182 3238 in
1205 3167 1405 3259 septimana.
1433 3167 1519 3240 Item
1540 3170 1718 3260 praedium
1747 3190 1824 3242 coe-

273 3292 411 3364 nobiale
439 3299 579 3365 nonest
608 3292 643 3362 in
661 3290 782 3363 eadem
810 3290 901 3362 rilla.
928 3290 1015 3363 Item
1043 3287 1275 3360 molendinum
1303 3311 1371 3362 nou
1398 3294 1461 3362 est.
1489 3288 1576 3362 Item
1603 3311 1721 3362 omues
1748 3294 1824 3381 agri

272 3414 376 3486 villae
403 3415 541 3486 solvunt
576 3418 612 3485 et
647 3414 845 3513 conducunt
869 3411 1037 3484 decimam
1070 3410 1318 3501 manipularem
1356 3416 1392 3486 et
1418 3412 1617 3504 canapalem
1654 3414 1823 3485 ecclesiae

272 3534 460 3625 parochiali
488 3536 523 3605 in
551 3534 718 3606 Wanch
731 3533 918 3625 nazaha,
945 3532 1043 3605 cuius
1062 3531 1160 3604 valor
1177 3530 1221 3604 ad
1241 3538 1319 3604 octo
1339 3552 1473 3605 marcas
1492 3534 1705 3607 aestimatur.
1733 3533 1822 3606 Gon-

271 3655 356 3727 linat
383 3676 458 3727 cnm
487 3656 598 3727 alteru
624 3652 978 3748 Sharszyczslro
1005 3650 1228 3726 Militari.

376 3776 519 3867 Manca,
546 3776 629 3848 villa
655 3776 787 3847 habens
814 3775 848 3847 in
876 3795 914 3848 se
940 3772 1173 3867 parochialem
1200 3772 1317 3847 Sancti
1343 3770 1517 3849 hahardi
1544 3776 1693 3869 ligneam
1715 3766 1822 3849 eccle'-

272 3897 368 3987 siam,
395 3897 506 3969 culae
519 3896 715 3988 proprietas
733 3895 777 3967 ad
795 3893 1043 3968 monasterium
1071 3893 1106 3965 in
1134 3884 1481 3967 Wanchoczsho
1508 3896 1670 3988 pertinet.
1697 3898 1735 3970 In
1756 3919 1824 3990 qua

272 4024 353 4091 sunt
380 4017 640 4110 quatuordecim
667 4017 759 4090 lanai
787 4015 1030 4107 amethoualea,
1057 4019 1094 4086 et
1120 4010 1397 4107 quilibet'solrit
1424 4037 1618 4109 perunum
1645 4018 1824 4093 fertonem.

272 4139 359 4211 Item
387 4138 475 4211 duae
501 4139 686 4231 tabernae,
721 4137 897 4231 quaelibet
924 4157 987 4228 pro
1015 4155 1120 4208 censu
1156 4136 1302 4209 mediam
1338 4157 1546 4227 sexagenum
1583 4140 1706 4231 solvit,
1743 4143 1823 4213 item

274 4280 340 4332 ova
365 4260 531 4351 triginta,
566 4261 648 4333 item
676 4259 787 4351 gallos
814 4261 981 4350 quatuor,
1008 4256 1091 4330 item
1119 4256 1369 4348 cuneandum,
1409 4258 1489 4359 item
1516 4258 1651 4331 laborat
1680 4261 1823 4352 quilibet

274 4400 378 4451 uuum
406 4380 497 4451 diem
524 4380 559 4450 iu
587 4378 813 4470 septimaua‚'
827 4377 969 4472 proprio
996 4396 1103 4469 curru
1127 4382 1188 4449 aut
1214 4384 1350 4468 aratro,
1378 4377 1460 4450 item
1484 4376 1665 4475 patriacham
1693 4388 1823 4455 utraru-

274 4519 341 4592 que
368 4519 431 4591 pro
459 4521 540 4571 vere
567 4506 603 4570 et
630 4492 753 4592 hyeme
778 4500 960 4602 laborant,
986 4499 1070 4571 item
1099 4520 1234 4597 onrzyep
1261 4498 1410 4589 solvunt,
1437 4492 1514 4570 octb
1542 4500 1666 4573 choros
1694 4522 1824 4575 arenae
1949 4508 1955 4517 ’

273 4627 309 4692 et
336 4628 487 4712 quatuor
512 4619 670 4717 siliginiq.
714 4619 801 4691 Item
827 4619 1047 4692 hortulania'e
1062 4622 1225 4712 neptem,
1262 4618 1437 4711 quaelibet
1473 4640 1535 4712 per
1570 4620 1657 4693 duos
1683 4644 1825 4715 grossos
1948 4636 1951 4645 ’

274 4741 388 4813 solvit.
431 4740 518 4812 Item
547 4740 726 4833 praedium
762 4740 961 4814 coenobiale
988 4746 1042 4814 est
1078 4740 1260 4813 iraeadem
1289 4739 1390 4832 villa,
1426 4739 1469 4817 de
1496 4742 1592 4814 cuius
1626 4744 1719 4835 agris
1756 4766 1825 4817 non

275 4862 422 4934 decimat
447 4862 552 4934 'alieni
573 4862 837 4934 monasterium.
881 4860 970 4935 Item
1004 4861 1237 4945 molendinum
1271 4882 1340 4933 nou
1368 4867 1443 4952 est;
1481 4860 1655 4936 frumenta
1691 4864 1824 4957 praedii

270 4989 437 5056 ¹tenentur
463 4984 663 5056 cmethones
689 4984 733 5056 ad
761 4984 1008 5056 monasterium
1036 4982 1163 5055 ducere
1190 4984 1225 5054 in
1252 5002 1371 5074 grano.
1397 4981 1484 5055 Item
1513 5004 1632 5057 omnes
1659 4987 1733 5077 agri
1762 4986 1824 5059 vil-

276 5104 329 5176 lae
364 5104 504 5176 solrunt
531 5111 567 5176 et
595 5104 789 5178 conducunt
825 5103 991 5176 decimum
1028 5102 1277 5194 manipularem
1315 5110 1350 5176 et
1377 5101 1576 5196 canapalem
1618 5126 1681 5199 pro
1708 5129 1825 5180 mona·
1865 5104 1872 5117 '

276 5226 382 5296 sterio
408 5225 699 5318 Wanchocz'ensi,
735 5232 771 5298 et
798 5225 895 5299 valor
931 5226 1135 5298 aestimatur
1170 5224 1214 5299 ad
1250 5223 1445 5318 quindecim
1480 5246 1623 5300 marcas.
1667 5228 1753 5302 Item
1790 5232 1825 5303 in

275 5344 395 5417 eadem
423 5346 505 5418 villa
531 5356 612 5419 sunt
641 5348 791 5440 quinque
814 5328 983 5420 tabernae
1010 5346 1158 5438 plebani,
1199 5346 1368 5419 habentes
1395 5368 1509 5440 agros,
1535 5348 1578 5420 de
1606 5348 1730 5441 quibus'
1758 5352 1825 5424 sol·

276 5474 363 5540 rum
399 5467 566 5539 decimam
594 5464 841 5561 manipularem
870 5474 905 5541 et
932 5468 1130 5562 canapalem
1166 5465 1332 5541 ecclesiae
1358 5472 1395 5541 et
1421 5468 1570 5562 plebano
1598 5470 1632 5542 in
1659 5468 1826 5564 Mircz,

275 5589 485 5661 monasterio
513 5594 630 5661 tamen
657 5586 927 5661 Wanchoczensi
955 5589 1106 5663 reddunt
1132 5589 1220 5664 duos
1246 5590 1377 5682 gallos,
1410 5590 1556 5683 trIginta
1583 5613 1649 5664 ονο
1675 5601 1711 5665 et
1738 5591 1824 5664 duos

276 5729 404 5801 caseos,
432 5714 468 5781 et
495 5728 558 5801 per
583 5708 751 5783 fertonem
779 5730 843 5801 pro
871 5710 1032 5781 statinae.
1066 5710 1155 5784 Item
1182 5717 1263 5782 sunt
1288 5709 1338 5783 ibi
1366 5722 1440 5782 tres
1467 5712 1557 5784 lanei
1585 5712 1763 5807 speciales,
1789 5720 1824 5786 et

276 5830 422 5922 quilibet
448 5828 552 5903 solvit
578 5850 679 5902 unam
707 5850 923 5921 sexagenum.
950 5828 1113 5903 Confluat
1138 5831 1325 5905 caurillis
1352 5829 1605 5925 episcopalibus
1633 5832 1823 5907 Thichon

276 5956 313 6022 et
339 5950 509 6024 Miror.

381 6072 517 6162 barno,
545 6071 625 6169 villu
652 6074 716 6145 sub
743 6072 907 6165 parocbia
935 6070 978 6143 de
1004 6069 1350 6148 Wanchoczsho
1377 6075 1463 6166 sita,
1490 6094 1553 6167 per
1579 6094 1740 6167 magnum
1757 6097 1825 6153 ,co-

276 6193 393 6267 mibem
422 6192 661 6265 Nicolaum
686 6192 827 6289 'donata;
853 6193 950 6265 cuius
977 6193 1173 6285 proprietas
1200 6192 1245 6266 ad
1271 6194 1516 6267 monasterium
1545 6184 1823 6269 Wuuahuozens'e

277 6316 438 6406 pertinet.
482 6313 521 6386 ln
550 6336 617 6406 qua
643 6318 725 6385 sunt
752 6317 900 6406 quatuor
925 6313 1016 6387 lanei
1044 6314 1297 6405 emethoaales,
1332 6321 1369 6386 et
1394 6296 1542 6427 quilibet
1555 6392 1563 6407 „
1577 6316 1683 6391 solvit
1721 6338 1824 6419 upum

277 6459 399 6509 urnam
426 6436 546 6524 mettis,
574 6442 633 6506 aut
661 6456 764 6507 unam
791 6455 940 6508 marcam
968 6457 1031 6526 pro
1059 6455 1184 6526 censu,
1210 6433 1295 6506 item
1321 6456 1388 6508 ova
1413 6416 1687 6829 trigi‘itpn
1713 6422 1826 6539 gallus
1851 6482 1883 6535 q,
