4217 8059
1421 1446 1449 1485 ἢ·

1744 1510 1817 1584 203

268 1716 449 1806 tertonem3
477 1716 558 1789 itam
579 1692 778 1790 emetboues
806 1714 952 1790 mediam
971 1736 1123 1790 marcam
1150 1738 1214 1809 pro
1232 1714 1387 1813 obsedere
1414 1716 1576 1789 Continet
1602 1738 1678 1789 cnm
1698 1718 1821 1791 llam-

270 1840 461 1929 borzyn,
487 1836 748 1912 Jowoiczin
775 1837 1054 1951 etJodlowa.

374 1958 581 2051 anosrnn,
609 1959 773 2051 oppidum
799 1960 932 2033 babens
959 1961 994 2031 in
1014 1979 1051 2032 se
1078 1959 1312 2051 parochialem
1340 1960 1520 2033 ecclesiam
1549 1960 1698 2052 ligneam
1736 1958 1821 2033 San-

124 2122 127 2127 ·
268 2088 346 2151 ctae
372 2080 474 2171 Oruci
502 2081 661 2153 dicatam.
688 2082 727 2152 ln
755 2103 824 2172 quo
850 2086 931 2154 sunt
959 2082 1083 2173 viginti
1102 2081 1171 2153 duo
1190 2081 1280 2154 lanei
1308 2083 1421 2153 minus
1448 2081 1538 2153 dnae
1557 2083 1686 2172 virgae,
1714 2083 1821 2153 inclu-

270 2201 318 2271 sis
345 2200 486 2297 οὸεεανῃ
513 2202 776 2292 oppidanorum,
803 2206 838 2273 et
866 2202 1012 2294 quilibet
1039 2202 1144 2274 solvit
1170 2221 1235 2293 pro
1254 2222 1360 2274 censu
1387 2202 1535 2273 sedecim
1562 2222 1713 2294 grossos,
1741 2223 1822 2293 pro·

269 2323 412 2395 veniunt
430 2343 489 2395 sen
509 2343 653 2394 marcae.
680 2323 768 2395 Item
788 2323 951 2414 oppidani
970 2324 1013 2395 de
1032 2324 1104 2395 suia
1124 2323 1234 2395 laneis
1261 2323 1401 2395 solvunt
1419 2323 1584 2395 decimam
1609 2325 1821 2415 pecunialem
1967 2326 1970 2331 '

269 2444 426 2535 plebano.
453 2445 540 2516 Item
569 2450 650 2516 sunt
676 2444 726 2518 ibi
752 2444 958 2535 molendina,
986 2466 1091 2517 unum
1119 2445 1339 2536 monasterii,
1367 2445 1458 2536 quod
1486 2444 1591 2516 solvit
1627 2500 1821 2516 ........

269 2562 362 2637 aliud
389 2564 558 2653 adventi,
586 2565 678 2655 quod
705 2563 811 2638 solvit
829 2621 970 2637 ......
988 2590 999 2656 ;
1039 2568 1121 2639 item
1148 2566 1332 2639 advocatia
1359 2571 1413 2638 est
1438 2567 1473 2637 in
1502 2565 1629 2656 oppido
1656 2564 1822 2657 praelato,

270 2686 402 2758 babens
438 2685 524 2757 duos
562 2687 699 2777 laneos,
735 2686 930 2778 dequibus
965 2688 1124 2779 plebano·
1142 2689 1176 2759 in
1204 2687 1435 2759 Brzostek
1463 2687 1620 2771 decimat.
1665 2688 1752 2759 Item
1779 2684 1822 2757 de

268 2828 375 2881 censu
403 2806 603 2897 exactionis,
631 2808 717 2879 alias
744 2830 857 2899 szoez,
884 2809 1048 2901 oppidum
1076 2830 1141 2901 pro
1168 2808 1258 2882 lesto
1285 2808 1543 2881 Purificationis
1571 2807 1719 2880 Sanctae
1745 2806 1822 2881 Ma·

269 2928 352 3017 riae,
378 2928 523 3018 singulis
551 2929 651 3000 annis
677 2929 783 3001 solvit
810 2950 869 3001 sex
896 2944 1040 3003 marcas.
1067 2930 1155 3003 item
1175 2930 1355 3021 praedium
1374 2928 1574 3002 coenobiale
1600 2930 1649 3001 ibi
1669 2950 1739 3001 nou
1756 2932 1830 3019 eslr'

269 3050 354 3121 item
381 3069 444 3139 pro
480 3068 586 3139 porco
622 3049 783 3141 oppidani
818 3051 957 3123 solvunt
993 3052 1112 3126 abbati
1148 3052 1248 3127 annis
1285 3052 1431 3143 singulis
1467 3071 1571 3123 unam
1606 3040 1826 3141 senagenaur,¹

270 3171 353 3243 item
381 3171 622 3261 prestatione
649 3170 787 3244 abbatis
815 3171 954 3245 solvunt
979 3172 1125 3264 singuiis
1161 3174 1261 3246 annis
1289 3178 1440 3267 quatuor
1465 3172 1618 3246 octualie
1644 3172 1821 3259 cervisiae,

270 3292 393 3381 viginti
419 3312 599 3364 mensuras
626 3312 757 3365 arenae
784 3298 820 3366 et
846 3314 949 3366 unam
976 3305 1182 3386 sexagenum
1210 3316 1274 3387 pro
1301 3295 1501 3368 recentibus
1528 3294 1710 3383 carnibus3
1737 3294 1822 3365 item

271 3412 306 3488 in
334 3412 454 3485 eodem
483 3414 611 3504 oppido
638 3420 689 3485 est
717 3413 835 3504 iorale,
862 3415 948 3487 alias
975 3426 1130 3513 turgowe,
1156 3416 1249 3509 quod
1276 3415 1422 3507 singulis
1448 3414 1545 3489 ieriis
1571 3415 1687 3487 tertiis
1713 3414 1823 3504 exigi-

269 3539 375 3606 tura
402 3532 642 3625 vendentibus,
668 3542 732 3626 pro
759 3536 895 3608 abbate.
923 3534 1187 3609 mennatem
1214 3536 1460 3627 Zawadlra,
1487 3535 1726 3624 Gleczcze',
1752 3532 1822 3605 Ja-

270 3655 616 3746 nuszkowicze,
644 3654 820 3748 Woiya,
847 3656 1181 3749 Samarscuwa,
1207 3656 1498 3751 Sayedlislru.

372 3775 706 3868 dnnusznowrcza,
734 3778 817 3849 villa
835 3779 899 3851 snb
917 3779 1083 3870 parochia
1104 3779 1272 3851 ecclesiae
1298 3779 1341 3851 de
1368 3778 1592 3850 Kleczcae
1618 3778 1695 3867 sita,
1725 3778 1822 3847 euius

269 3898 508 3970 tantummodo
542 3898 710 3971 medietas
747 3897 791 3970 ad
827 3902 1074 3973 monasterium
1111 3898 1319 3974 'l'binciense
1355 3901 1516 3992 pertinet.
1560 3900 1599 3969 ln
1637 3918 1706 3989 qua
1740 3902 1822 3970 sunt

172 4096 174 4101 ,
270 4026 401 4109 septem
438 4019 528 4091 lanei
555 4020 788 4093 emethonales
816 4026 852 4093 et
878 4022 1030 4114 quinque
1067 4022 1204 4115 virgae,
1239 4028 1276 4094 et
1303 4021 1449 4113 quilibet
1483 4018 1588 4091 solvit
1624 4038 1688 4110 pro
1715 4038 1820 4091 censu

269 4139 447 4231 fertonem,
475 4140 556 4212 item
585 4162 652 4213 ova
678 4147 755 4215 tota
781 4142 863 4215 villa
891 4145 1092 4235 octuaginta
1118 4150 1287 4235 quatuor,
1325 4138 1408 4213 item
1443 4140 1555 4231 gallos
1591 4141 1703 4211 omnis
1739 4140 1820 4212 villa

270 4260 542 4352 quatuordecim,
569 4264 650 4333 item
679 4282 797 4336 caseos
824 4269 902 4336 tota
928 4263 1013 4337 villa
1039 4262 1320 4356 quatuordecim
1360 4262 1444 4332 item
1472 4260 1634 4333 laborant
1659 4256 1749 4331 ime
1805 4258 1813 4277 '

270 4382 420 4473 mando,
456 4383 673 4474 seminando,
707 4384 887 4475 metendo,
924 4384 1162 4472 conducendo,
1194 4383 1277 4454 item
1304 4403 1481 4478 oya-reuocet
1508 4381 1648 4455 solvunt
1673 4282 1821 4473 cingam

270 4504 369 4609 annis
395 4504 501 4575 urium
528 4502 708 4596 fertonem,
735 4498 818 4578 item
844 4506 990 4578 taberna
1016 4524 1087 4576 una
1113 4502 1323 4594 monasterii,
1350 4502 1484 4575 babens
1511 4522 1625 4593 agros,
1653 4507 1690 4575 et
1715 4502 1821 4575 solvit

271 4649 466 4715 .......;
492 4626 575 4697 item
603 4625 764 4698 scoltetia
790 4631 844 4696 est
870 4626 905 4695 in
933 4624 1054 4695 cedern
1082 4622 1165 4695 villa
1192 4625 1325 4697 babens
1352 4620 1440 4695 duos
1466 4622 1596 4714 laneos,
1622 4622 1667 4695 de
1693 4624 1819 4714 quibua

268 4745 438 4837 vdecimat3
463 4747 547 4819 item
574 4747 753 4837 praedium
780 4765 849 4818 non
875 4751 931 4817 est
955 4745 1006 4817 ibi
1033 4744 1175 4838 aliquod
1201 4744 1410 4835 coenobiale,
1437 4764 1549 4837 neque
1576 4744 1819 4817 molendinum.

269 4866 356 4939 item
383 4866 475 4940 lanei
502 4872 538 4940 et
564 4866 640 4957 agri
667 4866 900 4938 emethonalea
935 4866 1152 4957 pertinentes
1178 4867 1223 4939 ad
1251 4864 1517 4957 monasterium,
1556 4867 1697 4939 solvunt
1727 4865 1820 4938 deci·
1928 4902 1981 4979 ··.'
2006 4924 2027 4967 ²,

269 5008 358 5061 mam
394 4988 608 5087 pecunialem
644 4988 854 5061 monasterio
890 4986 1100 5061 'l'binciensi
1143 4988 1231 5061 Item
1267 4987 1464 5061 medietatis
1500 4987 1607 5060 villae
1638 4986 1818 5080 praefatae
1883 5016 1886 5021 ·
1926 4978 2023 5083 5322·

270 5108 393 5182 haeres
418 5108 596 5185 Johannes
616 5108 725 5181 Amor
751 5107 1139 5199 Tharnowslsy'dc
1157 5110 1263 5182 armis
1288 5108 1484 5202 helyma.
1511 5108 1600 5181 Item
1620 5109 1818 5181 cmetbonea
1961 5088 2023 5123 w

270 5250 332 5335 ¹pro
359 5228 505 5324 nbyedm
532 5230 670 5301 solvunt
696 5230 851 5301 ¹medinm
879 5250 1048 5321 marcam,
1085 5220 1252 5303 scultetus
1278 5250 1384 5303 unum
1414 5230 1594 5304 fertonem.
1638 5230 1725 5303 Item
1754 5250 1818 5321 pro
1897 5221 1900 5227 ’

269 5350 427 5441 statium,
455 5370 574 5423 omnes
601 5351 809 5437 coniunctim
837 5350 1037 5423 cmethones
1063 5351 1204 5425 solvunt
1230 5372 1295 5444 pro
1321 5350 1472 5425 advento
1505 5346 1643 5425 abbatis
1669 5358 1820 5443 quatuor

269 5490 448 5543 mensuras
475 5490 613 5563 arenae,
639 5472 723 5544 item
751 5492 854 5546 mam
881 5492 1024 5565 pernam
1051 5472 1160 5563 lardi,
1186 5473 1270 5545 item
1298 5472 1559 5566 quatuordeeim
1585 5472 1708 5564 pullos,
1735 5474 1817 5543 item

268 5588 371 5664 unum
399 5593 535 5666 actuale
575 5594 760 5686 cervisiae,
795 5594 880 5667 item
915 5614 980 5685 pro
1007 5594 1170 5668 carnibus
1206 5614 1329 5667 novem
1364 5600 1506 5667 scotms.
1551 5592 1713 5667 Confluat
1739 5612 1816 5667 cum

267 5710 508 5805 Kleczcze,
536 5704 770 5807 G'ogolow,
798 5716 1082 5808 Brzostbek,
1109 5716 1279 5808 Wolya
1323 5764 1327 5769 -

334 5816 336 5821 ¹
371 5834 705 5910 Bszosunuowsna
731 5834 886 5926 Wonrn,
913 5832 997 5908 mlle
1024 5838 1089 5909 surb
1115 5837 1281 5929 parocbia
1307 5836 1352 5909 de
1378 5836 1643 5909 Brzostbek
1670 5836 1748 5908 sita.
1764 5836 1816 5906 'In

267 5978 336 6049 qua
362 5964 444 6030 sunt
470 5963 544 6031 tres
571 5956 809 6033 tantummodo
836 5956 928 6029 lanei
955 5962 990 6030 et
1016 5978 1077 6030 sex
1104 5958 1228 6050 virgae
1250 5978 1328 6031 cum
1355 5958 1469 6031 media
1495 5956 1740 6046 emethonalea,
1780 5960 1818 6027 et

268 6079 372 6152 solvit
398 6078 545 6172 quilibet
579 6100 642 6172 pro
668 6098 774 6152 censu
810 6078 968 6183 sedecim¹
994 6074 1143 6168 scottos,
1181 6081 1263 6153 item
1279 6100 1358 6153 ova
1393 6080 1559 6171 triginta,
1596 6080 1679 6151 item
1705 6078 1818 6167 gallos

268 6200 365 6292 duos,
392 6202 474 6274 item
502 6222 620 6275 caseos
648 6202 751 6292 duos,
771 6198 860 6275 item
881 6200 990 6291 labor,
1017 6198 1221 6272 falcastrcnt
1249 6206 1405 6292 pratum,
1432 6200 1600 6292 colligunt
1626 6205 1663 6271 et
1688 6199 1818 6271 condu-

267 6329 359 6412 cunt,
386 6328 521 6401 metunt
547 6322 728 6411 sexamnta
755 6322 908 6395 cassulae
932 6320 1194 6413 frumentorum,
1220 6341 1289 6393 non
1317 6298 1407 6431 plus3
1434 6322 1515 6392 item
1535 6318 1720 6417 poscebam
1747 6341 1816 6393 non

546 6676 630 6779 m:
