4217 8059
283 1451 358 1525 346

146 1728 149 1735 .
188 1698 193 1711 ··
283 1658 399 1731 decern
427 1675 560 1727 marcas
587 1653 800 1725 aestimatur.
826 1649 914 1721 Item
937 1650 1075 1721 ratione
1101 1671 1219 1743 osspetp
1245 1668 1349 1719 unam
1376 1648 1524 1737 siliginis
1543 1654 1580 1719 et
1598 1648 1685 1719 duas
1703 1668 1839 1719 avenae

166 1872 169 1879 Ι
276 1797 465 1873 1ιιιειιειιτειε
501 1773 690 1861 confertas,
725 1778 762 1843 et
789 1776 938 1860 quatuor
973 1791 1116 1862 grossos
1150 1770 1372 1843 monasterio.
1416 1769 1504 1839 Item
1540 1770 1576 1839 in
1603 1770 1697 1859 agris
1731 1768 1839 1841 villae

126 1946 139 1972 .
188 1902 236 1989 ,²
285 1896 462 1989 praefatae
488 1894 814 1967 invenituraurunr
842 1891 1023 1982 optimum,
1059 1889 1267 1995 natqrnliter
1294 1889 1336 1961 de
1363 1894 1459 1961 terra
1485 1910 1678 1981 erumpens.
1721 1888 1841 1961 Gonti-

198 2026 202 2033 '
284 2024 345 2090 nat
363 2070 479 2088 .....

196 2226 199 2235 Ι
241 2124 276 2235 ᾗ)
388 2137 626 2224 Caranusca,
666 2134 750 2206 villa
784 2134 848 2205 sub
875 2132 1041 2223 parocbia
1068 2118 1234 2205 ecclesiae
1261 2132 1305 2204 de
1339 2131 1578 2203 Lanozsko
1614 2131 1699 2221 sita,
1738 2132 1842 2203 cuius

235 2246 247 2259 ⁹
283 2259 480 2349 proprietas
507 2261 544 2327 et
570 2254 757 2329 dominium
785 2253 831 2325 ad
854 2253 1140 2325 sanctimoniales·
1161 2253 1323 2342 pertinet
1350 2253 1390 2325 In
1408 2273 1478 2342 qua
1495 2260 1577 2325 sunt
1595 2258 1729 2342 septem
1744 2252 1841 2323 lanei

171 2350 175 2357 ’
283 2377 530 2466 cmetbonales‚
556 2383 592 2447 et
619 2375 767 2465 quilibet
795 2374 899 2445 solvit
925 2396 988 2463 per
1014 2395 1120 2455 unum
1148 2373 1337 2462 sermnem,
1364 2373 1447 2445 item
1475 2394 1581 2445 unuru
1609 2373 1759 2463 gallum,
1786 2373 1839 2445 vi-

283 2498 373 2589 ginti
399 2517 481 2587 ova,¹
503 2496 590 2569 duos
617 2502 748 2583 caseos3
774 2494 856 2566 item
885 2499 1048 2577 tenentur
1074 2493 1118 2564 ad
1142 2491 1305 2587 pronubus
1332 2492 1429 2582 duas,
1456 2514 1519 2582 pro
1548 2513 1628 2564 vere
1650 2499 1688 2565 et
1704 2494 1842 2584 hyeme.
1918 2580 1921 2585 Ι

285 2618 373 2691 ltern
399 2619 564 2705 taberna,
600 2618 684 2688 iton
710 2614 906 2707 hortulani,
946 2615 1030 2686 item
1058 2613 1259 2704 praedium
1298 2614 1381 2685 item
1409 2635 1478 2686 non
1505 2620 1559 2686 est
1584 2614 1633 2685 ibi
1660 2614 1842 2687 scoltetus.

285 2738 371 2811 ltem
399 2744 479 2837 post
505 2758 624 2809 ornnes
652 2758 755 2827 agros
782 2735 1015 2807 cmetbonales
1046 2735 1194 2807 solvitur
1220 2741 1258 2807 et
1284 2735 1460 2808 inducitur
1487 2735 1621 2808 decima
1646 2736 1844 2827 manipula-

285 2860 335 2933 ris
361 2880 425 2950 pro
453 2858 772 2931 sanctimonialibus
799 2857 842 2930 de
867 2856 1077 2948 Antiqua
1102 2856 1327 2945 sandeta,
1362 2857 1460 2929 cuius
1495 2857 1593 2929 valor
1632 2858 1845 2931 aestimatur

240 3062 242 3067 ,
285 2979 332 3053 au
358 2986 491 3071 septem
518 3000 661 3052 mareas.
701 2978 789 3051 Item
816 2979 953 3050 ratione
979 3000 1118 3073 osszpep
1145 2983 1285 3051 tenetur
1323 2977 1471 3069 quilibet
1497 3000 1600 3050 unam
1627 2978 1776 3069 siliginis
1803 2986 1846 3051 et

237 3122 240 3133 ·
285 3101 373 3175 duas
400 3122 530 3173 avenae
558 3122 738 3174 mensuras
765 3099 957 3191 confortas,
983 3104 1020 3172 et
1046 3105 1196 3190 quatuor
1221 3120 1381 3190 grossos,
1407 3100 1575 3174 coenobio
1601 3100 1845 3181 Sandeozenst

90 3216 129 3283 .·'
285 3221 447 3297 Gonfinat
463 3276 579 3295 .....

221 3354 244 3385 ”
380 3344 593 3437 ΙΖΑΒκεοη,
620 3343 704 3416 villa
729 3344 794 3415 sub
812 3343 979 3434 parocbia
1005 3342 1173 3415 ecclesiae
1200 3342 1244 3415 de
1270 3342 1511 3451 Lanczslro
1539 3344 1617 3434 sita,
1644 3290 1845 3436 euius'pro-

78 3464 119 3483 “’
217 3464 219 3469 ’
286 3467 418 3557 prietas
445 3465 490 3537 ad
517 3465 765 3541 monasterium
793 3463 1028 3555 Antiquae
1055 3462 1261 3536 Sandecz
1300 3464 1463 3554 pertinet
1507 3465 1548 3537 In
1575 3471 1844 3556 quaruntsex

286 3586 377 3659 lanei
404 3585 647 3675 cmetbonales‚
673 3591 710 3657 et
736 3585 882 3676 quilibet
908 3585 1013 3658 solvit
1040 3606 1104 3675 pro
1122 3606 1228 3656 censu
1255 3606 1361 3657 unum
1387 3584 1569 3676 icrtouom,
1595 3593 1633 3669 ot
1649 3592 1730 3659 sunt
1747 3586 1844 3661 lanei

202 3684 210 3699 ⁸
285 3706 374 3797 largi
401 3712 438 3779 et
463 3707 535 3796 lati,
561 3727 639 3779 oum
657 3706 889 3779 cohaerentiis
915 3706 997 3778 suis.
1023 3705 1113 3777 ltem
1141 3706 1288 3797 quilibet
1314 3706 1420 3778 solvit
1445 3728 1551 3779 unum
1577 3708 1725 3799 gallum,
1751 3708 1844 3783 duos

287 3848 426 3915 caseos,
453 3826 578 3916 viginti
605 3847 680 3899 ova
724 3826 812 3899 ltern
839 3826 1002 3899 laborant
1028 3825 1116 3898 duas
1135 3825 1320 3921 proruebas,
1355 3848 1419 3917 pro
1446 3848 1528 3899 vere
1554 3849 1677 3919 unam,
1710 3835 1749 3901 et
1773 3846 1850 3921 pro·
1911 3840 1922 3855 “

288 3952 423 4019 aestate
450 3947 606 4020 alteram.
652 3946 739 4018 ltern
765 3946 933 4019 tabernae
959 3969 1029 4019 nou
1056 3952 1156 4036 sunt,
1182 3948 1266 4019 itom
1294 3948 1513 4021 hortulaniae
1535 3970 1611 4041 ‘non
1638 3952 1844 4057 suntUitcm

287 4066 468 4157 praedium
496 4089 564 4139 non
591 4073 664 4157 est,
704 4066 788 4140 item
817 4067 976 4140 scoltetia
1002 4073 1162 4139 nonest
1190 4068 1293 4171 ¹Itoni
1321 4089 1439 4141 omnes
1466 4070 1544 4159 agri
1570 4070 1675 4143 villae
1700 4071 1845 4145 solvunt

287 4194 324 4258 et
350 4187 544 4260 conducunt
569 4186 738 4259 decimam
766 4188 1015 4279 manipularem
1043 4193 1079 4259 et
1106 4188 1304 4279 canapalem
1347 4209 1410 4279 pro
1437 4190 1666 4265 universitate
1694 4193 1844 4271 vicario·

288 4328 363 4381 runr
391 4306 687 4399 Sandeoaensium
714 4329 818 4401 quarn
845 4308 897 4380 illi
923 4308 967 4381 de
989 4325 1115 4382 ¹mensa
1140 4330 1205 4381 sua
1230 4330 1307 4382 cum
1326 4331 1496 4384 consensu
1523 4313 1706 4403 capitulari
1732 4313 1844 4388 dona-

288 4429 339 4505 vit
365 4428 560 4502 Thomas
586 4430 768 4520 episcopus
795 4428 1045 4519 cracoviensis,
1072 4436 1109 4501 et
1134 4430 1233 4503 valor
1260 4431 1466 4505 aestimatur
1493 4433 1568 4507 eius
1594 4434 1639 4506 ad
1665 4418 1727 4509 se'x
1748 4456 1843 4507 mar-
1871 4406 1884 4421 ’

288 4570 356 4621 cas
383 4548 543 4627 mannan
560 4603 675 4621 .....
725 4636 730 4643 ,

391 4668 651 4761 Znnnznszrn,
687 4670 769 4743 villa
796 4671 860 4743 sub
887 4655 1053 4762 parocbia
1079 4671 1246 4775 ecclesiae
1273 4672 1316 4745 de
1343 4673 1585 4749 Lanczsko
1622 4676 1709 4767 sita,
1743 4679 1845 4751 cuins

287 4791 485 4880 proprietas
511 4790 556 4862 ad
582 4790 863 4867 sanctimoniales
891 4790 1143 4863 Snudeozenses
1169 4793 1333 4882 pertinet.
1376 4794 1417 4865 ln
1440 4816 1516 4885 qua
1541 4804 1623 4868 sunt
1648 4804 1724 4871 tres
1749 4799 1845 4873 lanei

287 4911 532 5000 cmetbonales‚
560 4915 596 4983 et
622 4912 728 4984 solvit
754 4911 902 5003 quilibet
928 4931 992 5002 pro
1011 4933 1116 4985 censu
1135 4935 1240 4985 unum
1268 4914 1447 5005 fertonem,
1475 4916 1558 4989 item
1577 4938 1683 4993 uuum
1700 4920 1844 5012 gallum,

288 5031 413 5121 viginti
439 5053 514 5121 ova,
541 5031 628 5104 duos
655 5052 784 5105 caseos.
811 5032 900 5105 Item
926 5033 1094 5106 tabernae
1114 5057 1182 5106 non
1201 5041 1292 5126 sunt,
1319 5037 1403 5109 item
1421 5039 1641 5113 bortulauiae
1661 5063 1730 5113 non
1749 5020 1844 5115 sunt

289 5150 375 5221 ltem
404 5150 564 5223 scoltetia
591 5157 662 5240 est,
698 5173 786 5242 quac
813 5152 919 5226 babet
946 5175 1051 5225 unum
1079 5153 1216 5226 laneum
1243 5155 1409 5248 liberum,
1436 5165 1473 5232 et
1498 5167 1632 5235 sentum
1661 5162 1844 5237 denarium

289 5269 332 5343 de
359 5292 473 5343 censu.
515 5271 602 5345 Item
629 5293 748 5347 omnes
775 5274 850 5363 agri
877 5273 980 5346 villae
1008 5276 1227 5348 cnretbonum
1254 5284 1290 5349 et
1317 5279 1505 5370 scoltetiaq
1531 5283 1673 5357 solvunt
1696 5289 1734 5356 et
1759 5304 1845 5357 oon-

288 5391 419 5464 ducunt
437 5392 603 5465 decimam
623 5393 872 5484 marripularem
891 5401 927 5466 et
944 5396 1145 5486 canapalem
1165 5418 1228 5486 pro
1247 5399 1393 5472 ecclesia
1410 5409 1446 5474 et
1464 5403 1611 5493 plebano
1630 5405 1665 5477 in
1689 5405 1843 5479 Laneu-

289 5513 390 5604 sko,
417 5520 453 5587 et
479 5514 577 5587 valor
605 5515 680 5588 eius
707 5515 912 5590 aestimatur
938 5516 983 5588 ad
1010 5522 1160 5608 quatuor
1187 5539 1331 5593 marcas.
1359 5520 1519 5597 Continet
1546 5546 1623 5599 cum
1643 5580 1762 5597 .....

393 5635 568 5724 Benaco,
605 5636 687 5709 villa
713 5637 777 5709 sub
804 5638 972 5728 parochia
997 5637 1040 5710 de
1067 5637 1306 5714 Lanczsko
1334 5644 1419 5733 sita,
1446 5646 1545 5719 ouius
1571 5647 1771 5737 proprietas
1796 5648 1845 5721 au

288 5755 569 5829 sanctimoniales
596 5756 850 5832 Sandeozenses
877 5760 1038 5851 pertinet.
1074 5760 1115 5832 In
1143 5781 1210 5851 qua
1236 5771 1318 5836 sunt
1345 5773 1495 5856 quatuor
1521 5767 1613 5840 lanei
1640 5746 1844 5843 cmetbona-

288 5877 359 5968 les‚
385 5898 429 5951 ex
456 5878 581 5969 quibus
608 5898 731 5951 census
757 5879 1010 5954 diversificatur
1046 5902 1109 5972 pro
1137 5884 1334 5974 quantitate
1368 5908 1549 5978 agrorum3
1590 5890 1673 5961 item
1699 5890 1844 5964 solvunt

290 6020 395 6071 unum
421 5999 560 6090 gallum,
588 5998 674 6072 duos
701 6021 831 6090 caseos,
858 6003 982 6093 viginti
1009 6025 1085 6077 ova.
1124 6004 1212 6076 Item
1240 6007 1406 6079 tabernae
1433 6031 1502 6080 non
1529 6017 1620 6100 sunt,
1647 6010 1732 6083 item
1758 6011 1844 6085 bor-

290 6120 441 6192 tulaniao
468 6142 538 6193 non
564 6127 656 6212 sunt;
682 6123 765 6195 item
792 6123 876 6196 villa
900 6123 1059 6215 praelata
1084 6124 1160 6197 iure
1183 6126 1367 6200 scoltetiali
1396 6131 1548 6220 pertinet
1574 6131 1619 6203 ad
1645 6133 1844 6207 scoltetiam

291 6242 326 6313 in
354 6241 614 6313 Zabrzesze
649 6249 686 6315 et
719 6244 826 6318 babet
863 6247 1029 6323 scultetus
1065 6246 1108 6319 de
1134 6245 1326 6320 Zabrzesze
1362 6271 1405 6322 en
1433 6272 1538 6325 censu
1574 6255 1668 6343 eius,
1703 6261 1844 6327 sextum

291 6360 480 6434 denarium.
532 6363 619 6437 ltonr
660 6366 736 6455 agri
768 6366 870 6439 villae
916 6367 1055 6440 solvunt
1085 6370 1121 6437 et
1154 6367 1349 6443 conducunt
1386 6371 1554 6445 decimam
1589 6374 1845 6466 manipularem
