4217 8059
318 1482 388 1568 1-36

994 1700 1002 1717 '
1039 1753 1042 1756 -
1073 1722 1131 1814 ι-ιι
1133 1700 1335 1789 ,dioecesis
1361 1698 1538 1786 nostrae,
1528 1716 1564 1766 m
1582 1697 1774 1786 regularem
1794 1698 1861 1766 eri-

807 1820 814 1833 '
895 1849 901 1887 s
945 1853 993 1903 η,-
999 1843 1029 1894 ἰ-
1073 1878 1080 1894 ,
1172 1822 1343 1909 uiamque
1362 1818 1493 1889 ordinis
1511 1815 1741 1888 SanctiPauli
1759 1817 1863 1908 primi

920 1893 1046 2005 ⁰523*
1024 1979 1029 2004 .
1045 1825 1177 2049 adeste
1187 1946 1260 2029 ,te
1244 1941 1393 2011 ttsub
1394 1938 1481 2009 itulo
1507 1936 1656 2027 praelati
1683 1937 1862 2026 gloriosis·
1908 1962 1916 1973 ·

315 2066 392 2135 sirm
429 2064 540 2153 Apost
525 2063 589 2134 toli
624 2069 660 2132 et
694 2062 939 2152 Evangelistae
967 2026 1078 2132 Beati
1095 2060 1302 2132 Johannis
1292 2081 1329 2130 ιιι
1355 2060 1449 2148 ipsa,
1476 2064 1598 2129 tenore
1625 2063 1789 2147 praesent
1789 2058 1859 2129 ium

315 2184 468 2273 iacimus,
496 2183 670 2273 erigimus,
696 2172 888 2271 fundamus,
915 2181 1128 2253 instituimus
1155 2186 1190 2252 et
1216 2180 1426 2271 ordinamus,
1452 2178 1572 2250 volent
1556 2184 1618 2268 tes,
1646 2185 1687 2250 ιιι
1713 2178 1800 2249 inibi
1817 2179 1861 2250 de

313 2312 450 2376 caetero
478 2305 525 2374 sit
551 2311 587 2374 et
612 2304 729 2392 vigeat
756 2303 978 2373 observantia
995 2301 1185 2391 regularis,
1212 2302 1262 2371 ita
1289 2301 1467 2388 videlicet,
1491 2305 1533 2370 ut
1559 2298 1717 2370 indicto
1743 2307 1860 2369 mona·

313 2427 439 2513 sterio,
467 2417 558 2514 quod
594 2444 664 2496 una
699 2443 775 2494 cum
811 2424 920 2513 ipsius
948 2423 1109 2512 ecclesia,
1136 2428 1312 2493 murorum
1340 2417 1689 2508 aedificiis,·favente
1715 2420 1862 2491 Domino
1937 2424 1939 2428 ’

311 2547 440 2617 uostris
467 2545 635 2634 expensis,
663 2545 926 2632 construximus,
952 2531 1098 2630 iratres,
1126 2543 1246 2632 quiin
1274 2562 1314 2612 eo
1342 2562 1405 2631 pro
1432 2561 1524 2611 nnnc
1551 2541 1753 2630 congregati
1781 2545 1862 2611 sunt

215 2652 221 2663 ’
312 2667 463 2756 quinque
489 2685 552 2754 pro
578 2669 743 2753 tempore,
770 2664 899 2734 fuerint
924 2665 960 2734 iu
986 2663 1139 2734 futurum
1167 2662 1355 2733 secundum
1381 2661 1536 2751 regulam
1553 2661 1654 2731 Beati
1672 2659 1861 2750 Augustini

313 2788 377 2857 sub
411 2785 515 2857 titulo
551 2790 588 2856 et
623 2785 744 2855 ordine
779 2784 880 2855 Beati
917 2784 1014 2855 Pauli
1051 2785 1155 2873 primi
1189 2784 1396 2872 heremitae,
1429 2783 1488 2872 qui
1525 2779 1696 2872 quondam
1723 2782 1856 2870 primus

284 2954 286 2958 -
313 2907 588 2977 anachoreticam
624 2905 734 2976 vitam
761 2904 998 2974 admirandam
1025 2905 1210 2975 sanctitate
1237 2922 1442 2993 aggressum
1469 2902 1706 2973 huiuscemodi
1733 2922 1857 2973 nomeu
1966 2893 1972 2901 ’

312 3028 458 3097 sortitus
484 3031 547 3115 est,
575 3046 688 3098 mores
715 3030 752 3097 et
778 3026 883 3096 vitam
911 3024 1065 3114 dirigant
1081 3029 1129 3094 ‘et
1155 3030 1371 3113 componant,
1399 3029 1434 3094 et
1452 3025 1516 3095 sub
1535 3023 1708 3118 praesidio
1726 3029 1762 3094 et
1779 3044 1860 3113 pro-

189 3172 198 3190 ·
311 3147 461 3218 tectione
500 3148 591 3218 tanti
627 3144 786 3235 Apostoli
822 3152 858 3216 et
893 3147 1049 3235 patroni,
1083 3144 1138 3215 cui
1173 3145 1277 3215 etiam
1313 3144 1473 3216 Christus
1510 3145 1668 3216 dominus
1695 3145 1731 3214 lo
1758 3164 1860 3215 cruce

310 3267 464 3357 pendens
499 3273 646 3337 matrem
673 3286 771 3337 suam
798 3266 982 3356 Virgiuum
1009 3265 1150 3355 Virgini
1178 3266 1446 3355 commendavit,
1473 3265 1705 3337 continentiae
1731 3264 1862 3354 proies·

310 3406 426 3476 sores,
462 3392 595 3457 castum
631 3386 719 3476 Regi
756 3387 927 3457 caelorum
963 3407 1101 3475 semper
1140 3387 1328 3467 exhibeant
1368 3385 1579 3457 tumulatum.
1622 3383 1675 3455 ut
1710 3386 1791 3474 qnia
1826 3390 1863 3455 et

84 3486 122 3583 ‚⁸¹
310 3508 526 3597 experientia
552 3506 770 3596 docent,et
734 3512 770 3577 et
796 3527 972 3578 sacrorum
1000 3528 1168 3577 canonum
1187 3507 1395 3595 testimonio,
1413 3504 1648 3597 cognoscimus
1666 3506 1863 3595 spiritualia

311 3629 442 3717 absque
469 3628 718 3717 temporalibus
745 3650 813 3699 non
841 3649 942 3737 posse
968 3628 1168 3717 subsistere,
1197 3629 1287 3698 unde
1313 3627 1493 3717 praedicto
1520 3627 1740 3717 monasterio,
1769 3627 1860 3716 quod

246 3768 253 3779 ·
311 3767 401 3819 anno
429 3748 568 3819 Domini
599 3750 696 3820 1436
724 3750 905 3836 ereximus,
932 3768 996 3837 pro
1024 3735 1276 3820 sustentatione
1303 3749 1476 3837 corporali
1503 3749 1631 3837 prioris
1658 3754 1694 3819 et
1712 3747 1859 3818 fratrum
1928 3740 1933 3751 '

252 3904 254 3909 ·
311 3869 514 3939 monasterii
541 3867 756 3958 praedicti
746 3869 988 3959 infrascriptos
1016 3870 1231 3957 assignamus
1258 3875 1458 3958 proventus
1498 3869 1661 3958 Inprimis
1687 3869 1858 3959 siquidem
1937 3948 1940 3953 ,

237 4002 241 4009 ·
312 3987 354 4058 de
390 4009 560 4059 consensu
594 3994 631 4060 ιι
666 4009 831 4078 expressa
866 3990 1047 4060 voluntate
1083 3989 1257 4079 praedicti¹
1289 3989 1420 4062 domini
1457 3989 1689 4060 Johannis
1716 3990 1860 4078 palatini

311 4108 622 4198 Sandomiriensis,
650 4110 871 4180 ecclesiarum
908 4110 943 4180 in
971 4109 999 4178 P
1008 4110 1305 4199 yandziczow
1331 4116 1367 4181 et
1393 4109 1744 4201 Wyerczyczow
1770 4111 1863 4180 unici

311 4228 488 4300 collatoris
526 4236 561 4300 ιι
597 4231 755 4320 patroni,
783 4230 911 4301 eisdem
938 4230 1071 4320 Priori,
1099 4231 1266 4301 iratribus
1294 4232 1328 4300 in
1357 4231 1569 4301 monasterio
1595 4231 1748 4320 ipsorum
1777 4230 1864 4311 assi-¹

309 4369 464 4439 gnamm,
492 4345 721 4440 adiungimus,
748 4352 884 4422 aruimus
908 4357 948 4422 et
975 4353 1223 4422 invisceramus
1249 4358 1286 4421 ιι
1313 4352 1572 4439 incorporamus
1591 4356 1627 4421 et
1644 4342 1858 4420 annectimus

244 4498 249 4509 ·
310 4490 428 4540 omnes
455 4478 491 4542 et
517 4472 670 4561 singulos
697 4478 886 4562 proventus
913 4477 948 4542 ιι
975 4471 1126 4542 decimas
1153 4479 1188 4542 et
1217 4473 1454 4560 obventiones,
1473 4473 1516 4542 ad
1536 4473 1733 4561 praedictas
1753 4472 1859 4542 eccle·

310 4590 381 4661 slas
420 4592 635 4679 parochiales
675 4592 707 4663 S.
743 4592 912 4663 Johannis
955 4594 989 4662 in
1026 4591 1359 4683 Pyandziozow
1394 4599 1430 4662 et
1465 4593 1614 4664 Sanctae
1651 4593 1786 4663 Mariae
1821 4593 1856 4662 in

310 4709 666 4804 Wyerczyczoiu,
695 4734 838 4802 quarum
864 4713 988 4784 titulos
1014 4713 1058 4784 de
1086 4732 1254 4783 consensu
1282 4713 1453 4801 praedicti
1479 4715 1619 4803 capituli
1642 4715 1753 4784 nostri
1773 4712 1856 4784 Gra-

310 4832 480 4900 coviensis
507 4832 747 4923 extinguimus,
775 4854 818 4903 ex
837 4834 979 4922 antiquo
997 4835 1213 4922 pertinentes
1232 4839 1269 4904 et
1286 4839 1491 4923 spectantes,
1509 4833 1671 4904 videlicet
1689 4834 1856 4904 decimam

310 4952 558 5040 manipularem
586 4954 624 5024 in
649 4934 897 5044 Gopor'yaa,
924 4958 1004 5043 post
1030 4975 1148 5025 omnes
1176 4961 1211 5026 et
1237 4956 1391 5045 singulos
1420 4976 1523 5046 agros
1549 4955 1694 5045 praedii,
1712 4954 1861 5043 praefati

311 5070 439 5140 domini
474 5072 704 5144 Johannis
741 5073 887 5162 palatini
923 5074 1233 5162 Sandomirieusis3
1270 5077 1353 5145 item
1389 5077 1460 5146 tria
1485 5081 1604 5164 prata,
1631 5095 1736 5145 unum
1764 5066 1891 5146 retro‘

309 5189 434 5260 flumen
462 5191 578 5263 Nida
614 5194 813 5283 contiguum
839 5195 916 5265 loco
941 5190 1188 5266 Bistrzecz
1217 5197 1409 5285 appellato,
1437 5196 1531 5267 aliud
1558 5196 1594 5266 in
1616 5195 1860 5287 Szmyado-

309 5310 473 5403 chowy,
501 5321 537 5384 et
562 5316 705 5386 tertium
733 5317 826 5386 circa
851 5321 991 5404 pratum
1010 5316 1180 5387 advocati.
1207 5318 1295 5388 ltem
1314 5317 1425 5387 lacum
1443 5337 1550 5407 penes
1568 5318 1728 5387 balneum
1747 5316 1859 5407 Pyan-

228 5516 238 5532 x
309 5428 552 5507 d'ziczoviense.
569 5437 666 5507 ltem
693 5437 833 5508 hortum
860 5458 966 5527 penes
992 5438 1119 5507 flumen
1146 5438 1273 5509 Nida.
1301 5438 1389 5508 ltem
1417 5438 1583 5509 decimam
1599 5439 1859 5528 manipularem

308 5565 386 5646 post
413 5579 517 5646 agros
545 5559 681 5629 scolteti
708 5559 743 5628 in
770 5559 853 5629 villa
880 5558 1102 5649 Cowalye.
1136 5560 1223 5629 Item
1252 5557 1419 5631 decimam
1442 5558 1695 5649 manipularem
1722 5560 1758 5629 in
1778 5559 1861 5629 villa

308 5676 616 5767 Marzancziu,
636 5679 740 5749 certis
768 5680 896 5768 campis
923 5679 958 5748 iu
987 5679 1235 5750 Vislioiam
1264 5681 1386 5769 eundo,
1414 5699 1522 5769 prope
1548 5680 1639 5750 viam
1658 5680 1861 5767 iacentibus,

215 5823 217 5826 ·
308 5798 470 5888 exceptis.
498 5799 586 5869 Item
612 5798 790 5869 decimam·
805 5800 1066 5888 manipularem·
1085 5800 1295 5889 praedialem
1322 5803 1358 5870 iu
1378 5801 1669 5890 Brzeszczye
1696 5800 1739 5871 de
1758 5801 1861 5890 agris,

307 5920 366 6009 qui
394 5939 456 6008 pro
484 5919 626 6008 praedio
653 5918 801 6009 praefati
828 5919 957 5990 domini
984 5920 1214 5993 lobannis
1240 5921 1397 6012 germani
1423 5921 1535 5992 nostri
1558 5921 1709 6010 palatini
1728 5921 1860 5993 Sando-

306 6040 479 6111 miriensis
498 6040 569 6110 illic
586 6041 754 6111 hactenus
783 6041 953 6130 coluntur,
973 6039 1331 6131 provenientesltem
1351 6041 1517 6111 decimam
1536 6042 1797 6131 manipularem,
1815 6062 1857 6112 ex

306 6161 459 6248 praediis
486 6160 638 6254 eiusdem
658 6161 786 6231 domiui
806 6163 950 6251 palatini
970 6162 1260 6234 Saudomiriensis
1276 6163 1313 6232 in
1332 6161 1571 6253 Podlasze,
1591 6163 1858 6253 provenientem.

306 6281 390 6349 ltem
423 6283 509 6352 diros
536 6282 655 6353 laneos
682 6303 844 6372 agrorum
872 6284 938 6355 sibi
962 6284 1105 6354 invicem
1136 6282 1398 6387 coniunctos0in
1428 6282 1511 6353 villa
1537 6283 1860 6374 Wyer'czyczow,

306 6416 414 6496 penes
440 6403 556 6472 villam
585 6424 705 6475 versus
734 6410 894 6476 montem.
930 6405 1017 6475 Iteni
1045 6404 1211 6495 piscinam
1239 6424 1361 6476 versus
1397 6404 1515 6477 villaris
1543 6403 1859 6503 Wyerczyonow·
