4217 8059
257 1659 345 1732 Item
371 1659 590 1730 hortulaniae
625 1681 695 1731 nou
722 1664 821 1750 sunt,
848 1660 931 1732 item
958 1660 1086 1732 ibidem
1112 1660 1376 1733 tabernae-non
1403 1669 1503 1758 sunt,
1530 1664 1613 1735 item
1641 1688 1674 1736 m
1715 1748 1722 1755 ,
1818 1704 1844 1731 ·.

257 1799 338 1850 num
366 1801 434 1850 non
461 1784 524 1851 est.
1772 1842 1797 1865 -.

361 1900 506 1989 Brenn,
534 1901 617 1972 villa
643 1908 768 1972 vocata
792 1900 942 1973 Parva
968 1901 1122 1993 Byala,
1150 1903 1214 1974 snb
1242 1902 1407 1992 parochia
1426 1904 1592 1977 ecclesiae
1609 1880 1790 1981 Maiorf
1810 1916 1813 1921 ’
1923 1946 1933 1994 -,

257 2021 461 2113 Byalyae
498 2023 562 2092 snb
597 2021 700 2093 titulo
737 2020 883 2093 Sanctae
919 2010 1137 2113 Catherinae}
1173 2024 1258 2112 sita,
1286 2023 1383 2095 cuins
1417 2024 1541 2096 haeres
1568 2025 1742 2116 Sigismun
1773 2018 1776 2023 ’
1841 2004 1847 2011 ’

257 2142 378 2233 Byel,
407 2142 532 2213 nobilis
560 2142 603 2212 de
629 2142 735 2212 armis
762 2140 945 2233 Ostoya
972 2143 1014 2214 In
1040 2165 1110 2234 qua
1135 2149 1217 2223 sunt
1242 2143 1357 2214 decem
1386 2150 1424 2216 et
1450 2151 1527 2217 octo
1545 2147 1636 2218 lanei
1656 2150 1810 2221 cmetho-

256 2262 370 2351 nales‚
386 2262 441 2346 de
477 2263 602 2352 quibus
629 2263 786 2335 omnibus
822 2264 969 2335 solvitur
1004 2264 1139 2336 decima
1164 2264 1391 2354 manipularis
1417 2271 1454 2337 et
1480 2286 1543 2355 per
1570 2273 1642 2339 tres
1669 2268 1808 2361 ierugaa

256 2383 448 2474 campalis,
484 2384 695 2456 monasterio
736 2382 977 2474 (lubuczensi,
1013 2391 1050 2457 et
1085 2389 1249 2457 tenentur
1285 2385 1380 2456 illam
1420 2387 1619 2459 cmetlrones
1653 2391 1806 2480 propriis

255 2503 424 2577 curribus.
444 2500 575 2575 ducere
614 2504 667 2582 in,
686 2490 851 2576 horreum
886 2525 908 2576 a
939 2507 1139 2596 praeposito
1166 2504 1391 2579 Olobuczensi
1417 2506 1618 2598 locandum,
1644 2516 1681 2580 et
1707 2510 1806 2583 valor

255 2624 331 2696 eius
365 2623 570 2697 aestimatur
606 2625 651 2696 ad
687 2645 748 2697 sex
785 2646 937 2716 marcas,
971 2616 1158 2717 aliquando
1193 2627 1238 2697 ad
1272 2631 1367 2716 octo,
1394 2627 1582 2717 aliquando
1608 2629 1653 2699 ad
1679 2629 1807 2703 decem.

256 2746 343 2816 ltem
375 2745 553 2835 praedium
590 2752 645 2817 est
671 2746 721 2817 ibi
747 2746 904 2837 unicum,
931 2746 975 2820 de
1001 2746 1100 2819 cuius
1126 2747 1220 2837 agris
1246 2746 1395 2819 solvitur
1422 2747 1555 2819 decima
1580 2735 1808 2852 manipularis

255 2865 419 2937 ecclesiae
454 2866 582 2937 ibidem
618 2867 653 2936 in
689 2867 843 2958 Byala.
883 2868 969 2939 Item
1004 2868 1151 2939 taberna
1186 2874 1241 2939 est
1275 2868 1325 2939 ibi
1362 2888 1429 2938 nna
1464 2869 1596 2939 habens
1624 2891 1738 2961 agroS,
1765 2871 1809 2943 de

256 2987 379 3076 quibus
407 2987 511 3058 solvit
536 2986 703 3057 decimam
727 2986 975 3077 manipularem
993 2987 1159 3059 ecciesiae
1177 2988 1213 3060 iu
1231 2986 1533 3078 Olobuczsko‚
1553 2993 1590 3061 ot
1606 2991 1807 3083 canapalem

254 3127 317 3196 per
350 3127 453 3178 unam
481 3127 557 3178 cum
584 3107 698 3178 media
722 3104 832 3178 cicae
857 3106 946 3180 Item
972 3108 1193 3180 hortulaniae
1220 3107 1324 3197 duae,
1351 3108 1413 3180 sed
1440 3130 1509 3180 non
1535 3102 1807 3209 habeutfagros.

357 3227 656 3317 luorum,.vilia
691 3230 755 3326 sub
791 3228 957 3317 parochia
991 3229 1157 3300 ecclesiae
1193 3228 1236 3299 de
1273 3227 1567 3300 Olobuczsko
1594 3212 1808 3321 rita,²····onins

255 3347 452 3437 proprietas
480 3354 516 3418 et
542 3347 731 3419 dominium
758 3347 803 3419 ad
829 3349 1078 3420 monasterium
1106 3347 1442 3421 Cranstochoviense
1467 3349 1629 3438 pertimet.
1668 3338 1710 3423 Iri
1737 3371 1808 3440 qua

256 3474 337 3538 sunt
372 3468 537 3540 tredecim
574 3490 651 3540 cum
666 3512 668 3518 ·
686 3469 800 3541 medio
836 3468 927 3540 lanei
963 3467 1216 3557 cmethonales‚
1243 3468 1287 3539 de
1323 3468 1447 3558 quibus
1473 3469 1633 3540 omnibus
1659 3470 1809 3543 solvitur

255 3589 388 3659 decima
422 3589 664 3680 manipularis,
692 3596 727 3660 et
762 3609 824 3679 per
855 3589 941 3661 duas
967 3590 1105 3678 ierugas
1132 3589 1307 3678 canapalis
1334 3587 1545 3678 monasterio
1573 3588 1807 3680 Globuczeusi,

255 3715 290 3780 et
319 3713 482 3810 tenentur
514 3709 612 3811 illam
649 3711 847 3782 cmethones
884 3710 1010 3781 ducere
1045 3710 1082 3780 in
1116 3709 1280 3781 horreum
1307 3729 1328 3779 a
1354 3708 1553 3799 praeposito
1580 3707 1805 3782 Olobuczensi

253 3829 445 3920 locandum,
473 3812 623 3920 propriis
650 3827 818 3920 curribus,
846 3835 882 3901 et
909 3829 1006 3902 valor
1033 3829 1106 3900 eius
1125 3831 1330 3901 aestimatur
1348 3829 1393 3900 ad
1411 3829 1691 3901 decemmarcas.
1718 3831 1806 3901 Item

255 3973 322 4022 non
349 3957 431 4022 suut
457 3951 494 4022 in
520 3951 641 4022 eadem
667 3951 751 4022 villa
776 3952 953 4041 tabernae,
980 3973 1049 4022 non
1077 3955 1159 4022 sunt
1184 3950 1415 4040 hortulaniae‚
1441 3950 1526 4021 item
1553 3950 1731 4041 praedium
1751 3957 1807 4023 est
1839 3968 1843 3974 ·
1931 4010 1934 4016 .
1984 3972 1988 3976 ⁵

254 4071 303 4143 ibi
329 4072 485 4161 unicum,
513 4071 555 4143 de
583 4072 680 4142 cuius
717 4072 811 4162 agris
838 4073 986 4144 solvitur
1021 4072 1154 4143 decima
1180 4070 1405 4161 manipularis
1431 4069 1597 4144 ecclesiae
1624 4076 1659 4142 et
1686 4092 1804 4143 mona-

255 4192 363 4264 sterio
390 4192 426 4262 in
454 4192 757 4265 Olobuczsko.
792 4191 868 4264 Hoc
903 4193 1084 4281 praedium
1119 4190 1184 4262 luit
1209 4190 1383 4281 quondam
1409 4190 1580 4278 militare;
1606 4190 1668 4261 sed
1694 4190 1805 4263 frater

254 4311 418 4384 Nicolaus
453 4313 830 4403 Borzymowsky,
865 4313 1018 4384 existens
1053 4317 1137 4383 tunc
1172 4312 1269 4400 prior
1295 4311 1538 4400 provincialis,
1566 4310 1693 4381 coemit
1720 4309 1806 4382 illud

255 4453 318 4520 pro
345 4440 484 4504 centum
511 4434 638 4504 marcis
673 4433 767 4523 apud
793 4432 1007 4504 Mikosch
1045 4432 1208 4520 militem,
1235 4437 1272 4502 et
1298 4430 1508 4502 monasterio
1536 4428 1804 4502 Cranstochovi·

255 4553 329 4622 ensi
354 4559 525 4644 perpetuo
553 4554 797 4644 incorporavit

358 4672 594 4764 Guonzrsuo‚
621 4675 705 4748 villa
740 4676 804 4747 sub
831 4674 997 4764 parochia
1023 4673 1190 4779 ecclesiae
1217 4671 1460 4744 Olobuczensis
1487 4671 1572 4760 sita,
1601 4670 1698 4741 cuius
1725 4691 1805 4760 pro-

254 4794 387 4882 prietas
413 4800 448 4867 et
475 4795 662 4869 dominium
690 4797 734 4867 ad
761 4796 1018 4868 serenissimum
1045 4793 1212 4867 Polouiae
1240 4814 1355 4884 regem
1383 4792 1543 4882 pertinet.
1570 4791 1611 4862 ln
1638 4812 1706 4880 qua
1723 4796 1806 4862 sunt

256 4914 404 4987 sedecim
429 4915 521 4987 lanei
548 4917 793 5006 cmethonales‚
821 4916 864 4988 de
891 4916 1016 5007 quibus
1051 4914 1211 4987 omuibus
1238 4912 1385 4984 solvitur
1411 4900 1547 4984 decima
1571 4909 1805 5001 manipularis,

254 5043 289 5106 et
316 5055 378 5125 per
406 5043 556 5126 quatuor
583 5038 721 5128 ierugas
747 5032 924 5127 canapalis
949 5035 1161 5108 monasterio
1189 5033 1429 5123 Olobuczensi,
1456 5036 1493 5103 et
1519 5036 1683 5103 tenentur
1709 5029 1804 5106 illam
1831 5066 1846 5097 a

254 5158 451 5230 cmethones
484 5160 635 5249 propriis
671 5160 831 5232 curribus
865 5158 992 5230 ducere
1027 5159 1063 5228 in
1098 5157 1262 5229 horreum
1297 5174 1319 5225 a
1352 5153 1552 5245 praeposito
1579 5151 1806 5225 Olobuczensi

255 5277 446 5368 locandum,
473 5285 509 5350 et
535 5281 633 5352 valor
660 5281 734 5352 eius
760 5280 968 5352 aestimatur
994 5279 1040 5351 ad
1067 5278 1219 5373 quinque
1245 5291 1389 5366 marcas,
1407 5274 1592 5368 aliquando
1611 5273 1656 5346 ad
1673 5260 1801 5345 decem.

255 5397 341 5467 ltem
378 5421 447 5472 nou
483 5405 565 5473 sunt
598 5401 786 5491 tabernae,
812 5421 881 5473 non
908 5404 990 5472 sunt
1015 5398 1253 5488 hortulaniae,
1279 5417 1348 5469 non
1375 5400 1429 5469 est
1454 5376 1595 5488 aliquod
1622 5392 1803 5491 praedium

254 5519 379 5608 regale.
405 5520 494 5591 Item
521 5528 575 5593 est
601 5522 651 5595 ibi
677 5522 855 5612 scoltetia,
881 5521 1013 5594 habens
1039 5527 1113 5593 tres
1139 5519 1276 5610 laneos,
1304 5519 1347 5590 de
1374 5516 1498 5609 quibus
1524 5514 1631 5588 etiam
1656 5504 1806 5585 solvitur

253 5637 385 5711 decima
419 5642 646 5734 manipularis
682 5649 719 5715 et
751 5642 926 5732 canapalis
953 5662 1017 5732 pro
1043 5639 1255 5713 monasterio
1282 5635 1517 5712 Olobnczensi.
1556 5635 1657 5741 Item&
1672 5638 1727 5706 est
1752 5631 1806 5707 ibi

254 5757 486 5831 molendinum
513 5763 658 5853 scolteti,
686 5763 842 5835 sednon
869 5762 976 5833 habet
1002 5781 1115 5852 agros.

357 5879 632 5975 Wanuczrczn,
660 5883 742 5955 villa
768 5883 832 5954 sub
859 5882 1024 5972 parochia
1049 5880 1216 5954 ecclesiae
1242 5877 1487 5954 Olobuczensis
1508 5876 1588 5968 sita,
1607 5875 1704 5948 cuius
1722 5893 1802 5965 pro-

252 6000 384 6089 prietas
410 6007 447 6074 et
472 6003 662 6077 dominium
689 6005 734 6077 ad
760 6004 1017 6077 serenissimum
1042 6002 1208 6075 Polouiae
1234 6021 1351 6094 regem
1378 5999 1541 6092 pertinet
1567 5997 1608 6069 In
1636 6015 1703 6089 qua
1720 5999 1804 6068 sun-t

253 6122 377 6212 viginti
404 6131 553 6215 quatuor
578 6125 671 6199 lanei
706 6125 957 6214 cmethonales‚
985 6124 1027 6195 de
1054 6124 1181 6215 quibus
1207 6123 1366 6197 omnibus
1393 6119 1542 6194 solvitur
1568 6117 1701 6192 decima
1726 6135 1800 6189 ma

252 6243 429 6335 nipularis,
456 6252 493 6318 ot
518 6267 581 6337 per
607 6251 681 6319 tres
706 6248 847 6338 ierngas
873 6245 1057 6337 canapaHs,
1084 6244 1295 6317 monasterio
1322 6241 1555 6329 (lubuczensi,
1581 6245 1619 6311 et
1635 6241 1799 6310 tenentur

251 6363 346 6436 illam
364 6367 562 6440 cmethones
580 6367 732 6459 propriis
749 6367 909 6443 curribus
926 6366 1052 6441 ducere
1070 6365 1107 6438 in
1123 6364 1298 6453 horreum,
1314 6384 1336 6436 a
1353 6360 1552 6455 praeposito
1571 6355 1800 6432 Globuczensi

342 6531 500 6575 ΗΕΚΝ.
520 6534 563 6576 111.
852 6594 855 6599 ¹
1269 6546 1273 6554 ·
1596 6507 1634 6557 ῃ
