4217 8059
1519 1105 1562 1163 fu
1606 1105 1674 1239 ay

1427 1284 1431 1291 ²
1511 1302 1589 1369 ἐς.

1458 1382 1464 1397 '
1538 1372 1548 1383 Ε

1629 1556 1633 1565 .
1739 1486 1813 1559 325

180 1686 182 1691 ’
322 1742 324 1747 -
370 1693 563 1783 HonuozA,
589 1695 672 1766 villa
698 1695 763 1767 sub
791 1695 957 1785 parocbia
982 1694 1149 1765 ecclesiae
1175 1693 1219 1766 de
1243 1692 1470 1781 erandae
1487 1692 1583 1791 sito,
1609 1692 1708 1765 ouius
1734 1713 1814 1784 pro-

267 1818 397 1904 prietas
433 1815 477 1886 ad
514 1816 759 1887 monasterinm
796 1816 1064 1906 Myechoviense
1099 1816 1261 1905 pertinet.
1300 1815 1340 1885 ln
1369 1835 1437 1903 qna
1467 1820 1550 1889 suut
1575 1820 1697 1885 nover'n
1724 1813 1816 1886 lanei
1885 1796 1889 1803 ’

267 1938 520 2026 cmetbonales,
556 1942 592 2007 ot
628 1938 670 2008 de
705 1937 864 2008 omnibns
901 1937 1049 2008 soluitur
1084 1937 1218 2008 decima
1244 1935 1489 2025 manipularis,
1515 1941 1552 2006 et
1578 1954 1641 2025 per
1667 1942 1817 2025 quatuor

267 2059 405 2147 ierugas
433 2058 608 2147 canapalis
636 2060 846 2129 monasterio
874 2058 990 2129 Sancti
1018 2060 1191 2145 Andreae,
1218 2066 1255 2127 et
1281 2057 1420 2129 ducitur
1446 2058 1482 2127 in
1508 2058 1671 2129 borreum
1699 2078 1816 2129 mona·

249 2179 374 2266 -sterii,
401 2186 438 2249 et
465 2178 563 2251 valor
589 2180 664 2249 eius
691 2180 897 2250 aestimatur
925 2179 969 2250 ad
988 2180 1138 2269 quinque
1156 2179 1413 2279 marcas3ltem
1432 2179 1580 2249 taberna
1598 2199 1667 2248 una
1680 2178 1815 2250 'babens

265 2319 377 2390 agros.
417 2299 503 2370 ltem
540 2301 759 2372 hortulaniae
797 2301 886 2371 duae
913 2280 1081 2371 babentes
1107 2321 1227 2390 agros,
1255 2300 1298 2371 de
1324 2301 1484 2387 omnibus
1510 2298 1667 2370 soluitur·
1683 2298 1817 2370 decima

266 2419 489 2509 manipularis
516 2442 579 2509 pro
608 2423 817 2491 monasterio
846 2422 961 2492 Sancti
990 2422 1152 2492 Andreae
1180 2422 1214 2490 in
1239 2417 1455 2515 yonitluwonr.
1481 2420 1568 2491 Item
1595 2426 1650 2490 est
1676 2421 1730 2491 ibi
1744 2441 1817 2491 ruo-

266 2541 441 2612 leudinum
471 2563 600 2630 uirum,
637 2542 697 2613 sed
734 2565 801 2613 non
838 2543 945 2614 hubet-
973 2563 1094 2631 -agros
1128 2543 1214 2613 Item
1247 2541 1427 2631 praedium
1453 2541 1592 2611 unicum
1618 2540 1816 2612 coenobiale

266 2664 466 2734 monasterii
495 2662 782 2753 Myeoboviensis,
810 2638 901 2754 quod
929 2664 1015 2735 nulli
1042 2664 1148 2735 solvit
1173 2663 1352 2751 decimam,
1379 2662 1542 2734 sedeam
1571 2684 1634 2753 pro
1661 2682 1699 2731 se
1724 2661 1817 2732 tollit

267 2789 302 2853 et
327 2786 363 2854 in
390 2785 553 2855 horreum
581 2806 681 2856 snum
708 2785 850 2857 inducit.
941 2844 954 2853 .

371 2906 617 2994 Bunowrczs,
645 2906 727 2978 villa
755 2908 818 2978 sub
847 2907 1011 2997 parochia
1037 2906 1202 2977 ecclesiae
1229 2906 1272 2976 de
1290 2905 1595 2991 Scaekoczini
1622 2906 1702 2993 sita,
1720 2907 1817 2978 cuins

265 3026 464 3098 baereditas
500 3035 538 3098 et
572 3029 769 3117 proprietas
804 3028 847 3098 ad
875 3029 1122 3098 monasterium
1149 3026 1267 3097 Sancti
1295 3027 1456 3097 Andreae
1482 3027 1643 3115 pertinet.
1682 3026 1723 3098 ln
1750 3047 1818 3116 qna

267 3120 349 3217 iuna
376 3148 636 3237 quatuordeeim
664 3148 754 3219 lanei
783 3149 1014 3220 ometlronules
1042 3148 1147 3220 etde
1175 3149 1334 3219 omnibus
1360 3148 1522 3239 soluitur,
1547 3147 1681 3221 decima
1707 3149 1817 3218 mani-

267 3267 415 3358 pularis,
442 3277 479 3340 et
514 3290 578 3359 per
613 3277 761 3363 quatuor
796 3271 935 3359 ierugas
972 3268 1146 3358 canapalis
1182 3270 1392 3341 monasterio
1428 3268 1548 3340 Sancti
1574 3244 1754 3355 Andreae,
1779 3275 1817 3340 et

267 3387 405 3459 ducitur
431 3390 466 3459 in
495 3390 656 3461 horreum
685 3391 905 3479 monasterii,¹
923 3397 959 3461 et
987 3390 1085 3461 valor
1111 3390 1187 3461 eius
1212 3390 1417 3461 aestimatur
1442 3389 1488 3461 ad
1514 3394 1647 3480 septem
1674 3408 1817 3478 marcas,

267 3514 304 3580 et
330 3508 476 3600 quilibet
503 3510 545 3581 de
573 3510 673 3581 laneo
700 3532 803 3581 unum
831 3510 1012 3581 fertonem-
1028 3511 1143 3582 soluit.
1171 3510 1255 3581 item
1283 3507 1440 3605 iutrzyuy
1459 3531 1522 3600 pro
1539 3530 1622 3582 vere
1639 3516 1676 3581 et
1693 3510 1817 3601 hyeme

266 3628 446 3719 laborant,
473 3632 555 3702 item
593 3630 793 3720 sexaginta
810 3654 894 3721 ora,
921 3634 1005 3717 item
1032 3631 1120 3705 dnos
1146 3631 1277 3722 gallos3
1312 3632 1395 3702 item
1423 3652 1542 3703 caseos
1569 3654 1638 3704 non
1668 3632 1817 3703 solvunt.

268 3748 355 3821 ltem
391 3753 558 3823 tabernae
595 3774 663 3825 non
698 3760 796 3843 sunt,-
832 3755 913 3824 item
950 3754 1170 3825 hortulaniae
1205 3773 1276 3823 non
1310 3760 1410 3842 suut,
1438 3773 1548 3843 neque
1575 3753 1818 3842 molendinum,

266 3892 377 3961 neque
404 3856 592 3962 praedium.
620 3874 707 3945 ltem
735 3870 894 3946 scoltetia
919 3880 975 3945 est
1002 3874 1061 3963 ibi,
1088 3875 1219 3945 liabens
1247 3874 1334 3945 duos
1361 3874 1550 3963 laneos,de
1567 3876 1693 3965 quibus
1711 3874 1842 3946 solvi·

266 3998 326 4063 tur
352 3992 485 4063 decima
520 3995 746 4085 manipularis
781 3994 946 4065 ecclesiae
984 3995 1019 4065 in
1047 3994 1364 4065 Sczekoczini.
1404 3994 1491 4065 Item
1518 3996 1685 4087 scultetus
1703 3995 1818 4085 ¹habet

268 4096 401 4183 sertum
439 4113 617 4185 denarium
654 4115 709 4185 de·
732 4136 854 4203 censu,
889 4125 926 4187 et
962 4116 1108 4205 quilibet
1144 4116 1187 4185 de
1223 4115 1322 4185 laneo
1357 4121 1429 4186 tres
1464 4116 1540 4186 dies
1564 4112 1723 4211 iutrzyny
1749 4115 1817 4187 sibi

266 4231 413 4321 laborat,
439 4241 475 4304 et
502 4234 648 4323 quilibet
674 4234 717 4305 de
745 4235 844 4306 laneo
867 4236 953 4307 duos
981 4256 1081 4306 coros
1108 4235 1254 4323 siliginis
1273 4242 1309 4304 et
1326 4241 1476 4324 quatuor
1493 4256 1631 4306 arenae.
1658 4234 1817 4307 Oonfiuat

267 4372 343 4423 cum
371 4352 686 4445 Sczekoczini‚
714 4355 1026 4446 Thagoborza,
1052 4355 1316 4446 Syedliska.

362 4460 674 4566 'Mrszuowrczn,
702 4476 783 4557 villa
809 4478 873 4549 sub
901 4464 1066 4566 parocbia
1092 4475 1258 4548 ecclesiae
1283 4476 1326 4547 de
1354 4476 1579 4551 lrzandae
1606 4477 1692 4567 sita,
1718 4479 1817 4551 cuius

267 4594 390 4665 haeres
418 4595 614 4687 Stephanus
640 4599 1125 4689 Swantbopellrowicz
1151 4598 1194 4669 de
1213 4596 1564 4689 armisVulpium.
1592 4600 1630 4669 ln
1650 4606 1817 4691 quaeunt
1962 4590 1965 4595 ’

267 4736 327 4787 sex
364 4716 454 4788 lanei
490 4720 742 4809 amethonales,
769 4726 805 4791 et
820 4721 876 4792 de
901 4720 1062 4791 omnibus
1088 4720 1237 4791 solvitur
1263 4720 1396 4791 decima
1423 4721 1666 4811 manipularis,
1692 4726 1728 4791 et
1753 4710 1826 4810 per¹

267 4845 416 4927 quatuor
442 4840 592 4933 ierugas,
607 4841 782 4931 canapalis
809 4842 1021 4913 monastario
1048 4840 1166 4913 Sancti
1194 4841 1365 4932 Andreae,
1392 4849 1428 4911 et
1445 4842 1583 4913 ducitur
1601 4843 1635 4913 in
1655 4844 1817 4927 borreum

191 4990 198 5007 ·
268 4964 478 5051 monasterii,
506 4969 542 5034 et
567 4964 664 5033 valor
690 4963 764 5033 eius
791 4964 997 5035 aestimatur
1022 4962 1093 5057 ad..
1113 5018 1120 5032 .
1139 5018 1146 5032 .
1166 4982 1319 5033 marcas·
1335 4962 1421 5033 ltem
1438 4964 1614 5035 tabernae
1641 4985 1710 5037 non
1728 4970 1818 5036 snut.

266 5081 352 5154 ltern
379 5084 600 5156 hortulaniae
626 5104 686 5154 sex
714 5084 881 5155 habentes
908 5058 1020 5173 agros,
1048 5083 1091 5154 de
1118 5084 1242 5173 quibus
1269 5083 1417 5154 soluitur
1443 5084 1577 5155 decima
1602 5085 1639 5154 in
1666 5084 1817 5157 luzan-

267 5201 357 5272 dze.
384 5204 470 5275 ltem
499 5204 731 5276 molendinum
759 5214 823 5294 est,
851 5205 912 5275 sed
940 5227 1007 5275 nou
1036 5206 1141 5275 habet
1160 5225 1272 5294 agros.
1299 5204 1386 5275 ltenr
1405 5204 1583 5294 praedium
1602 5206 1650 5276 ibi
1669 5207 1817 5278 unicum.

269 5320 347 5393 Non
382 5325 488 5396 habet
523 5344 621 5397 nunc·
639 5327 885 5398 monasterium
922 5326 957 5397 in
985 5346 1048 5397 sua
1075 5326 1303 5429 possessione
1320 5326 1516 5398 huiusmodi
1543 5326 1729 5413 decimam,
1756 5327 1816 5399 sed
1855 5342 1861 5353 '

268 5445 416 5534 percipit
442 5458 517 5517 eam
544 5447 690 5519 eeclesia
717 5449 751 5519 in
779 5447 1015 5521 lrzandze.
1383 5430 1386 5435 ⁵

372 5564 584 5657 Gssnrrrcz,
612 5569 695 5641 uilla
721 5570 784 5642 sub
811 5569 976 5659 parochia
1002 5568 1046 5640 de
1072 5567 1374 5640 Sozekoczini
1401 5569 1479 5657 sita,
1506 5568 1604 5639 cuitus
1621 5569 1818 5659 proprietas
1930 5580 1949 5607 ⁸

267 5685 312 5757 ad
339 5690 586 5760 monasterium
622 5690 738 5762 Sancti
774 5690 935 5761 Andreae
973 5691 1135 5791 pertinet.
1170 5689 1211 5760 ln
1238 5710 1307 5780 qun
1333 5696 1414 5760 sunt
1440 5694 1573 5779 septem
1602 5710 1676 5759 rum
1704 5689 1818 5759 medro

267 5808 367 5897 lanei,
395 5810 540 5898 quilibet
558 5811 662 5884 solvit
680 5833 784 5883 unum
803 5811 971 5882 fertonem
990 5810 1145 5915 latorum
1157 5832 1368 5899 grossorum.
1394 5811 1481 5881 ltem
1500 5811 1662 5881 laborant
1680 5806 1819 5879 lurcatur·

268 5949 331 6017 pro
360 5951 441 6001 uere
468 5939 504 6003 et
531 5932 652 6022 hyeme
679 5954 743 6023 pro
770 5932 997 6021 monasterio,
1018 5932 1100 6001 item
1129 5932 1361 6022 quadraginta
1387 5952 1461 6021 ova
1485 5933 1567 6003 item
1586 5932 1673 6003 duos
1688 5930 1818 6033 gallos,

269 6070 387 6121 caseos
415 6073 483 6123 non
511 6048 604 6123 dant.
632 6054 719 6124 ltem
747 6052 905 6124 scoltetia
929 6052 1158 6123 Bunoviensis
1183 6052 1443 6142 comprehendit
1471 6053 1588 6123 uillam
1608 6049 1817 6143 Grabyecz
1888 6072 1899 6105 ··

267 6178 303 6241 et
330 6174 529 6244 emetbones
556 6174 599 6244 de
622 6172 862 6265 Grabyecz
889 6171 1050 6245 laborant
1069 6195 1132 6262 pro
1151 6196 1192 6244 co
1210 6171 1359 6243 iutrzini.
1387 6172 1474 6245 ltem
1492 6173 1659 6244 scultetus
1677 6171 1720 6243 de
1739 6171 1817 6242 Bu·

267 6294 457 6366 nouicze
493 6295 598 6366 babet
628 6295 677 6365 ibi
704 6316 801 6367 snam
828 6296 1027 6384 tabernam,
1055 6295 1239 6365 habentem
1266 6314 1387 6384 agros,
1415 6298 1452 6365 et
1477 6293 1581 6391 solvit
1615 6303 1689 6366 tres
1724 6314 1815 6365 mar-

267 6434 345 6504 cas;
380 6416 462 6487 item
500 6416 649 6487 decimat
683 6416 848 6490 ecclcsiae
883 6418 919 6487 in
955 6414 1270 6487 Scze-lroczin‘u
1304 6412 1397 6519 Item
1430 6412 1599 6525 scultetus
1634 6414 1741 6487 babet
1765 6414 1817 6489 ibi
