4217 8059
1737 1476 1813 1547 433

584 1594 595 1605 -
701 1572 731 1625 ,a

263 1672 468 1745 conducitur
492 1672 626 1745 decima
652 1672 881 1765 manipularii
905 1684 942 1747 ot
967 1675 1145 1767 canapalis
1169 1672 1236 1766 pro
1262 1678 1477 1751 monasterio
1500 1677 1667 1751 Clarae
1694 1679 1814 1752 Tum·

260 1795 362 1882 bae,
391 1799 434 1864 et
461 1793 561 1865 valor
587 1795 662 1865 eius
688 1796 893 1867 aestimatur
919 1797 965 1868 ad
992 1795 1173 1868 duodecim
1200 1819 1343 1869 marcas
1383 1798 1471 1871 Item
1499 1800 1718 1872 hortulaniae
1742 1822 1814 1875 non

262 1920 350 1985 sunt.
391 1913 478 1986 ltem
505 1915 686 2005 praedium
714 1937 783 1987 non
810 1923 864 1988 est
890 1917 1068 2007 aliquod
1058 1939 1095 1988 ιιι
1122 1917 1206 1990 villa
1231 1918 1419 2010 praedicte.
1464 1920 1552 1991 Item
1579 1921 1812 2067 molendinum

260 2056 329 2106 non
356 2043 412 2107 est
438 2031 615 2126 aliquod
606 2056 641 2106 m
668 2035 764 2109 dicta
790 2037 881 2109 villa

362 2155 716 2248 Οιιιιιιιιιιοιιοιιι,
744 2159 828 2230 villa
853 2160 918 2232 sub
946 2159 1487 2249 parochiano..s..ita.1n
1515 2183 1585 2252 qua
1612 2168 1693 2234 sunt
1677 2162 1812 2234 tlanei

262 2277 514 2366 cmetlronales,
548 2284 586 2349 et
612 2278 656 2348 ιι
683 2280 842 2351 omnibus
874 2279 1021 2352 solvitur
1057 2285 1095 2351 et
1118 2214 1323 2352 conducitur
1358 2282 1492 2354 decima
1526 2283 1751 2373 manipularis
1776 2290 1814 2357 et

262 2399 436 2488 canapalis
463 2419 527 2489 pro
555 2402 764 2471 monasterio
790 2400 957 2472 Clarae
995 2401 1210 2490 Tumbae,
1245 2409 1282 2473 ct
1308 2403 1406 2474 valor
1432 2404 1509 2476 eius
1538 2405 1743 2477 adsumatur
1770 2404 1815 2477 ad

262 2574 536 2590 ...........
561 2542 737 2593 marcas
782 2522 867 2593 Item
895 2523 1050 2612 taberna,
1077 2523 1160 2594 item
1188 2523 1374 2612 hortulani,
1400 2525 1483 2597 item
1512 2525 1702 2614 praedium,
1730 2525 1812 2599 item

261 2640 504 2713 molendinum.

363 2760 666 2851 Gornzrwmczn,
692 2762 777 2834 villa
803 2763 868 2835 sub
895 2764 1062 2853 parochia
1087 2763 1131 2835 de
1150 2818 1318 2834 .......
1345 2765 1422 2835 sita
1450 2764 1490 2836 ln
1518 2786 1586 2857 qna
1613 2774 1695 2838 sunt
1721 2767 1815 2839 lanei

261 2883 512 2972 emethonalas,
547 2892 583 2955 et
611 2884 655 2955 de
682 2886 842 2958 omnibus
878 2886 1025 2957 solvitur
1051 2892 1089 2957 et
1115 2885 1321 2958 conducitur
1355 2886 1489 2957 decima
1523 2886 1750 2976 inanipularis
1777 2893 1814 2958 et

262 3004 438 3093 canapniis
464 3026 528 3094 pro
556 3007 767 3078 monasterio
795 3006 963 3078 Clarae
989 3006 1205 3095 Tumbaa‚
1244 3013 1282 3077 et
1309 3005 1407 3077 valor
1434 3007 1509 3078 eius
1535 3008 1740 3079 aestimatur
1767 3007 1812 3079 ad
1932 3062 1934 3067 ι

260 3177 398 3194 ......
426 3147 567 3198 marcas.
596 3129 683 3200 ltem
710 3129 887 3218 tabernae,
914 3128 998 3199 item
1025 3126 1212 3216 hortulani,
1238 3127 1322 3198 item
1349 3126 1539 3217 praedium.

366 3300 533 3336 .......
561 3249 644 3320 villa
670 3249 734 3320 sub
761 3249 926 3338 parochia
952 3248 1021 3319 de.
1041 3304 1048 3316 .
1068 3303 1076 3317 .
1095 3302 1129 3318 ..
1158 3249 1235 3335 sita,
1262 3248 1360 3319 cuius
1388 3248 1584 3338 proprietas
1610 3248 1677 3320 ad.
1697 3303 1705 3318 .
1725 3303 1731 3318 .
1751 3304 1758 3320 .
1778 3304 1813 3319 ..

260 3366 300 3436 ln
328 3388 397 3456 qua
424 3374 506 3440 sunt
531 3370 622 3440 lanei
649 3369 891 3458 cmethonales,
919 3369 1017 3441 etde
1035 3362 1195 3441 omnibus
1213 3369 1360 3441 solvitur
1386 3373 1423 3439 et
1449 3368 1654 3441 conducitur
1680 3369 1815 3443 decima

197 3466 199 3474 ¹
261 3487 486 3577 manipularis
513 3496 550 3562 et
576 3490 751 3580 canapalis
778 3511 842 3580 pro
869 3491 1082 3562 monasterio
1108 3489 1276 3573 Clarae
1303 3487 1517 3580 Tumbae,
1549 3495 1586 3561 et
1612 3490 1710 3562 valor
1736 3489 1813 3577 mus

261 3609 466 3682 aestimatur
490 3611 536 3682 ad
555 3665 883 3682 .............
911 3632 1072 3687 marcas
1100 3611 1189 3684 Item
1214 3610 1382 3700 taberna,
1406 3612 1490 3681 item
1516 3611 1702 3699 hortulani,
1728 3611 1812 3683 item

260 3731 449 3821 praedium.

363 3852 677 3943 Mruunowrczn,
712 3853 796 3925 villa
822 3852 887 3924 sub
914 3851 1082 3943 parochia
1106 3852 1150 3941 de
1176 3851 1444 3945 Szyanpecz
1484 3871 1592 3942 prope
1628 3814 1812 3925 iluszko

260 3975 337 4064 sita
364 3975 462 4046 cuius
490 3974 659 4046 haeredes
678 4030 685 4045 .
704 4029 711 4044 .
730 3974 1071 4047 ..et....iratres
1099 3973 1232 4045 nobiles
1258 3972 1302 4045 de
1329 3972 1432 4044 domo
1457 3972 1811 4064 Pyanlosthk'y.
1871 3956 1872 3961 ¹

260 4095 299 4165 ln
327 4117 395 4185 qna
422 4103 504 4167 sunt
530 4096 688 4168 undecim
715 4096 808 4168 lanei
826 4095 1070 4184 cmethonales„
1097 4095 1180 4165 item
1198 4116 1260 4167 ser
1278 4093 1495 4171 hortulamae
1514 4094 1681 4166 habentes
1699 4115 1815 4185 agros,

260 4217 342 4286 item
372 4237 440 4287 una
467 4217 614 4287 taberna
640 4217 772 4287 habens
799 4237 921 4306 agros3
956 4215 1000 4285 de
1027 4215 1154 4306 quibus
1180 4214 1339 4286 omnibus
1373 4214 1520 4311 solvitur
1546 4221 1584 4287 et
1609 4213 1814 4287 conducitur

261 4336 396 4407 decima
420 4337 646 4426 manipularis
673 4343 709 4408 et
735 4336 913 4426 canapalis
939 4357 1005 4426 pro
1031 4335 1307 4407 monasteriola
1335 4333 1528 4425 Mogila‚
1555 4338 1591 4405 et
1617 4333 1715 4407 valor
1738 4335 1812 4405 eius

262 4457 465 4529 aestimatur
491 4457 535 4528 ad
563 4457 744 4529 duodecim
771 4477 915 4530 marcae
942 4457 1030 4529 ltem
1057 4456 1202 4528 suntin
1229 4454 1352 4537 eadem
1377 4455 1462 4533 villa
1487 4454 1556 4525 duo
1584 4454 1728 4544 praedia
1749 4455 1812 4527 mi-

260 4579 387 4666 litaria
414 4579 457 4649 de
476 4599 622 4668 qnorum
649 4580 745 4669 agris
763 4578 912 4651 solvitur
939 4578 1072 4651 decima
1099 4576 1326 4669 manipularis
1352 4596 1417 4666 pro
1443 4575 1592 4648 ecclesia
1622 4574 1813 4666 parochiali

261 4701 297 4770 in
324 4699 566 4790 Szanyecz.
610 4701 696 4772 Item
724 4707 780 4772 est
793 4701 855 4773 -ibi
883 4720 989 4773 unum
1024 4698 1259 4787 molendinum
1294 4699 1427 4771 habens
1454 4718 1577 4788 amos,
1612 4697 1655 4769 de
1687 4697 1813 4788 quibua

261 4820 408 4891 solvitur
434 4819 567 4894 decima
595 4820 820 4911 manipularis
847 4820 1014 4893 ecdesiae
1040 4822 1077 4892 in
1103 4819 1347 4913 Szanyeoz.

264 5014 781 5155 Decimaemanipularea
814 5052 1061 5131 monasterii
1093 5048 1149 5129 de
1174 4986 1343 5152 dinque,
1375 5046 1558 5137 donatae
1588 5045 1644 5161 da
1666 5066 1812 5127 manta
1893 5030 1897 5039 ’

263 5190 493 5294 episcopali
527 5195 577 5270 et
602 5211 817 5269 consensu
850 5186 1021 5292 oapltull
1054 5186 1197 5267 eldam
1222 5187 1499 5286 monumento,
1531 5206 1611 5290 per
1641 5182 1812 5264 ivonem

480 5327 815 5410 cracoviensem
847 5329 1111 5432 episcopum,
1144 5347 1255 5407 anno
1289 5324 1469 5406 Domini·
1488 5321 1596 5404 raro.

366 5551 601 5638 Donszrcza,
641 5547 806 5639 oppidum
833 5550 966 5622 habens
993 5549 1029 5621 in
1057 5570 1095 5622 sc
1121 5547 1302 5621 ecclesiam
1338 5544 1570 5636 parochialem
1607 5541 1726 5614 Sancti
1752 5539 1814 5614 Jo-

262 5674 387 5746 hannis
415 5673 605 5763 Baptistae,
631 5678 819 5760 muratam,
860 5650 958 5743 cuius
984 5671 1181 5760 proprietas
1208 5674 1244 5739 et
1270 5666 1458 5740 domimum
1486 5664 1530 5747 ad
1556 5663 1814 5771 serenissimum

262 5795 427 5867 Poloniae
454 5815 570 5885 regern
606 5794 768 5884 pertinet.
814 5793 854 5863 ln
880 5815 949 5884 quo
976 5797 1059 5864 sunt
1093 5791 1240 5882 triginta
1274 5811 1334 5862 sex
1361 5786 1452 5860 lanei
1488 5785 1751 5893 oppidanorum,
1778 5791 1814 5855 et

262 5918 305 5988 de
334 5917 492 5988 omnibus
519 5916 667 5988 solvitur
693 5922 729 5987 et
756 5893 960 5987 conducitur
995 5913 1130 5985 decima
1155 5910 1381 6002 manipularis
1408 5931 1482 5999 pro·
1498 5906 1709 5987 monasterio
1739 5904 1814 5977 Mo·
1874 5968 1883 5976 .

262 6039 395 6127 gilensi,
423 6043 461 6110 et
486 6038 585 6110 valor
611 6036 686 6110 eius
712 6037 930 6109 aestimatur.
945 6035 988 6123 ad
1017 6034 1250 6127 quadraginta
1276 6052 1423 6119 marcas,
1451 6027 1636 6120 aliquando
1653 6026 1697 6097 ad
1717 6025 1817 6117 quiu-

264 6159 440 6250 quaginta.
467 6160 555 6231 item
583 6159 761 6249 praedium
789 6164 845 6231 est
870 6156 918 6229 ibi
947 6156 1100 6247 regium,
1138 6155 1182 6228 dc
1209 6154 1307 6225 cuius
1333 6153 1430 6244 agris
1455 6147 1818 6237 noviter-extirpatis,

264 6281 413 6352 solvitur
447 6281 580 6352 decima
608 6280 781 6353 ecclesiae
816 6281 851 6350 in
878 6279 1191 6369 Dobsclryone.
1235 6275 1323 6347 ltem
1353 6279 1437 6347 suut
1461 6271 1511 6385 ibi
1538 6268 1644 6361 aliqui
1665 6269 1747 6359 agri
1777 6268 1818 6341 ia

262 6404 448 6491 montibus,
476 6403 520 6474 de
548 6402 673 6492 quibus
699 6400 866 6473 decimam
899 6400 1049 6492 percipit
1074 6378 1324 6490 manipularem
1350 6389 1817 6487 praenarrauracovimsu
1882 6430 1887 6437 ·

367 6571 576 6613 artemonem.
1487 6570 1493 6577 ·
1612 6542 1650 6589 55
