4217 8059
1746 1527 1816 1597 187
1932 1546 1938 1565 ··

273 1725 519 1795 monasterinm
547 1724 773 1797 Thinoziense
799 1727 961 1816 pertinet.
988 1727 1027 1797 ln
1055 1747 1124 1816 qua
1151 1735 1232 1799 sunt
1261 1728 1383 1818 viginti
1410 1725 1502 1800 ldnei
1520 1730 1764 1819 omethonales,
1782 1738 1818 1802 et

174 1838 185 1847 ’
274 1845 419 1933 quilibet
446 1845 550 1916 solvit
586 1866 649 1934 pro
677 1865 779 1917 censu
807 1846 955 1918 mediam
991 1867 1140 1918 marcam
1176 1849 1323 1919 latorum
1359 1868 1561 1937 grossorum
1585 1847 1822 1939 Progensium,

274 1966 356 2034 item
392 1985 458 2035 ova
495 1965 689 2056 duodecim,
716 1967 798 2037 item
833 1967 944 2056 gallos
971 1973 1137 2056 quatuor,
1165 1969 1246 2039 item
1274 1989 1392 2040 caseos
1419 1969 1523 2059 duos,
1552 1971 1634 2040 item
1661 1970 1821 2042 laborant

273 2083 431 2179 barzyap
458 2086 493 2155 in
521 2084 746 2176 Pyekary,
770 2093 807 2157 et
833 2094 997 2158 tenentur
1014 2108 1124 2178 arare,
1143 2090 1332 2178 seminare„
1342 2094 1482 2178 metere,
1501 2088 1711 2178 conducere;
1738 2090 1820 2161 item

267 2203 452 2298 pomulam
477 2206 638 2277 laborare
665 2226 732 2277 non
758 2212 941 2295 tenentur3
968 2209 1051 2279 itern
1078 2230 1215 2302 oaozyep
1242 2210 1380 2279 solvunt
1398 2208 1486 2280 duas
1504 2229 1684 2281 mensuras
1704 2211 1822 2298 tritici,

273 2324 359 2396 duas
385 2325 542 2416 siliginis,
568 2325 655 2397 duas
681 2347 819 2399 avenae.
846 2328 934 2399 item
960 2329 1108 2399 taberna
1133 2349 1203 2398 una
1230 2330 1361 2400 babens
1388 2350 1501 2419 agnon,
1529 2336 1566 2400 et
1592 2331 1697 2402 solvit
1718 2330 1819 2421 quio-

275 2467 341 2535 que
369 2467 519 2536 marcas,
547 2447 658 2518 altera
685 2449 816 2519 habens
843 2468 946 2538 agros
973 2448 1078 2520 solvit
1104 2448 1190 2519 duas
1217 2469 1370 2537 maroam
1396 2451 1479 2520 item
1507 2451 1727 2521 hortulaniae
1753 2472 1820 2522 non

275 2563 364 2657 sunt,
391 2569 473 2638 item
500 2568 679 2658 praedium
706 2557 906 2641 coenobiale
933 2591 1001 2640 non
1028 2575 1091 2640 est.
1117 2570 1205 2641 Item
1224 2590 1342 2642 omnes
1359 2573 1435 2661 agri
1453 2571 1556 2642 villae
1573 2572 1714 2643 solvunt
1732 2571 1824 2643 deoi-

274 2706 362 2759 mam
390 2689 639 2778 manipularem
666 2695 703 2760 et
728 2690 937 2779 canapalem,
964 2697 1000 2761 et
1014 2691 1223 2761 conducunt
1242 2711 1317 2761 eam
1336 2712 1483 2780 manum
1503 2692 1627 2782 dando,
1645 2693 1689 2763 de
1706 2693 1823 2763 tritico

275 2809 360 2879 duas
386 2829 564 2880 mensuras
591 2810 718 2898 tritici,
745 2810 831 2881 duas
858 2830 1004 2900 avenae,
1031 2810 1119 2882 duas
1145 2811 1301 2900 siliginis.
1329 2812 1417 2883 Item
1442 2813 1589 2901 triginta
1614 2814 1823 2902 ometbonoa,

276 2935 312 2999 et
339 2929 485 3018 quilibet
512 2930 572 3000 dat
598 2949 661 3018 pro
689 2936 832 3019 pastura
858 2932 893 3001 in
921 2931 1015 3020 agris
1041 2930 1259 3021 Przelogi
1285 2931 1374 3003 duos
1400 2932 1525 3002 choros
1552 2951 1692 3004 avenae.
1734 2911 1821 3003 itam

275 3070 338 3138 pro
365 3050 512 3140 plebano
540 3050 575 3120 in
603 3051 783 3141 Lyszky
810 3073 948 3146 oosayep
974 3051 1124 3141 solvunt,
1152 3073 1255 3122 onam
1283 3071 1477 3124 mensuram
1495 3052 1643 3141 siliginis
1660 3062 1698 3124 et
1716 3071 1819 3124 unam

275 3190 413 3252 avenae.
440 3170 526 3241 ltem
554 3169 700 3259 siugulis
726 3171 826 3241 annis
853 3172 992 3243 solvunt
1018 3192 1156 3243 vaccam
1185 3192 1249 3261 pro
1276 3174 1493 3262 monasterio
1511 3181 1548 3243 et
1565 3189 1742 3266 oprowom
1756 3193 1822 3262 per

275 3291 425 3375 medium
451 3312 609 3381 grossum
649 3312 713 3381 pro
748 3292 861 3363 tribus
887 3292 1023 3363 indiciis
1051 3294 1195 3382 magnis.
1230 3294 1318 3364 ltem
1344 3299 1427 3369 sunt
1452 3293 1502 3363 ibi
1527 3298 1602 3363 tres
1627 3293 1719 3364 lanei
1746 3313 1823 3364 curn

273 3396 391 3495 madio
414 3411 660 3501 advocatiales,
688 3418 723 3482 et
749 3412 896 3501 quilibet
912 3413 974 3482 dat
1000 3414 1087 3484 duas
1113 3433 1292 3485 mensuras
1319 3433 1448 3484 avenae
1474 3420 1511 3483 et
1537 3433 1640 3484 unam
1667 3413 1823 3503 siliginis,
1876 3415 1886 3427 “

275 3514 565 3627 mootouoottos.
592 3531 753 3603 Continet
781 3554 857 3603 cum
885 3531 1123 3623 Przegina,
1150 3533 1316 3623 Ribna,
1343 3532 1824 3622 cuulow,ozu,lowek,

275 3646 521 3744 nynzu'pm
547 3651 756 3745 Mnikow.
1658 3674 1666 3687 ·

296 3774 298 3783 '
355 3766 536 3845 ’drenow
561 3771 715 3861 Mnoun,
742 3772 825 3843 villa
850 3773 915 3844 snb
941 3774 1107 3864 parocbia
1132 3772 1176 3844 de
1202 3771 1362 3862 Rybna
1386 3773 1473 3861 sita,
1499 3774 1597 3844 ouius
1624 3774 1841 3864 proprietas·

275 3891 319 3962 ad
353 3874 602 3962 monasterium
638 3891 864 3963 Thincziense
881 3886 1059 3982 pertinet.
1100 3894 1140 3964 ln
1167 3912 1235 3982 qua
1260 3899 1342 3964 sunt
1368 3893 1540 3964 sexdecim
1568 3893 1661 3964 lanei
1686 3901 1723 3963 et
1749 3898 1822 3964 tres

276 4017 430 4102 quartae,
456 4018 492 4081 et
518 4012 666 4102 quilibet
691 4032 755 4102 pro
774 4033 878 4083 censu
898 4012 1002 4084 solvit
1019 4019 1150 4084 scottos
1168 4018 1257 4103 octo,
1275 4013 1358 4084 item
1377 4033 1443 4084 ova
1461 4013 1593 4102 viginti,
1612 4014 1696 4084 itern
1713 4012 1824 4102 gallos
1844 4006 1853 4019 '

277 4133 446 4222 quinque,
473 4133 556 4202 item
588 4153 709 4203 caseos
743 4132 850 4221 duos,
877 4135 959 4204 item
987 4132 1150 4204 laborant
1184 4133 1272 4204 duos
1298 4132 1374 4203 dies
1402 4135 1435 4204 in
1464 4134 1657 4222 septimana
1683 4134 1831 4223 proprio

277 4272 382 4322 curru
408 4258 469 4322 aut
494 4258 631 4340 aratro,
659 4253 741 4324 item
766 4251 945 4346 powobumv
975 4258 1141 4324 tenentur
1175 4253 1289 4323 lacere
1325 4259 1361 4323 et
1395 4253 1552 4342 explere,
1579 4260 1636 4324 ter
1662 4254 1697 4322 in
1724 4272 1825 4342 anno,

268 4373 388 4443 ‘solum
423 4373 467 4442 ad
504 4373 624 4444 boram
660 4372 816 4462 prandii3
851 4374 933 4443 item
968 4395 1106 4467 ooezyep
1141 4394 1210 4443 non
1236 4373 1392 4460 solvunt,
1418 4373 1502 4442 itam
1527 4372 1696 4443 tabernae
1734 4355 1826 4444 duae
1926 4351 1929 4356 ’

278 4493 445 4563 habentes
471 4514 584 4582 agros,
611 4513 681 4564 una
707 4494 812 4564 solvit
838 4493 925 4564 duos
951 4493 1113 4582 fertones,
1140 4493 1253 4564 altera
1278 4493 1370 4580 duas,
1392 4512 1535 4583 marcas,
1564 4493 1645 4564 item
1669 4492 1826 4564 hortula-

279 4615 357 4684 niae
384 4614 543 4704 quinque,
571 4614 746 4705 quaelibet
772 4615 877 4686 solvit
902 4621 1050 4704 quatuor
1076 4633 1217 4703 grossos
1237 4618 1280 4683 et
1297 4613 1412 4684 decem
1431 4633 1515 4701 ova3
1546 4614 1627 4683 item
1647 4613 1825 4702 praedium

279 4735 477 4807 coenobiale
503 4740 558 4805 est
584 4735 650 4824 ibi,
678 4736 721 4806 de
749 4736 848 4806 cuius
884 4735 978 4825 agris
1004 4733 1250 4805 monasterium
1279 4732 1503 4804 Thincziense
1529 4732 1623 4805 tollit
1649 4733 1826 4829 decimam.

279 4855 365 4926 Item
378 4837 380 4840 ⁵
393 4877 511 4926 omnes
538 4857 613 4946 ag'ri
640 4855 743 4927 villae
770 4857 910 4926 solvunt
934 4855 1103 4926 decimam
1130 4855 1378 4944 manipularem
1404 4860 1442 4925 et
1460 4853 1669 4943 canapalem,
1687 4859 1724 4924 et
1742 4873 1823 4934 oon-

282 4977 412 5054 ducunt
447 4997 522 5047 eam
558 4998 622 5067 pro
658 4976 867 5048 monasterio
895 4975 1131 5065 Thincziensi,
1158 4981 1194 5046 et
1220 4975 1316 5047 valor
1342 4977 1418 5046 eius
1444 4976 1648 5046 aestimator
1678 4974 1723 5045 ad
1749 4979 1828 5046 ooto

279 5117 424 5185 marcas,
450 5097 635 5187 aliquando
662 5098 707 5168 ad
735 5097 925 5168 duodecim.
951 5096 1112 5168 Gonfimt
1137 5117 1214 5181 com
1241 5096 1407 5184 Ribna,
1433 5095 1695 5186 (laalowek,
1720 5088 1828 5166 Kas-

281 5237 408 5306 szow,
433 5217 641 5308 Mnikow,
668 5218 904 5289 Szosznka
930 5224 968 5288 et
993 5217 1280 5289 Morawicza.

385 5338 592 5409 Caunowau
619 5338 763 5428 Pnavn,
792 5338 873 5410 villa
898 5339 963 5410 sub
989 5338 1156 5430 parocbia
1174 5337 1219 5409 de
1235 5337 1395 5428 Rybna
1421 5337 1497 5426 sita,
1515 5336 1612 5409 cuias
1630 5336 1828 5425 proprietas

280 5458 324 5529 ad
352 5460 595 5530 monasterium
623 5458 848 5530 Thinoziense
874 5460 1035 5550 pertinet
1062 5460 1102 5530 In
1130 5477 1197 5549 qua
1223 5466 1305 5529 sunt
1331 5463 1463 5547 septem
1481 5454 1572 5527 lanei
1590 5456 1823 5526 cmetbonales

281 5586 317 5650 et
353 5587 503 5669 quatuor
538 5599 614 5649 cum
650 5581 764 5651 media
801 5581 936 5669 virgae,
963 5585 999 5650 et
1033 5579 1180 5669 quilibet
1214 5579 1319 5649 solvit
1354 5597 1419 5666 pro
1453 5597 1557 5647 censu
1593 5581 1670 5648 octo
1697 5581 1828 5647 scottos

282 5718 487 5791 communes,
515 5707 574 5771 aut
600 5722 661 5773 ser
688 5701 838 5772 latorum
865 5705 1005 5788 scottos,
1032 5700 1115 5771 item
1142 5718 1209 5770 ova
1230 5698 1420 5784 duodecim,
1439 5698 1521 5767 item
1539 5696 1651 5784 gallos
1669 5682 1828 5785 quinque,

142 5857 147 5865 ,
282 5821 364 5889 item
401 5839 520 5891 caseos
559 5823 663 5910 duos,
691 5823 773 5892 item
807 5821 967 5891 laborant
996 5816 1163 5915 izorzyoi,
1190 5825 1226 5890 et
1250 5824 1414 5889 tenentur
1440 5837 1504 5907 pro
1531 5837 1613 5888 vere
1641 5823 1678 5887 et
1704 5817 1826 5905 hyeme

282 5958 401 6028 arare,
428 5941 617 6031 seminare,
644 5948 772 6013 metere
808 5947 844 6012 et
878 5940 1091 6029 conducere,
1118 5941 1199 6009 item
1221 5936 1405 6032 powodam
1431 5938 1592 6009 laborant
1618 5943 1654 6007 et
1680 5935 1829 6024 explent,
1968 6025 1986 6032 „

283 6059 343 6128 sed
380 6058 483 6130 datur
518 6060 569 6131 eis
591 6062 769 6131 'comestio
804 6065 840 6130 et
875 6066 998 6149 potus;
1034 6061 1117 6130 item
1144 6080 1208 6149 pro
1234 6081 1372 6154 ooozyep
1398 6059 1539 6130 solvunt
1564 6079 1625 6128 sex
1654 6075 1832 6126 mensuras

283 6199 423 6268 avenae,
450 6181 533 6251 item
560 6181 709 6252 taberna
734 6200 803 6251 una
828 6180 961 6251 habens
979 6199 1091 6268 agros,
1110 6185 1147 6250 et
1164 6180 1270 6250 soluit
1287 6199 1390 6250 unam
1409 6198 1616 6267 sexagenam
1634 6198 1698 6267 pro
1717 6195 1831 6264 censu,

283 6299 366 6369 item
394 6300 612 6372 hortulaniae
639 6322 708 6372 non
735 6307 827 6390 sunt,
854 6302 936 6372 item
962 6299 1144 6391 praedium
1171 6299 1371 6371 coenobiale
1397 6319 1465 6368 non
1493 6304 1547 6368 est
1573 6299 1608 6368 in
1634 6297 1716 6368 villa
1734 6317 1833 6386 prae-

284 6419 385 6490 dicta.
427 6420 513 6490 item
547 6442 665 6505 omnes
700 6421 777 6510 agri
804 6421 907 6492 uillae
943 6420 1084 6493 solvunt
1110 6419 1275 6490 decimam
1303 6420 1339 6489 in
1365 6438 1474 6507 grano
1502 6417 1770 6508 manipularem,
1795 6422 1833 6488 et
1897 6498 1903 6508 .
