4217 8059
2039 1492 2340 1625 *
3088 1502 3095 1509 “
3505 1494 3650 1564 431

1407 1582 1466 1639 .-
1603 1610 1612 1619 ·
2012 1605 2040 1639 Δ
2201 1617 2245 1638 -

535 1776 540 1782 ,
761 1701 1487 1790 Wrx'rnonowrczn,
1548 1701 1713 1773 villa
1777 1698 1905 1774 sub
1957 1698 2287 1794 parochia
2342 1699 2426 1774 de
2482 1700 3283 1772 Racziborowicze
3339 1700 3488 1790 sita,
3543 1721 3659 1773 cu-

551 1825 686 1894 ius-
714 1823 1111 1913 proprietas
1167 1820 1255 1894 ad
1314 1823 1813 1896 monasterium
1869 1825 1953 1894 de
2009 1822 2085 1894 M
2109 1846 2146 1894 n
2166 1846 2210 1912 g
2234 1826 2254 1890 i
2278 1826 2294 1890 1
2322 1846 2358 1890 a
2414 1823 2732 1912 pertinet.
2786 1821 2865 1893 ln
2922 1842 3058 1912 qua
3110 1842 3284 1893 unus
3336 1827 3447 1893 est
3478 1842 3658 1895 eme-

480 1936 490 1941 ’
553 1945 675 2015 tho
732 1945 1003 2015 laneum
1059 1945 1346 2034 habenS,
1400 1949 1472 2015 et
1527 1942 1741 2016 solvit
1796 1965 2000 2017 unam
2054 1964 2397 2033 marcam,
2452 1944 2615 2015 item
2671 1966 2797 2015 ova
2856 1943 3168 2033 triginta,
3220 1943 3385 2014 item
3440 1943 3659 2032 gallos

554 2065 748 2154 duoS,
805 2067 969 2136 item
1009 2087 1247 2138 caseos
1281 2065 1478 2153 duos3
1533 2066 1698 2136 item
1753 2066 2027 2137 laborat
2064 2087 2273 2163 unum
2331 2065 2509 2138 diem
2560 2067 2628 2136 in
2668 2066 3074 2155 septimana,
3128 2065 3412 2154 proprio
3451 2085 3660 2136 curru

424 2264 434 2274 ‚
555 2193 688 2258 aut·
729 2192 968 2258 aratro
1022 2188 1185 2258 item
1220 2184 1591 2281 powabam
1646 2187 1939 2276 laborat3
1992 2188 2156 2258 item
2197 2210 2471 2283 oaazyep
2527 2188 2750 2274 solvit,
2808 2186 2981 2257 duas
3037 2186 3334 2276 siliginis
3387 2206 3660 2256 mensu-

553 2328 669 2377 ras
724 2314 794 2377 et
847 2328 1052 2380 unam
1115 2327 1406 2401 avenae.
1496 2307 1670 2379 Item
1748 2308 2041 2379 taberna
2093 2328 2266 2397 una,
2339 2329 2515 2398 quae
2587 2307 2792 2379 solvit
2831 2371 2843 2381 .,
2866 2306 3040 2378 duas
3112 2327 3399 2378 marcas.
3486 2306 3660 2377 Item

560 2427 933 2499 hortulani.
1023 2427 1196 2499 Item
1268 2429 1628 2517 praedium
1684 2428 2076 2501 coenobiale
2099 2484 2116 2518 ,
2186 2428 2273 2500 de
2328 2429 2521 2501 cuius
2576 2428 2762 2519 agris
2816 2429 3309 2503 monasterium
3364 2427 3660 2518 percipit

554 2548 906 2638 decimam,
935 2555 1033 2620 ·et
1085 2547 1255 2620 nulli
1311 2548 1536 2620 solvit.
1590 2549 1766 2621 Item
1823 2550 2287 2622 molendinum
2340 2570 2478 2621 non
2533 2557 2659 2621 est.
2732 2549 2903 2621 Item
2959 2550 3044 2621 de
3099 2549 3416 2622 omnibus
3470 2549 3658 2638 agris

558 2670 762 2742 villae
815 2670 1111 2743 solvitur
1163 2675 1235 2742 et
1287 2670 1698 2743 conducitur
1752 2671 2015 2744 decima
2069 2672 2518 2762 manipularis
2573 2679 2644 2744 et.
2699 2671 3083 2761 canapalis,
3154 2692 3282 2760 pro
3335 2670 3663 2743 ecclesiae

555 2776 1033 2865 Cracoviensis
1087 2794 1508 2883 episcopatu,
1591 2799 1662 2864 et
1714 2794 1909 2866 valor
1963 2795 2110 2866 eius
2184 2795 2592 2867 aestimatur
2646 2793 2733 2865 ad
2789 2799 3053 2884 septem
3108 2813 3393 2865 marcas.
3482 2790 3660 2878 001»-

548 2914 719 2985 finat
786 2936 940 2986 cum
995 2914 1824 2987 Racziborowicze.
1878 2915 2067 2988 Haec
2121 2915 2286 2988 villa
2346 2937 2473 3005 pro
2527 2915 2950 2987 monasterio
3003 2913 3374 3004 Mogilensi
3409 2919 3645 3004 empta

563 3042 671 3107 est
706 3058 832 3126 per
866 3037 1147 3107 Petrum
1206 3038 1370 3127 Lip
1397 3037 1442 3106 k
1465 3059 1504 3106 o
1561 3037 1645 3107 de
1701 3036 1811 3108 Cr
1838 3039 2169 3109 acovia
2221 3038 2564 3127 abbatem,
2601 3058 2729 3126 pro
2766 3036 3096 3109 trecentis
3133 3035 3400 3108 marcis.

764 3156 1287 3248 DAMssRowKA,
1341 3159 1509 3229 villa
1544 3160 1673 3231 sub
1710 3159 2041 3248 parochia
2085 3158 2415 3230 ecclesiae
2469 3158 2555 3229 de
2580 3212 2587 3229 .
2610 3158 2669 3228 Β
2690 3158 2851 3250 yth
2876 3179 3004 3229 om
3059 3157 3212 3247 sita,
3266 3157 3460 3230 cuius
3498 3179 3658 3249 pro-

554 3282 815 3370 prietas
871 3280 958 3350 ad
1013 3281 1508 3352 monasterium
1563 3280 1953 3373 Mogilense
1975 3374 1984 3379 -
2010 3282 2331 3371 pertinet.
2400 3280 2481 3351 In
2540 3301 2674 3371 qua
2727 3288 2890 3351 sunt
2942 3279 3125 3352 lanei
3179 3280 3661 3370 emethonales,

557 3409 630 3472 et
681 3401 973 3492 quilibet
1027 3403 1231 3473 solvit
1287 3423 1413 3493 pro
1470 3422 1683 3474 censu
1720 3457 1947 3493 .....
2004 3404 2168 3475 item
2226 3423 2377 3490 ova,
2430 3402 2597 3474 item
2649 3400 2892 3492 gallos,
2945 3401 3111 3473 item
3168 3422 3444 3491 caseos3
3494 3402 3662 3474 item

551 3523 773 3612 labor,
828 3523 992 3593 item
1035 3522 1350 3616 powaba,
1405 3525 1570 3595 item
1628 3516 1902 3619 o'sazyep
1922 3579 1939 3614 ,
1994 3525 2161 3595 item
2214 3512 2542 3613 taberna,
2597 3523 2762 3594 item
2814 3523 3186 3614 hortulani,
3232 3523 3405 3596 item
3460 3542 3662 3620 prae-

556 3643 763 3732 dium,
817 3644 984 3715 item
1039 3644 1523 3716 molendinum.
1577 3645 1756 3717 Item
1811 3645 1900 3717 de
1956 3644 2272 3716 omnibus
2326 3644 2515 3737 agris
2569 3644 2776 3716 villae
2833 3644 3169 3718 solvitur.
3206 3698 3222 3715 .
3259 3699 3273 3714 .
3312 3699 3326 3714 .
3365 3680 3433 3715 .·.
3486 3644 3658 3716 Item

555 3765 873 3837 scoltetia
925 3765 1058 3837 fuit
1112 3766 1184 3836 in
1238 3765 1475 3838 eadem
1533 3765 1718 3857 villa,
1775 3766 1897 3838 sed
1950 3786 2078 3856 per
2132 3766 2624 3839 monasterium
2661 3765 3052 3856 Mogilense
3108 3771 3341 3855 empta
3393 3768 3499 3837 est
3533 3787 3661 3855 pro

555 3893 828 3958 centum
882 3893 957 3958 et
1009 3887 1243 3959 decem
1292 3889 1559 3960 marcis,
1611 3880 1928 3961 Bi'terra
1981 3886 2459 3961 Bithomiensi.
2512 3887 2857 3969 Medietas
2910 3886 3117 3961 huius
3169 3886 3378 3960 villae
3429 3894 3664 3978 empta

554 4012 662 4077 est
712 4028 838 4097 per
893 4008 948 4078 T
969 4007 1015 4079 h
1038 4028 1315 4079 emam
1369 4010 1695 4082 abbatem
1733 4008 2214 4100 Mogilensem,
2267 4029 2393 4099 pro
2448 4013 2719 4081 centum
2759 4007 3007 4099 viginti
3059 4008 3309 4087 marcis
3362 4009 3661 4081 latorum

552 4149 984 4218 grossorum,
1044 4133 1117 4199 et
1169 4129 1506 4203 medietas
1580 4131 1836 4203 donata
1901 4129 2326 4203 monasterie
2399 4130 2469 4200 in
2524 4130 3047 4220 eleemosynam.
3137 4126 3455 4202 Gonfinat
3509 4150 3663 4201 cum

769 4371 1163 4444 CnAcovm
1222 4373 1433 4446 urba.
1488 4375 1568 4446 In
1623 4374 1911 4447 civitate
1965 4371 2408 4446 cracoviensi
2460 4373 2675 4445 habet
2728 4371 3221 4444 monasterium
3275 4371 3662 4462 Mogilenae

554 4494 905 4583 propriam
980 4493 1241 4565 curiam
1313 4495 1526 4567 latam
1546 4551 1562 4584 ,
1637 4502 1710 4568 et
1759 4496 2118 4586 propriam
2189 4492 2467 4567 domum
2539 4493 2918 4585 lapideam,
2991 4492 3279 4566 liberam
3332 4493 3420 4566 ab
3475 4494 3662 4577 omni

556 4634 764 4685 censu
820 4614 1041 4703 civili,
1096 4614 1320 4704 datia,
1391 4617 1751 4689 exactione
1807 4624 1878 4689 et
1911 4616 2216 4705 tributo,
2271 4635 2486 4706 prope
2542 4614 2890 4705 hospitale
2943 4613 3031 4687 de
3084 4613 3351 4705 Spiritu
3404 4613 3661 4689 Sancte

555 4735 780 4807 sitam.

653 4890 658 4894 ·
765 4856 1153 4945 BoanYA,
1210 4858 1535 4948 oppidum
1590 4859 2059 4949 parochialem
2114 4858 2475 4933 ecclesiam
2526 4857 2791 4931 babens
2838 4858 2912 4930 in
2950 4879 3043 4948 se,
3098 4859 3292 4931 cuius
3345 4860 3661 4950 proprie-

552 4985 662 5050 tas
716 4986 788 5050 et
840 4978 1243 5050 dominium·
1289 4981 1376 5051 ad
1433 4981 1951 5054 serenissimum
1972 5057 1990 5069 ‚
2024 4980 2355 5055 Poloniae
2426 5000 2660 5072 regem
2732 4980 3072 5071 pertinet,
3143 4979 3217 5053 in
3268 5001 3405 5072 quo
3479 4981 3659 5054 sales

555 5100 993 5172 effodiuntur.
1048 5100 1221 5172 Item
1260 5101 1332 5171 in
1370 5101 1623 5193 oppido
1680 5101 1993 5192 praefato
2049 5090 2487 5193 Bochnya
2539 5102 2748 5176 babet
2801 5102 3295 5177 monasterium
3348 5102 3434 5175 de
3487 5100 3661 5177 Mo-

553 5223 745 5312 gila
771 5206 1101 5312 'quinque
1155 5223 1443 5295 macella
1497 5213 1892 5296 carnificum
1946 5229 2302 5314 perpetua.
2357 5224 2531 5296 Item
2568 5225 2780 5298 habet
2815 5224 3308 5299 monasterium
3361 5224 3450 5298 de
3486 5224 3565 5298 M
3585 5245 3658 5296 o-

552 5344 750 5431 gila
801 5343 946 5414 alia
995 5344 1132 5415 duo
1188 5340 1477 5420 macella
1530 5345 1924 5418 carnificum
1978 5345 2070 5418 in¹¹
2106 5345 2348 5418 eodem
2406 5344 2658 5437 oppido
2715 5345 3183 5438 Bochnya,
3236 5367 3362 5436 per
3415 5367 3658 5418 consu-

553 5466 653 5536 les
706 5470 777 5535 et
831 5466 1016 5536 cives
1071 5465 1297 5537 eidem
1353 5467 1773 5541 monasterio
1847 5467 2103 5541 donata
2155 5475 2229 5540 et
2282 5469 2492 5542 solvit
2529 5521 2863 5540 .......
2951 5468 3128 5541 Item
3182 5467 3394 5539 habet
3446 5488 3658 5540 unum

554 5586 852 5676 speciale
906 5585 1263 5659 macellum
1318 5589 1715 5662 carnificum
1769 5590 1841 5663 in
1897 5589 2140 5664 eodem
2195 5586 2489 5681 oppido,
2542 5610 2668 5680 per
2721 5588 3216 5662 monasterium
3270 5588 3658 5679 Mogilense

550 5708 844 5796 pecunia
898 5707 1162 5778 minuta
1213 5717 1685 5801 comparatum
1706 5766 1764 5800 ,.
1805 5710 1891 5787 de
1946 5733 2080 5801 quo
2137 5712 2502 5784 solvuntur
2557 5689 2981 5783 monasterio
3036 5711 3389 5783 annuatim
3431 5765 3659 5781 .....

549 5829 818 5918 lapides
872 5829 1038 5919 sepi.
1129 5828 1306 5901 Item
1377 5830 1591 5904 habet
1660 5833 2154 5905 monasterinm
2211 5833 2596 5923 Mogilense
2650 5831 2795 5906 duo·
2850 5832 2988 5906 alia
3042 5833 3332 5906 macella
3385 5831 3659 5905 carnifi-

551 5971 725 6040 cum,
780 5951 967 6024 ultra
1021 5954 1252 6024 omnia
1304 5954 1819 6044 suprascripta,
1872 5953 2131 6043 partim
2189 5954 2472 6027 vendita
2490 6010 2506 6043 ,
2560 5954 2814 6044 partim
2871 5955 3294 6028 monasterio
3350 5955 3422 6027 in
3476 5954 3658 6027 elee-

550 6093 906 6164 mosynam
963 6070 1306 6164 inscripta
1353 6083 1426 6147 et
1480 6075 1758 6166 donata,
1812 6076 2067 6167 partim
2123 6083 2373 6167 empta.
2426 6076 2601 6149 Item
2641 6077 2855 6150 habet
2907 6094 3185 6149 censum
3240 6072 3658 6168 septimana-

550 6194 684 6265 lem
759 6200 914 6266 octo
985 6217 1392 6285 grossorum
1443 6199 1513 6274 in
1567 6218 1795 6290 zuppa
1850 6197 2242 6271 Bochnensi
2296 6204 2369 6270 et
2420 6199 2790 6271 montibus.
2879 6199 3054 6270 Item
3109 6198 3324 6272 habet
3376 6200 3655 6272 hortum

551 6316 621 6385 in
675 6316 920 6388 eodem
977 6317 1233 6407 oppido
1288 6316 1701 6410 Boehnensi,
1756 6321 1873 6412 qui
1930 6320 2139 6395 solvit
2193 6341 2325 6410 pro
2378 6340 2589 6392 censu
2642 6341 2846 6394 unam
2903 6341 3243 6411 marcam,
3317 6323 3481 6393 item
3534 6340 3657 6398 sex

549 6458 833 6527 grossos
889 6438 1191 6511 latorum
1243 6459 1648 6529 grossorum
1701 6440 1916 6535 habet
1967 6442 2040 6514 in
2093 6440 2299 6515 domo
2334 6440 2560 6529 civili.
2712 6490 2726 6501 -
3474 6456 3483 6463 ‘
