4217 8059
1744 1516 1810 1587 lll
1914 1518 1917 1531 '

370 1712 624 1805 Taznczrus'z,
649 1716 787 1803 ‹lecinm¹
810 1719 1028 1808 monasterii,
1055 1718 1240 1789 aestimata
1266 1718 1310 1789 ad
1329 1718 1445 1789 decem
1465 1706 1609 1791 mareas.
1635 1766 1637 1771 -

367 1836 605 1927 menaeus,
639 1838 773 1909 decima
800 1839 1002 1910 monasterii
1021 1837 1333 1939 Ymramoriensis,
1360 1839 1546 1912 aestimma
1570 1839 1616 1913 ad
1634 1840 1814 1915 duodecim

266 1976 410 2029 marcas.

276 2110 283 2117 ·
369 2075 777 2168 Gcsuow,villasuh
811 2078 979 2171 parochia
1012 2079 1179 2151 ecclesiae
1215 2079 1572 2153 Ymramowieze
1608 2081 1692 2169 sita,
1719 2083 1832 2169 ouius¹
1943 2110 1946 2119 ·

264 2198 388 2270 haeres
414 2197 580 2271 Nicolaus
605 2199 1019 2293 Ghrzanstnwsky,
1045 2199 1216 2271 vexillifer
1245 2199 1484 2273 cracoviensis
1502 2202 1627 2274 nobilis
1654 2202 1816 2274 dedomo

264 2318 575 2412 Strzegomya.
613 2319 654 2392 In
682 2340 751 2410 qua
776 2326 858 2393 suut
884 2320 1010 2411 viginti
1039 2321 1132 2391 lanei
1158 2320 1410 2410 emethonales‚
1448 2321 1491 2394 de
1518 2322 1642 2413 quibus
1669 2324 1816 2395 soletur

264 2446 301 2511 et
327 2440 532 2511 conducitur
566 2440 700 2513 decima
730 2441 958 2532 manipularis
996 2461 1060 2531 pro
1088 2442 1232 2513 ecelesia
1267 2441 1456 2531 parochiali
1492 2442 1608 2513 Sancti
1637 2443 1816 2515 Benedicti

265 2560 577 2651 Ymramouiensis,
605 2567 641 2633 et
665 2563 765 2634 valor
796 2562 871 2634 eius
897 2563 1102 2634 aestimatur
1129 2562 1172 2633 ad
1200 2563 1322 2652 viginti
1350 2583 1493 2635 marcas.
1536 2564 1624 2634 Item
1651 2566 1816 2637 tabernae

265 2681 370 2771 duae,
405 2702 476 2753 uua
501 2683 640 2756 sculteti
675 2704 744 2755 non
771 2682 903 2755 habens
939 2703 1058 2773 agros,
1093 2683 1163 2754 alia
1188 2683 1369 2771 haeredis,
1405 2704 1493 2774 quae
1519 2684 1625 2755 solvit
1651 2686 1816 2756 decimam

263 2802 429 2874 ecclcsIae
465 2802 581 2875 Sancti
616 2803 806 2875 Benedicti.
857 2804 947 2874 Item
981 2804 1201 2876 hortulaniae
1242 2812 1391 2894 quatuor
1426 2806 1595 2877 habentes
1630 2827 1734 2896 agros
1771 2806 1815 2878 de

268 2924 431 3015 praedio,
457 2945 546 3016 quae
565 2924 704 2997 solvunt
729 2924 898 2996 decimam
914 2925 1164 3015 manipularem
1182 2925 1347 3023 ecclesiae
1365 2925 1483 2997 Sancti
1501 2926 1689 2999 Benedicti.
1729 2927 1818 2999 Item

267 3052 323 3117 est
349 3047 399 3118 ihi
425 3045 604 3136 praedium
631 3067 736 3117 unum
763 3046 932 3137 militare,
967 3046 1011 3119 de
1037 3046 1135 3117 ouius
1166 3045 1260 3137 agris
1287 3048 1392 3118 etiam
1419 3047 1523 3118 datur
1549 3048 1681 3120 decima
1708 3048 1818 3131 rnanlss

264 3167 397 3259 pulcris
421 3187 486 3258 pro
504 3167 650 3240 ecelesIa
674 3166 865 3258 parochiali
892 3166 1011 3239 Sancti
1038 3166 1220 3239 Benedicti
1248 3167 1533 3239 Ymramovieusi.
1572 3169 1660 3240 Item
1687 3168 1843 3241 sculte····
1952 3270 1956 3275 Ι
1989 3120 1991 3127 ¹

265 3289 319 3360 tia
343 3294 399 3360 est
425 3289 489 3379 ibt,
514 3288 648 3360 habens
673 3291 808 3360 tantum
837 3287 925 3359 duos
942 3288 1062 3359 laneos
1090 3307 1268 3377 agrorum,
1295 3288 1481 3377 dequibus
1500 3288 1656 3360 solvitur
1682 3288 1826 3361 decima

265 3409 454 3501 pecunialis
488 3409 655 3482 eeclesiae
688 3409 882 3499 parochiali
917 3407 1035 3480 Sancti
1063 3408 1243 3480 Benedicti
1278 3409 1314 3479 in
1344 3409 1716 3498 Ymramowicze;
1742 3406 1815 3483 lne-

265 3536 349 3601 runt
374 3536 490 3602 autem
525 3530 574 3603 ihi
601 3550 662 3602 sex
699 3530 791 3601 lanei
816 3529 1045 3620 scultetiales,
1082 3528 1142 3601 sed
1169 3529 1340 3619 redempti
1371 3535 1454 3601 sunt
1480 3549 1543 3620 per
1569 3529 1755 3620 haeredes,
1782 3534 1817 3601 ot

266 3650 406 3723 solvunt
430 3651 597 3723 decimam
624 3651 789 3722 ecclesiae
816 3648 849 3721 S.
876 3650 1067 3722 Benedicti.
1843 3630 1846 3645 '

370 3769 594 3861 Gorneas,
619 3771 704 3843 villa
729 3770 795 3843 suh
811 3771 978 3861 parochia
1004 3770 1171 3843 ecclesiae
1197 3769 1241 3841 de
1260 3768 1481 3841 Tsczicza
1507 3770 1585 3861 sita,
1611 3771 1708 3843 culus
1734 3771 1817 3842 hae·

265 3892 527 3966 rea-Johanues
553 3892 640 3964 ahoe
674 3892 760 3963 Ivan
787 3891 831 3963 de
856 3890 1084 3982 Ohyohow
1118 3891 1162 3963 de
1189 3892 1295 3963 armis
1329 3890 1514 3967 Zubrza
1547 3892 1694 3981 glowa
1730 3892 1817 3963 alias

269 4012 547 4105 Wyenyawa.
587 4013 627 4084 ln
655 4034 724 4104 qna
750 4018 832 4085 sunt
857 4012 948 4084 lanei
976 4012 1228 4099 emethonales‚
1263 4012 1307 4083 de
1335 4013 1460 4102 quibus
1487 4013 1645 4093 omnibus
1671 4012 1818 4084 solvitur

267 4141 306 4206 et
322 4134 527 4207 conducitur
553 4134 686 4205 decima
720 4134 946 4224 manipularis
980 4135 1192 4205 monasterio
1227 4133 1521 4223 Ymramoviensi,
1555 4141 1592 4206 et
1622 4133 1720 4205 valor
1745 4133 1819 4204 eins
1847 4200 1854 4215 ,
1879 4118 1892 4229 ,ζ
1913 4164 1945 4207 „·
1974 4116 1979 4121 ’
2004 4092 2021 4117 '¹

265 4256 470 4327 aestimatur
495 4254 539 4327 ad
566 4254 692 4345 viginti
717 4274 870 4343 marcas,
896 4254 979 4327 item
1006 4255 1154 4327 taberna
1174 4272 1250 4325 una
1276 4254 1409 4326 habens
1436 4274 1557 4345 agros,
1585 4255 1668 4325 item
1696 4254 1817 4325 hortu-
1881 4260 1927 4357 ἐξ,
1943 4272 1956 4295 ·-
2000 4274 2009 4287 -

266 4377 354 4468 lani,
389 4377 472 4447 item
508 4376 688 4466 praedium
721 4382 777 4447 ott
811 4376 951 4447 unicum
978 4374 1147 4465 militare,
1174 4374 1217 4447 de
1253 4375 1350 4448 euius
1387 4376 1481 4465 angs
1512 4375 1659 4447 solvitur
1686 4370 1818 4447 decima
1909 4432 1924 4453 ,.

420 4518 493 4570 ans
511 4549 732 4567 .........

301 4496 658 4709 mpglmesrarsru,
675 4616 759 4691 villa
776 4618 841 4690 sub
859 4616 1025 4708 parochia
1041 4616 1086 4689 de
1104 4614 1410 4709 Gywanowieze
1428 4616 1518 4706 sila,
1535 4615 1634 4689 cuius
1651 4615 1818 4687 haeredes
1851 4610 1906 4721 (ζ
1917 4644 1957 4703 3³

266 4740 446 4813 Iohannes
472 4739 774 4831 Pyenyaszek
802 4737 1301 4811 dearmIsOdrowansch
1328 4743 1453 4809 et....
1480 4734 1847 4828 Zagcrzenslry.·''
1870 4716 1900 4747 '³

270 4862 311 4935 lu
332 4882 403 4953 qua
420 4869 502 4935 sunt
518 4862 610 4934 lanei
629 4860 876 4951 emethonales‚
896 4860 938 4932 de
957 4860 1082 4952 quibus
1101 4859 1229 4932 solutio
1247 4859 1400 4931 decimae
1416 4859 1643 4950 manipularis
1662 4865 1699 4930 et
1716 4878 1819 4930 oana-

266 4984 355 5074 palis
381 4972 572 5071 variatur3'
584 5002 664 5053 nam
682 4982 850 5055 medietas
866 4981 970 5055 villae
995 4980 1102 5054 solvit
1119 5001 1193 5052 earn
1220 5000 1285 5070 pro
1304 4980 1516 5053 monasterio
1535 4979 1820 5069 Ymramoviensi‚

265 5110 307 5175 et·
327 5105 425 5176 valor
459 5106 535 5177 eius
572 5104 778 5176 aestimatur
813 5100 859 5175 ad
886 5125 1015 5194 ...·..,
1050 5102 1220 5174 medietas
1256 5107 1372 5174 autem
1409 5101 1512 5173 villae
1549 5100 1655 5173 solvit
1681 5122 1757 5172 eam
1783 5106 1821 5173 et

264 5227 427 5299 conducit
453 5246 518 5316 pro
544 5225 693 5297 ecclesia·
716 5223 909 5315 parochiali
934 5224 971 5295 in
989 5206 1353 5316 Gyuanoni'cze,
1373 5220 1415 5294 'et
1432 5222 1531 5296 valor
1556 5222 1632 5296 eius
1658 5223 1821 5295 aestima·
1933 5268 1940 5291 r

265 5356 325 5420 tur
345 5348 395 5419 -ad
423 5400 563 5418 ......
603 5347 690 5417 ltem
724 5346 892 5439 tabernae
919 5366 989 5417 non
1015 5350 1116 5435 sunt,
1147 5345 1231 5415 item
1257 5343 1477 5417 hortulaniae
1503 5363 1572 5416 non
1599 5347 1690 5417 sunt
1731 5343 1819 5415 Item

265 5470 445 5561 praedium
473 5490 543 5542 non
570 5474 633 5557 est,
660 5468 744 5540 item
770 5467 1007 5555 molendInnm
1030 5486 1101 5539 non
1127 5472 1190 5537 est.

372 5591 609 5680 Tusczrczu,
636 5589 721 5661 villa
744 5590 978 5681 parochialem
1006 5587 1185 5661 ecclesiam
1213 5587 1345 5660 hahens
1372 5588 1408 5658 in
1435 5606 1473 5659 se
1499 5590 1669 5658 muratam
1697 5584 1822 5677 lapide,

265 5714 362 5786 cuius
381 5710 578 5785 medietatis
596 5712 720 5783 haeres
736 5709 915 5783 Iohannes
937 5709 1195 5801 Denowslry
1221 5707 1385 5782 dedomo
1412 5707 1638 5781 Zamhrza
1663 5708 1819 5799 glosa,

267 5841 304 5907 et
330 5834 402 5905 lilia
426 5833 598 5907 Iohannis
624 5832 879 5923 Baliezsky
906 5831 1077 5904 dedomo
1106 5831 1415 5923 Bippeuninm
1442 5830 1587 5901 alterius
1613 5827 1819 5901 medietatis.
1868 5828 1879 5839 ”

266 5956 305 6026 ln
324 5976 393 6046 qua
419 5963 501 6028 sunt
526 5954 616 6027 lanei
643 5932 895 6043 emethonales‚
922 5958 960 6026 et
977 5951 1020 6025 de
1038 5952 1198 6025 omnibus
1226 5951 1375 6024 solvitur
1402 5956 1438 6024 et
1456 5950 1661 6023 conducitur
1687 5948 1820 6021 dechna

265 6077 491 6169 manipularis
518 6082 555 6148 et
581 6074 757 6167 canapalis
781 6094 847 6165 pro
873 6073 1085 6145 monasterio
1113 6075 1148 6144 in
1175 6073 1542 6162 Ymramowieze,
1568 6077 1604 6143 et
1621 6070 1719 6143 valor
1746 6070 1820 6143 eius
1881 6158 1884 6167 Ι

138 6226 143 6233 ·
267 6199 472 6271 aestimatur
499 6198 543 6269 ad
562 6197 711 6269 sedecim
737 6214 884 6269 marcas.
922 6194 1011 6267 Item
1028 6195 1196 6266 tahemae
1221 6199 1308 6283 tres,
1336 6215 1406 6265 una
1431 6190 1609 6281 haeredis,
1636 6191 1725 6264 dnae
1746 6189 1821 6283 ple·

265 6320 347 6393 harri
373 6321 542 6392 habentes
569 6340 687 6409 agros,
705 6325 750 6390 et
766 6318 880 6409 prima
906 6316 1012 6391 solvit
1039 6315 1188 6406 plebano
1309 6315 1398 6387 Item
1416 6313 1613 6402 hortulani,
1639 6314 1724 6387 Item
1750 6313 1819 6389 duo
1862 6396 1868 6405 ,

266 6442 411 6534 praedia
446 6441 629 6531 militaria,
665 6439 770 6513 etde
796 6432 978 6535 utir'usque
1015 6438 1110 6533 agris
1145 6436 1292 6512 solvitur
1326 6434 1462 6513 decima
1495 6436 1720 6529 manipularis
1755 6458 1819 6529 pro
