4217 8059
274 1484 350 1555 370

375 1690 671 1784 Murcaowroza
698 1682 839 1777 Mnuoa,
865 1660 934 1760 sub
957 1690 1122 1779 parochia
1149 1689 1312 1763 ecclesiae
1339 1691 1382 1760 do
1409 1690 1825 1785 Dzyetrzycbowy·

272 1834 348 1883 eze
375 1813 452 1899 sita,
480 1811 577 1882 cuius
602 1811 800 1900 proprietas
828 1810 872 1880 ad
900 1811 1147 1895 mormsterium
1167 1810 1471 1901 Andrzeyovienso
1498 1813 1660 1902 pertinet.
1691 1812 1732 1885 In
1759 1834 1829 1904 qna
1973 1896 1980 1906 ,

273 1939 463 2005 suntocto
486 1913 581 2003 ¹lanai
609 1931 862 2031 emethonales,
903 1931 1076 2022 solvitque
1103 1931 1248 2022 quilibet
1284 1954 1348 2023 pro
1384 1932 1497 2005 oensu'
1525 1932 1649 2024 viginti
1674 1956 1826 2026 grossos,

271 2055 356 2125 item
384 2074 451 2125 ονε
477 2050 633 2143 triginta,
658 2052 743 2123 item
770 2052 881 2142 gallos
909 2052 1005 2142 duos,
1033 2054 1116 2123 item
1135 2074 1254 2125 caseos
1274 2048 1378 2142 'dnoa3
1406 2054 1489 2125 item
1516 2053 1653 2127 laborat
1675 2054 1827 2146 quilibet

272 2171 411 2245 iratrrini
438 2195 502 2264 pra
520 2175 644 2265 hyeme
662 2178 698 2245 et
716 2172 798 2247 bere
817 2173 852 2243 iu
872 2173 1014 2263 praedio
1041 2174 1243 2263 coenobiali,
1271 2174 1353 2245 item
1371 2173 1559 2270 powobora
1586 2176 1670 2248 item
1688 2196 1826 2273 oaazyep

149 2290 152 2294 ’
272 2296 383 2368 solvit.
404 2295 567 2386 quilibet,
594 2294 637 2367 de
663 2295 765 2366 laneo
792 2295 880 2367 duas
907 2304 1038 2366 avenae
1065 2301 1102 2366 et
1128 2315 1231 2367 unam
1260 2294 1408 2385 siliginis
1435 2302 1615 2369 mensuras
1642 2296 1827 2388 confertam

122 2430 125 2437 ·
273 2419 357 2489 item
384 2415 532 2489 taberna
558 2436 628 2487 una
654 2417 786 2487 habens
813 2434 925 2505 agros,
953 2421 989 2486 et
1015 2416 1120 2487 solvit
1147 2411 1211 2505 pro
1229 2436 1335 2487 censu
1362 2416 1448 2489 duas
1475 2417 1667 2507 sexagenas
1686 2423 1722 2490 et
1740 2418 1828 2490 nibil

273 2539 421 2627 laborat
448 2538 532 2609 item
559 2535 779 2609 hortulaniae
807 2554 875 2612 non
903 2542 994 2626 sunt,
1021 2537 1104 2608 item
1121 2526 1310 2627 'praedium
1329 2537 1529 2610 coenobiale
1555 2558 1624 2610 non
1651 2544 1714 2630 eat,
1741 2540 1827 2612 item

273 2658 505 2731 molendinum
533 2680 602 2730 non
627 2663 692 2737 est.
719 2658 806 2729 Item
834 2678 953 2729 omnes
977 2659 1053 2747 agri
1081 2657 1183 2729 villae
1211 2659 1350 2731 solvunt
1376 2664 1412 2730 et
1438 2659 1633 2731 conducunt
1659 2658 1828 2733 decimam

272 2780 522 2871 manipularem
558 2786 595 2852 et
630 2780 830 2870 cauapalem
866 2799 931 2869 pro
971 2781 1185 2856 monasterio
1221 2779 1513 2870 Andrzeoriensi‚
1549 2785 1585 2852 et
1620 2782 1718 2855 valor
1752 2783 1828 2854 eiua

273 2903 477 2975 aestimator
512 2898 557 2973 ad
592 2900 710 2972 decem
745 2920 889 2972 marcas.
926 2900 1022 2973 'Item
1058 2900 1188 2985 facmnt
1221 2900 1388 2973 ducturas
1423 2902 1459 2973 in
1487 2899 1762 2975 O'raeoriam
1790 2909 1827 2976 et

273 3021 766 3114 Nyegoolawieae‚‘sed
783 3021 859 3093 dlaa
877 3043 947 3093 non
962 3012 1128 3095 laborant
1154 3022 1189 3093 in
1209 3022 1410 3113 septimana.
1438 3022 1598 3095 Continet
1624 3005 1701 3096 cunr
1719 3023 1830 3097 Dze-

272 3143 626 3233 trziclrouicae,
653 3143 846 3233 Dimlin,
878 3141 1319 3235 Sayedliazowicze,
1346 3122 1668 3236 szikorzi'cze,
1694 3143 1829 3218 dado

273 3264 437 3356 wniky.
1142 3348 1143 3352 Ἴ
1205 3262 1213 3273 ’
1669 3360 1672 3365 .
1749 3280 1753 3287 ·

377 3385 544 3476 Cercar,
562 3384 654 3456 uilla
671 3394 780 3476 prope
798 3383 970 3475 Nydam
987 3384 1145 3474 flurium,
1174 3390 1209 3456 et
1227 3386 1291 3457 sub
1309 3386 1476 3476 parocbia
1492 3359 1721 3458 eeclesiaede
1740 3443 1747 3457 .
1767 3414 1800 3458 .·.
1823 3442 1830 3458 .
1848 3370 1853 3381 ’

273 3510 359 3597 sita,
386 3508 484 3578 cuins
511 3507 708 3596 proprietas
735 3504 780 3576 ad
803 3505 1054 3578 monasterium
1078 3505 1382 3598 Andrzeyoviense
1399 3508 1560 3598 pertinet.
1599 3507 1639 3578 ln
1659 3528 1732 3598 qua
1746 3514 1831 3581 aunt

162 3608 165 3628 ¹
274 3629 365 3699 lanei
384 3627 632 3717 emethonales,
651 3632 687 3698 et
706 3627 852 3725 quilibet
870 3627 975 3698 soluit
993 3616 1057 3721 pro
1076 3648 1180 3699 aenan
1195 3683 1202 3696 .
1218 3683 1224 3697 .
1241 3681 1247 3697 .
1263 3651 1285 3715 .;
1303 3627 1386 3699 item
1405 3649 1484 3718 ονε,
1504 3629 1587 3700 item
1604 3628 1730 3719 gallos,
1746 3630 1832 3701 item

274 3770 411 3839 caseos,
439 3749 523 3820 item
550 3749 667 3838 labor,
693 3749 778 3820 item
798 3746 964 3842 portabo,
990 3749 1075 3819 item
1103 3770 1258 3844 ocaryep,
1285 3749 1367 3821 item
1385 3751 1571 3839 tabernae,
1598 3750 1682 3821 item
1708 3750 1831 3823 hortu-

273 3871 401 3959 laniae;
427 3870 511 3963 item
538 3856 718 3960 praedium
746 3868 946 3940 coenobiale
972 3889 1041 3939 non
1069 3875 1124 3940 est
1150 3870 1186 3939 in
1204 3870 1323 3942 eadem
1350 3870 1448 3960 villa3
1475 3871 1559 3942 item
1586 3870 1832 3943 molendinum.

274 3990 361 4062 Item
389 4011 508 4061 onmes
535 3989 612 4080 agri
630 3975 732 4063 villae
759 3989 899 4061 solvunt
925 3994 962 4060 et
980 3988 1176 4062 conducunt
1202 3990 1370 4063 decimam
1395 3990 1647 4082 manipularem
1674 3995 1710 4064 et
1727 4008 1832 4064 cunt·

275 4113 398 4202 palem,
426 4131 490 4201 pro
509 4167 516 4181 .
535 4165 542 4181 .
561 4090 811 4185 .·.·t'Ilonfinat
829 4165 837 4180 .
856 4165 863 4181 .
883 4166 890 4181 .
909 4165 944 4217 3.
1689 4116 1692 4120 ’
1722 4114 1728 4123 ’

379 4233 722 4324 Nraoosnnwrcza,
742 4231 845 4305 -uilla
867 4233 932 4304 sub
960 4233 1128 4324 parochia
1152 4233 1318 4315 ecclesiae
1344 4233 1388 4304 de
1414 4228 1725 4324 Nawarzyc'ze
1751 4234 1833 4327 sita,

186 4450 188 4455 Ι
275 4356 372 4427 onina
398 4355 597 4445 proprietas
624 4353 669 4426 ad
696 4355 942 4426 monasterium
970 4344 1252 4426 A'ndrreiorense
1278 4354 1440 4444 pertinet.
1481 4353 1522 4426 In
1540 4376 1610 4445 qua
1633 4361 1715 4427 sunt
1739 4357 1833 4429 lanei
1928 4420 1934 4435 .

274 4474 523 4565 emethonales,
550 4475 722 4566 solvitque
740 4475 970 4566 quilibet'pro
990 4496 1095 4547 censu
1110 4531 1117 4545 .
1132 4531 1139 4544 .
1155 4531 1161 4544 .
1177 4531 1200 4563 .,
1227 4475 1310 4547 item
1330 4497 1409 4564 oua,
1427 4476 1511 4547 item
1530 4475 1650 4566 labor,
1669 4477 1753 4548 item
1773 4500 1832 4573 po-

142 4604 146 4609 ·
277 4595 391 4687 rooba,
425 4597 509 4668 item
544 4618 698 4692 osezyep,
734 4596 817 4667 item
850 4596 1031 4685 tabernae,
1062 4597 1150 4667 item
1177 4586 1373 4684 hortulani,
1409 4597 1491 4669 item
1519 4597 1719 4688 praedium,
1746 4599 1831 4671 item

274 4717 519 4791 molendinum.
560 4718 647 4789 Item
674 4738 794 4790 omnes
821 4717 897 4806 agri
924 4717 1028 4789 villae
1064 4717 1206 4790 solvant
1240 4723 1276 4790 et
1303 4718 1500 4791 conducunt
1527 4718 1695 4791 decimam
1721 4720 1833 4791 mani·

188 4826 190 4830 ’
275 4839 431 4930 putarem
459 4846 496 4912 et
513 4838 714 4930 canapalem
741 4859 831 4930 pro.
851 4894 858 4909 .
878 4894 911 4909 ..
951 4839 1037 4910 Item
1065 4838 1245 4929 praedium
1271 4844 1324 4910 eat
1353 4839 1402 4910 ibi
1429 4840 1645 4929 coenobiale,
1661 4840 1716 4929 ¹de
1734 4842 1834 4914 caina

276 4961 371 5050 agris
399 5015 514 5031 .....
541 4959 703 5033 Gonlinat
729 4981 806 5031 oum
834 5015 948 5031 .....

380 5080 605 5170 Suaouuow,
631 5081 714 5154 villa
741 5082 805 5154 snb
832 5081 999 5172 parochia
1025 5081 1069 5152 de
1097 5068 1371 5154 Andrzeiow
1398 5081 1479 5170 sita,
1506 5082 1604 5153 cuius
1631 5083 1831 5172 proprietas

277 5212 340 5292 pro
376 5200 490 5272 media
522 5205 621 5291 parte
647 5203 802 5292 pertinet·
834 5202 877 5273 ad
914 5202 1161 5274 monasterinm
1197 5201 1509 5292 Andrzeiorienae,
1546 5201 1713 5276 medietas
1747 5224 1835 5309 yero

277 5327 332 5420 eat
358 5321 537 5414 militana,
564 5323 725 5396 videlieet
738 5306 1075 5417 ·Gos·zdzpl'eozky·
1095 5323 1138 5394 de
1165 5324 1271 5396 armis
1298 5324 1518 5416 Dolywa3·
1531 5324 1568 5395 in
1596 5328 1690 5397 sorte
1715 5330 1834 5398 autem

278 5445 469 5518 coenobiali
495 5454 576 5518 sunt
602 5446 692 5517 lanei
710 5444 959 5535 emethonatea,
986 5450 1023 5516 et
1039 5445 1187 5535 quilibet
1213 5446 1319 5518 solvit
1335 5466 1399 5537 pro
1417 5436 1523 5518 censu
1538 5502 1545 5516 .
1560 5501 1568 5517 .
1582 5501 1590 5517 .
1604 5501 1627 5538 .,
1654 5447 1738 5519 Item
1756 5467 1834 5538 ονε,
1925 5498 1927 5502 2

278 5568 361 5638 item
379 5567 493 5658 labor,
513 5565 783 5664 temporaneo,
809 5567 891 5637 item
910 5588 1048 5661 omapep
1075 5566 1158 5637 item
1176 5567 1362 5658 tabernae,
1388 5568 1471 5640 item
1490 5567 1719 5659 hortulaniae,
1748 5568 1835 5641 item

279 5688 457 5777 praedium
484 5689 685 5762 coenobiale
712 5695 767 5760 est
785 5687 853 5777 ibi,
880 5687 964 5758 item
991 5686 1233 5803 molendinum.
1272 5689 1360 5761 Item
1389 5709 1507 5762 omnes
1530 5691 1607 5781 agri
1634 5689 1737 5761 villae
1764 5690 1835 5762 sol·
1954 5739 1957 5743 ψ

279 5815 366 5881 vunt
392 5816 429 5881 et
446 5811 640 5883 conducunt
660 5809 828 5881 decimam
846 5808 1096 5899 manipularem
1123 5816 1159 5881 et
1177 5810 1376 5901 canapalem
1403 5830 1494 5901 pro.
1510 5865 1561 5882 ...
1580 5808 1741 5883 Oonfinm
1759 5865 1766 5880 .
1782 5866 1788 5881 .
1805 5866 1834 5881 ..
1958 5860 1964 5869 ·

386 5930 529 6021 Sunon,
556 5930 640 6002 uilla
667 5931 732 6002 sub
759 5929 923 6020 parochia
949 5930 1114 6003 ecclesiae
1141 5931 1185 6004 de
1210 5931 1489 6005 Andrzeiow
1515 5933 1600 6023 sita,
1627 5931 1725 6004 euius
1751 5952 1834 6024 pro-

275 6052 410 6141 prietas
440 6051 560 6124 totalis
588 6050 633 6124 ad
665 6052 910 6124 monasterinm
943 6050 1237 6126 Andrzeioriense
1263 6054 1426 6144 pertinet.
1467 6054 1507 6125 In
1526 6074 1595 6145 qna
1629 6053 1843 6135 sunt-lanei¹

280 6174 532 6265 emethonales,
568 6181 604 6245 et
630 6172 776 6264 quilibet
811 6172 916 6245 solvit
950 6194 1015 6264 pro
1049 6195 1155 6246 censu
1182 6229 1336 6265 .......
1372 6177 1456 6247 item
1484 6197 1568 6266 ονε,
1603 6176 1688 6248 Item
1714 6174 1835 6268 gallon,
1917 6198 1930 6223 ⁴

280 6295 363 6366 item
391 6316 526 6384 caseos,
562 6295 643 6365 item
672 6295 789 6384 labor,
825 6295 908 6366 item
934 6294 1091 6390 proiecta,
1119 6297 1202 6367 item
1229 6318 1380 6392 oaazyep,
1417 6297 1501 6369 item
1528 6298 1714 6388 tabernae,
1737 6299 1836 6371 <item

282 6414 478 6505 hortulani,
505 6415 588 6486 item
606 6415 804 6509 praedium,
832 6417 914 6487 item
932 6415 1174 6493 molendinum.
1215 6417 1302 6490 Item
1321 6439 1441 6491 omnes
1468 6420 1543 6513 agri
1563 6420 1666 6493 villae
1694 6419 1835 6491 solvunt
