4217 8059
1796 1482 1855 1569 ,ea
1917 1588 1919 1593 Δ

191 1720 195 1729 -
302 1679 516 1755 monsterio
542 1680 706 1775 quinque
721 1702 867 1757 marcas
893 1679 1114 1760 ὓιιιιιιιιιιιιι
1138 1704 1203 1778 pro
1229 1685 1313 1760 villa
1339 1684 1618 1779 Slawoszow,
1636 1706 1714 1760 cum
1731 1687 1858 1761 Janue-

303 1803 358 1876 sio
382 1800 470 1875 ΙιΙιι
540 1804 630 1876 acle

405 1822 605 2016 Kosgn-gnn,
630 1924 716 1997 villa
740 1944 805 2017 pro
831 1925 1141 2001 Slawoeohorr
1164 1927 1375 2019 decumbita,
1402 1930 1467 2002 sub
1493 1930 1661 2020 parocbia
1687 1930 1856 2004 ecelesiae

302 2043 347 2117 de
371 2040 564 2135 Gnoyno
589 2045 669 2137 sita,
694 2046 793 2120 ouius
818 2047 1015 2139 proprietas
1041 2047 1088 2121 ad
1113 2049 1362 2121 monasterium
1378 2049 1423 2122 de
1441 2050 1597 2124 Busko
1622 2051 1785 2142 pertinet
1814 2053 1856 2123 ln

303 2184 373 2256 qua
397 2171 482 2238 suut
506 2165 577 2240 duo
602 2167 694 2239 lanei
719 2168 966 2261 emetbonales,
992 2174 1030 2241 et
1056 2170 1203 2262 quilibet
1224 2170 1331 2243 soluit
1346 2188 1410 2262 pro
1429 2190 1534 2243 censu
1551 2190 1658 2243 unum
1675 2170 1856 2263 fertonem,

302 2289 387 2362 ιιιιιι
419 2288 551 2381 pallos,
586 2287 670 2361 item
700 2309 786 2381 uva,
811 2290 896 2362 item
922 2308 1064 2381 eaeeos;
1090 2291 1176 2363 item
1204 2291 1351 2382 quilibet
1387 2290 1431 2363 de
1457 2292 1558 2365 laneo
1585 2292 1724 2366 laborat
1750 2310 1859 2365 unum·
1983 2340 2010 2412 -Ι

302 2409 395 2483 diem
420 2411 457 2482 in
483 2409 678 2500 septimana
711 2430 776 2501 per
810 2417 924 2485 totum
944 2432 1089 2497 annum.
1128 2412 1217 2484 Item
1251 2410 1432 2509 pometum
1461 2433 1530 2486 non
1566 2412 1746 2506 laborant,
1772 2415 1855 2486 item

301 2552 418 2628 oespep
444 2553 514 2606 non
540 2531 688 2604 solvunt
713 2533 803 2604 item
829 2554 898 2605 non
925 2539 979 2606 est
1005 2530 1046 2606 in'
1069 2533 1190 2607 eedem
1217 2534 1302 2608 uilla
1326 2534 1518 2625 praedium,
1545 2554 1658 2626 neque
1684 2535 1853 2607 molendi-

304 2672 397 2744 num,
421 2653 508 2727 item
533 2670 604 2725 non
630 2658 714 2725 sunt
744 2653 973 2727 hortulaniae.
1001 2655 1089 2727 ltem
1117 2675 1237 2728 omnes
1264 2657 1341 2747 agri
1366 2655 1471 2727 villae
1498 2655 1640 2729 solvunt
1664 2661 1702 2728 et
1728 2657 1857 2729 condu-

245 2756 248 2761 ’
302 2776 386 2845 eunt
419 2772 588 2847 dmimam
613 2774 874 2866 manipularem
901 2779 939 2847 et
963 2776 1163 2867 canepalem
1189 2777 1405 2868 episcopatui
1419 2773 1669 2867 'Graeoviensb
1697 2783 1735 2853 et
1759 2779 1858 2851 valor

303 2894 379 2967 eius
404 2895 613 2969 aestimatur
645 2895 691 2968 ad
725 2901 800 2969 tres
834 2916 978 2970 marcas.
1018 2898 1108 2970 item
1143 2905 1224 2970 sunt
1258 2899 1294 2969 in
1329 2897 1451 2969 eadem
1478 2898 1562 2970 villa
1587 2903 1663 2970 tres
1688 2899 1857 2971 tabernae

301 3015 469 3089 babentes
494 3036 618 3108 agros,
643 3023 681 3091 et
706 3018 883 3109 quaelibet
908 3018 1014 3091 solvit
1039 3038 1104 3109 pro
1131 3038 1236 3091 censu
1262 3019 1381 3091 decem
1408 3025 1550 3093 scottos
1591 3018 1751 3092 Continet
1778 3041 1856 3093 curn

300 3137 436 3211 eisdem
456 3137 560 3230 uillis,
587 3158 665 3211 cum
691 3139 818 3251 quibus
844 3144 881 3212 et
906 3138 1092 3213 Sluzour.
1119 3139 1340 3213 commutata
1364 3159 1428 3232 pro
1446 3139 1856 3277 villaSlarroechow

300 3278 380 3333 eum
403 3257 571 3335 Jannmio
590 3260 845 3352 Dlugoseb
1006 3314 1023 3359 ,

399 3376 659 3473 Uirouesca,
687 3381 771 3456 villa
797 3400 907 3474 propo
933 3380 1272 3455 Sandomiriam
1298 3381 1385 3472 sita,
1410 3308 1544 3455 habene
1569 3336 1719 3474 ligneam
1746 3382 1856 3455 eecle-

301 3502 389 3575 siam
423 3503 460 3575 in
494 3522 552 3594 ee,
586 3505 685 3576 euius
719 3503 918 3599 proprietas
953 3522 1031 3575 eum
1058 3504 1152 3581 omni
1178 3503 1254 3574 iure
1288 3502 1334 3574 ad
1359 3503 1608 3576 monasterium
1634 3502 1671 3575 in
1698 3502 1855 3575 Busko

300 3624 473 3716 pertinet,
498 3630 535 3697 et
560 3625 645 3696 lieet
669 3624 715 3697 ud
740 3624 990 3699 monasterium
1016 3622 1411 3716 Krzyzanowieze
1446 3644 1489 3697 er
1515 3624 1629 3715 prima
1653 3622 1855 3699 fundatione

292 3744 518 3837 'perducent
542 3746 637 3818 eirca
661 3746 927 3819 translationem
952 3750 1069 3818 tamen
1097 3743 1419 3835 sanctimonialium,
1445 3746 1545 3836 ιιιιιιι
1571 3750 1608 3817 et
1632 3745 1855 3837 incorporata

299 3871 354 3938 eat
388 3868 600 3941 munasterio
636 3868 672 3938 in
699 3866 892 3939 Buszko
931 3867 972 3938 In
999 3886 1068 3958 qua
1102 3871 1185 3938 sunt
1210 3866 1391 3947 duodecim
1418 3866 1509 3939 lanei
1537 3866 1789 3958 emethouales,
1816 3873 1855 3938 et
1943 3887 1945 3892 ·
2011 3840 2016 3902 ’-

298 3986 446 4079 quilibet
480 3989 586 4061 solvit
621 4009 684 4079 pro
720 4008 827 4061 censu
863 3988 1057 4078 quindecim
1094 3994 1244 4080 scottos,
1280 3989 1364 4060 item
1390 4008 1475 4078 ova,
1502 3988 1586 4059 item
1612 3988 1743 4078 gallos,
1769 3989 1853 4059 item

298 4126 438 4198 cracem
463 4109 549 4181 ιιιιιι
574 4108 722 4200 quilibet
746 4108 790 4180 de
816 4109 919 4181 laneo
944 4090 1083 4187 laborat
1108 4129 1215 4181 unum
1241 4108 1370 4181 diem
1360 4130 1395 4180 m
1423 4108 1616 4198 septimana
1641 4129 1706 4198 per
1724 4129 1852 4179 annum

299 4227 494 4321 integrum
519 4229 604 4301 item
629 4230 766 4301 ratione
791 4251 910 4326 osapep
935 4231 1041 4303 soluit
1065 4230 1214 4321 quilibet
1238 4229 1283 4302 de
1307 4230 1409 4301 laneo
1436 4249 1497 4300 sex
1524 4229 1649 4302 choros
1667 4248 1798 4301 arenae
1817 4234 1853 4300 ct

299 4356 451 4441 quatuor
469 4350 625 4442 siliginis
651 4370 833 4423 mensurae
856 4356 1080 4441 coaequatae.
1106 4350 1194 4422 Item
1220 4356 1275 4422 est
1301 4371 1372 4421 ana
1396 4350 1605 4423 tabernam
1632 4350 1753 4422 eadem
1771 4342 1854 4422 uilla

298 4470 432 4545 moene
455 4488 570 4564 apros,
595 4477 632 4544 et
658 4472 765 4545 soluit
789 4472 877 4545 duas
901 4492 1048 4545 mareas.
1087 4472 1176 4544 itam
1203 4479 1287 4544 sunt
1312 4471 1401 4544 duae
1427 4471 1669 4561 hortulaniae‚
1696 4470 1758 4543 sed
1784 4492 1853 4543 non

300 4592 431 4666 babent
465 4614 588 4686 agros,
613 4599 652 4667 et
686 4576 826 4666 meeum
861 4614 931 4667 non
966 4593 1125 4684 solvunt,
1151 4592 1213 4664 sed
1240 4591 1394 4683 pedestri
1420 4591 1540 4665 labore
1567 4611 1672 4664 unum
1698 4591 1790 4664 diem
1817 4592 1852 4663 in

298 4715 494 4807 septimana
526 4716 697 4789 laborant.
732 4716 822 4804 Item
849 4715 1083 4789 molendinum
1109 4714 1227 4787 estin
1254 4712 1375 4787 eadem
1401 4712 1494 4786 villa
1533 4712 1621 4785 Item
1647 4713 1755 4786 hebet
1779 4713 1853 4804 ple-

299 4836 411 4911 banus
436 4856 541 4929 agros
566 4839 738 4929 proprios,
765 4837 808 4909 de
835 4836 961 4929 quibos
987 4837 1075 4908 nulli
1101 4836 1260 4926 decimat
1287 4854 1386 4909 secus
1403 4835 1533 4907 limites
1550 4834 1712 4908 villarum
1731 4834 1853 4906 'lhil-

287 4958 520 5049 skowicze,
557 4958 896 5050 Myedzygorze
931 4965 968 5030 et
1002 4957 1223 5030 Sudanou
1257 4957 1420 5030 iacentes.
1459 4958 1548 5029 Item
1584 4963 1639 5030 est
1667 4951 1853 5048 'praedium

299 5080 499 5153 coenobiale
525 5076 561 5151 r‘n
587 5082 708 5152 eadem
736 5080 838 5170 ailla,
865 5079 909 5151 de
935 5081 1034 5151 cuius
1050 5079 1156 5170 agris
1184 5079 1333 5150 solvitur
1359 5078 1493 5151 decima
1518 5078 1675 5173 plebano
1695 5077 1851 5151 eiusdem

298 5202 403 5275 uidae
427 5203 473 5275 dc
498 5200 774 5275 Kliczunow.
801 5203 890 5274 Item
917 5220 1036 5274 omnes
1062 5201 1139 5291 agri
1165 5199 1400 5273 emetbonales
1426 5202 1463 5275 et
1487 5201 1687 5275 tabernales
1713 5201 1854 5273 solvunt

299 5328 337 5395 et
360 5323 558 5399 conducunt
583 5323 751 5396 decimam
778 5323 1028 5415 manipularem
1053 5328 1091 5394 et
1116 5320 1328 5413 canapalem,
1354 5342 1419 5417 pro
1437 5320 1599 5415 episcopo
1617 5319 1849 5411 cracoviensi,

298 5444 398 5521 valor
422 5447 500 5521 eiua
525 5446 571 5518 ad
596 5445 778 5518 duodecim
803 5464 948 5519 mareas
987 5443 1150 5519 Gontinat
1175 5464 1253 5517 cura
1278 5442 1636 5539 Mytdapgorze,
1663 5442 1852 5515 Tbilko-

300 5566 449 5661 wicue,
473 5566 709 5659 (lomarno,
734 5552 1082 5661 drpaoenyona,
1108 5571 1146 5639 et
1171 5564 1369 5639 Sdeuour.

281 5684 290 5749 ἶ
403 5686 612 5781 (ιοιιιιιιι,
639 5689 723 5761 uilla
750 5689 815 5762 sub
841 5689 1008 5781 parocbia
1041 5689 1086 5761 de
1112 5687 1467 5781 Wyerczyeuow
1492 5686 1566 5759 sive
1592 5686 1636 5759 de
1663 5685 1853 5779 Pyadzi-
1896 5736 1900 5743 -

209 5844 213 5849 ·
298 5826 417 5883 cnuw
442 5811 522 5902 sita
547 5811 646 5884 cuius
680 5812 878 5901 proprietas
912 5810 957 5883 ad
982 5810 1231 5889 monasterium
1259 5810 1303 5882 de
1329 5807 1483 5881 Busko
1511 5809 1681 5900 pertinet;
1708 5815 1744 5880 et
1769 5809 1853 5880 licet

300 5931 346 6004 ud
369 5933 617 6005 monasterium
655 5932 691 6003 in
717 5930 1110 6024 Krnyzenosrieze
1139 5950 1183 6037 ep
1207 5931 1377 6021 primaria
1401 5929 1604 6005 fundatione
1630 5930 1855 6124 pertitinet*

299 6055 393 6125 eirca
417 6053 681 6127 translationem
717 6060 833 6126 tamen
860 6038 1191 6147 mnednionialinm,
1217 6054 1315 6124 unita
1340 6060 1378 6125 et
1404 6053 1625 6142 incorporata
1650 6056 1706 6122 est
1732 6070 1810 6122 mon

298 6176 408 6248 sterio
433 6176 470 6247 in
496 6172 661 6248 Basko.
688 6175 728 6246 ln
756 6195 825 6265 qua
849 6178 938 6259 sunt·
958 6186 1028 6259 aa·
1046 6173 1139 6246 lanei
1161 6173 1408 6263 methonales,
1435 6178 1471 6244 et
1498 6172 1643 6263 quilibet
1661 6172 1769 6245 solvit
1788 6194 1853 6265 pro

297 6316 401 6369 censu
429 6319 535 6371 unum
561 6296 741 6388 fertonem,
769 6298 852 6369 item
878 6292 1131 6387 ιιι-ὴιειιιιι,Ι
1147 6292 1236 6367 dem
1263 6294 1374 6384 gallos
1400 6293 1498 6384 duos,
1517 6296 1600 6365 item
1619 6314 1739 6368 caseos
1756 6294 1855 6385 quoq

296 6416 387 6493 ltem
413 6418 559 6511 quilibet
584 6418 722 6492 laborat
747 6418 890 6509 proprio
915 6421 1111 6543 want
1136 6420 1266 6506 aratro,
1291 6414 1528 6488 tantummodo
1553 6422 1705 6508 quatuor
1720 6416 1796 6491 dies
1814 6419 1851 6492 in

952 6556 1115 6695 *e
