4217 8059
1756 1488 1831 1603 aar

282 1702 548 1792 pulcherrimum
585 1708 621 1772 et.
652 1708 836 1775 amoenum
863 1703 968 1775 situm
994 1700 1136 1794 habens,
1162 1688 1289 1793 partim
1316 1707 1419 1793 petra
1444 1702 1541 1793 alba,
1566 1703 1695 1793 purtim
1722 1704 1833 1775 latere

280 1831 379 1897 cocto
414 1829 605 1913 muratum,
642 1824 808 1915 pomariis
842 1827 878 1895 et
913 1822 1019 1915 sylvis
1056 1823 1226 1913 obsitum,
1261 1824 1457 1915 praediales
1489 1844 1592 1915 agros
1619 1825 1769 1915 optimos
1795 1832 1833 1897 et
1959 1804 1963 1827 ἶ

279 1945 464 2018 foecundos
490 1946 525 2015 in
554 1944 699 2016 circuitu
726 1946 867 2036 babens,
895 1946 937 2017 de
966 1946 1091 2036 quibus
1118 1945 1203 2016 nulli
1231 1945 1336 2017 solvit
1362 1946 1543 2036 decimam,
1572 1946 1633 2017 sed
1661 1966 1736 2017 earn
1764 1968 1828 2037 pro

281 2088 317 2138 se
344 2068 437 2140 tollit
473 2073 509 2139 et
544 2069 580 2139 in
608 2069 772 2138 horreum
807 2065 948 2137 inducit.
989 2065 1231 2139 Gracoviensis
1258 2068 1441 2158 episcopus
1467 2068 1546 2139 lvo
1574 2089 1665 2139 anno
1691 2067 1829 2173 Domini

188 2236 217 2287 ,a
285 2190 392 2275 1222.
420 2190 584 2260 cambivit
611 2188 697 2260 duas
722 2189 823 2259 villas
851 2188 1016 2259 ecclesiae
1045 2187 1303 2278 cracoviensis,
1329 2188 1492 2259 videlicet
1519 2188 1670 2261 Gorno
1697 2196 1734 2261 et
1761 2188 1830 2260 Su·
1934 2186 1940 2199 ’

281 2311 509 2382 wlewicze
537 2330 612 2382 eum
641 2311 782 2381 decimis
810 2330 946 2400 earum,
973 2310 1145 2399 recipiens
1172 2330 1194 2381 a
1219 2309 1416 2381 Nicolao
1444 2311 1570 2382 abbate
1596 2318 1634 2381 ct
1660 2315 1827 2383 conventu

280 2431 581 2503 Szeenechoviensi
616 2431 702 2503 duas
739 2432 825 2502 alias
861 2431 978 2520 villas,
1006 2431 1168 2503 videlicet
1203 2430 1398 2502 Jaxicze
1433 2438 1470 2502 ct
1497 2432 1726 2503 Landzini
1753 2450 1829 2503 cum

279 2554 419 2626 decimis
446 2572 574 2643 earum,
601 2558 637 2623 et
663 2573 727 2643 pro
754 2554 876 2623 maiori
903 2572 1135 2643 recompensa,
1163 2552 1297 2624 addidit
1323 2554 1534 2623 monasterio
1562 2554 1729 2643 capellam
1749 2572 1830 2624 cum·

280 2678 354 2747 eius
389 2674 582 2746 redditibus
619 2676 662 2747 de
689 2674 876 2765 Radom,
904 2694 946 2745 ea
973 2675 1187 2763 conditione,
1214 2679 1253 2745 ut
1280 2675 1426 2763 quilibet
1453 2675 1560 2747 abbas
1587 2674 1830 2747 Saeczecborl·

280 2798 380 2888 ensis,
408 2798 443 2868 in
471 2796 626 2888 qualibet
645 2796 777 2887 synodo
795 2796 921 2867 libmm
941 2795 1162 2867 Gronoviensi
1182 2796 1345 2887 episcopo
1363 2795 1406 2867 ad
1425 2795 1684 2867 benedictiones
1700 2803 1831 2885 teneat,

279 2926 316 2991 et
342 2919 533 2991 celebranti
560 2919 761 2989 ministrans
789 2919 824 2988 in
851 2918 944 2989 tiara
971 2919 1121 2989 assistat.

383 3040 649 3131 Sznczncnow,
686 3040 849 3130 oppidum
886 3041 1018 3111 habens
1054 3040 1233 3111 ecclesiam
1270 3039 1502 3129 parochialem
1538 3018 1706 3130 ligneam,
1734 3040 1831 3111 cuius

279 3162 474 3253 proprietas
502 3162 545 3233 ad
573 3162 819 3232 monasterium
847 3160 1156 3233 Szeczechovicnsc
1183 3162 1354 3252 pertinet3
1381 3163 1416 3231 in
1444 3182 1511 3251 quo
1539 3165 1621 3231 sunt
1640 3161 1830 3251 oppidano·

280 3306 355 3355 rum
383 3283 500 3355 decem
529 3290 565 3354 et
592 3291 671 3354 octo
698 3283 799 3373 lanei,
827 3288 864 3353 et
891 3283 1036 3373 quilibet
1063 3283 1167 3355 solvit.
1192 3303 1256 3372 pro
1284 3302 1398 3354 annuo
1417 3302 1521 3353 censu
1539 3302 1643 3354 unum
1661 3282 1831 3355 fertonem

280 3412 384 3496 atquc
420 3405 507 3475 dnos
540 3404 669 3495 gallos,
706 3406 788 3475 item
825 3424 890 3477 ova
926 3406 1089 3495 triginta,
1117 3405 1201 3474 item
1229 3402 1374 3494 quilibet
1401 3403 1594 3493 oppidanus
1621 3408 1657 3474 et
1683 3404 1830 3493 quilibet

280 3526 466 3616 inquilinus
495 3525 598 3597 solvit
625 3546 728 3597 uanum
758 3527 899 3597 cbomm
927 3525 1058 3596 humuli
1087 3524 1287 3593 corrlertunr.
1313 3523 1400 3594 ltem
1428 3523 1463 3595 in
1491 3524 1611 3595 eodem
1630 3523 1757 3615 oppido
1775 3530 1830 3596 est

278 3644 467 3734 advocatia
496 3644 557 3714 sed
585 3644 765 3734 redempta
792 3651 846 3715 est
872 3665 936 3734 pro
964 3647 1183 3716 monasterio.
1210 3646 1299 3715 Item
1326 3665 1445 3717 omnes
1468 3646 1558 3716 lanei
1577 3638 1828 3737 oppidanorbm

194 3858 205 3875 .
279 3766 417 3836 solvunt
443 3764 610 3837 decimam
638 3766 886 3855 manipularem
914 3767 1126 3837 monasterio
1153 3766 1465 3857 Szeczechoriensi,
1493 3773 1529 3839 et
1552 3773 1717 3839 tenentur
1735 3768 1828 3839 illam

278 3888 428 3977 propriis
453 3888 614 3957 ¹curribus
642 3889 677 3957 in
704 3887 866 3969 borreum
895 3888 1068 3977 inducere,
1095 3910 1117 3959 a
1143 3890 1356 3959 rrronastem'o
1382 3880 1574 3979 locandum,
1602 3898 1639 3960 et
1665 3889 1765 3961 valor
1785 3889 1829 3961 ad

279 4008 400 4097 viginti
428 4028 581 4098 marcas3
608 4009 690 4079 item
718 4009 884 4081 decimam
913 4009 1112 4099 canapalenr
1140 4009 1279 4081 solvunt
1305 4030 1369 4099 per
1395 4018 1468 4083 tres
1495 4013 1643 4101 ierugas.
1671 4012 1758 4083 Item
1776 4016 1831 4083 est

280 4130 327 4199 ibi
346 4128 389 4199 de
416 4148 523 4220 prope
550 4129 793 4215 molendinum,
821 4132 855 4201 in
884 4137 1040 4202 torrente
1068 4131 1112 4202 de
1139 4130 1237 4221 spira
1265 4139 1487 4223 excurrente,
1516 4132 1607 4225 quod
1634 4153 1697 4222 pro
1725 4152 1830 4204 censu

279 4249 383 4322 solvit
418 4251 630 4322 monasterio
666 4251 752 4323 duas
788 4268 942 4339 marcae,
970 4258 1006 4322 et
1033 4251 1076 4321 dc
1103 4252 1306 4322 braseonrm
1333 4253 1513 4324 molitione
1539 4253 1626 4324 duras
1653 4257 1828 4344 metretas,

278 4372 383 4443 tertia
418 4390 482 4462 pro
518 4392 555 4443 se
583 4378 780 4463 reservata,
808 4380 843 4443 et
870 4372 956 4444 duos
984 4373 1107 4443 choros
1144 4372 1275 4443 farinae
1303 4373 1460 4444 triticeae
1487 4374 1667 4463 profesto
1694 4373 1830 4445 Nativi-

281 4492 365 4563 tatis
392 4492 532 4565 Christi.
560 4492 822 4565 mauriacum
851 4492 1317 4584 oppidoStbancaicza,
1335 4493 1829 4585 WolpaSzecnechow-

281 4616 379 4705 ska,
420 4614 700 4705 Slawczino,
741 4614 985 4706 Policzna,
1022 4613 1218 4687 Grodelr.
1257 4615 1326 4686 Per
1361 4615 1629 4705 Sethcgium
1670 4618 1828 4687 comitem

279 4737 452 4809 donatum.

380 4858 527 4930 Wonrn
555 4858 896 4949 Sznczncnowsnu,
924 4876 1011 4951 quae
1039 4860 1120 4931 olim
1147 4859 1435 4950 l’odolszany
1461 4864 1497 4931 et
1522 4859 1627 4931 etiam
1655 4859 1829 4951 Swpan-

278 4980 433 5051 czicza
459 4979 649 5070 dicebatur,
677 4980 759 5051 villa
785 4988 892 5072 supra
919 4978 1094 5051 Vislam
1122 4988 1158 5051 ot
1185 4982 1248 5051 suli
1274 4981 1440 5071 parochia
1466 4980 1510 5051 de
1529 4980 1829 5053 Sueczechou

277 5104 363 5191 sita3
391 5104 487 5175 cuius
515 5104 712 5193 proprietas
740 5102 783 5173 ad
811 5102 1058 5173 monasterium
1084 5102 1394 5174 Szeczccboviense
1411 5103 1574 5194 pertinet.
1599 5102 1640 5174 ln
1660 5122 1729 5192 qna
1745 5108 1828 5174 sunt

278 5221 456 5295 duodecim
483 5224 576 5295 lanei
603 5224 845 5315 cmethonales,
873 5230 910 5297 et
937 5224 1083 5315 quilibet
1109 5225 1214 5299 solvit
1239 5244 1303 5314 pro
1331 5244 1445 5296 annuo
1472 5243 1578 5295 censu
1595 5244 1700 5296 uuum
1721 5223 1827 5295 ferto-

278 5364 364 5433 nem,
390 5345 471 5416 item
498 5346 644 5436 triginta
670 5366 743 5435 ova,
772 5345 855 5417 item
882 5346 969 5417 duos
996 5345 1115 5437 gallos,
1143 5346 1226 5416 item
1244 5345 1331 5418 dues
1349 5347 1475 5417 choros
1493 5366 1623 5419 avenae
1642 5346 1827 5435 aequales;

278 5466 359 5535 item
386 5466 531 5556 quilibet
557 5473 698 5539 tenetur
722 5468 766 5539 de
793 5469 892 5541 laneo
919 5468 1081 5539 laborare
1107 5488 1213 5538 unum
1240 5468 1341 5558 diem,
1367 5467 1510 5559 proprio
1538 5488 1645 5538 curru
1670 5473 1731 5538 aut
1750 5486 1828 5537 ara·

276 5594 341 5677 tro,
369 5594 405 5658 et
430 5587 596 5661 ducturas
621 5588 705 5661 iacit
731 5590 776 5661 ad
802 5591 973 5662 rationem
999 5589 1143 5661 dierum.
1169 5589 1257 5661 Item
1284 5588 1451 5661 scultetus
1470 5594 1524 5659 est
1541 5588 1579 5658 in
1596 5588 1717 5660 eadem
1735 5586 1827 5678 villa,

275 5709 406 5780 habens
434 5710 519 5781 duos
546 5712 664 5783 laneos
691 5712 819 5783 liberos
846 5718 882 5781 et
908 5712 993 5782 nihil
1022 5711 1064 5781 de
1092 5730 1206 5782 censu.
1232 5711 1321 5781 Item
1340 5710 1486 5802 quilibet
1504 5710 1639 5783 cmetho
1657 5716 1694 5783 et
1710 5710 1826 5801 inqui·
1946 5764 1964 5779 ..

276 5832 367 5901 linus
394 5851 500 5903 uuum
527 5832 670 5905 eborum
696 5832 828 5905 humuli
855 5832 1042 5923 aequalemss
1068 5832 1156 5903 Item
1184 5832 1332 5905 taberna
1357 5852 1427 5905 una
1452 5854 1522 5905 non
1538 5834 1672 5905 babens
1689 5852 1824 5924 agrum,

275 5953 380 6024 solvit
414 5952 532 6024 decem
568 5958 604 6026 et
638 5960 715 6027 octo
741 5972 883 6045 grossos
909 5972 974 6045 pro
1000 5951 1166 6045 sculteto,
1191 5952 1238 6025 ad
1263 5954 1361 6026 cuius
1385 5954 1540 6045 pertinet
1565 5954 1826 6045 proprietatem.

274 6073 361 6146 Item
387 6073 608 6147 hortulaniae
634 6074 723 6147 duae
750 6096 818 6148 non
845 6075 1014 6148 habentes
1040 6092 1154 6167 agros,
1180 6094 1250 6149 nen
1277 6076 1418 6179 solrunt
1444 6096 1603 6167 censum,
1630 6074 1691 6147 sed
1717 6094 1824 6147 arnum

274 6196 365 6270 diem
391 6198 427 6269 in
455 6196 648 6287 septimana
673 6196 843 6269 laborant.
868 6198 956 6269 ltem
983 6216 1102 6269 omues
1128 6196 1205 6287 agri
1231 6198 1449 6270 cmethonum
1467 6202 1504 6269 et
1521 6198 1668 6287 scolteti,
1685 6195 1825 6271 solvunt

273 6317 439 6391 decimam
467 6316 726 6409 manipularem,
752 6324 789 6391 et
814 6319 1008 6392 conducunt
1039 6336 1104 6409 pro
1134 6318 1345 6391 monasterio
1372 6317 1683 6410 Sueczechoviensi,
1710 6323 1747 6391 et
1764 6338 1825 6391 ra·

273 6438 330 6513 lor
355 6440 430 6513 eius
457 6438 502 6513 ad
529 6446 608 6513 octo
634 6456 778 6512 marcas.
804 6440 891 6545 lieni
917 6440 1116 6513 cmethones
1142 6460 1288 6515 arenam
1313 6460 1382 6514 non
1410 6438 1515 6533 daut,
1542 6440 1625 6515 item
1656 6440 1823 6514 decimam
1867 6486 1876 6491 -

301 6568 356 6637 --e‘ff'l
371 6632 378 6645 ἢ
387 6584 414 6643 ’,ἐξ

277 6650 323 6701 7:³¹¹·
343 6662 345 6667 ·
373 6648 384 6688 ,¹
395 6670 399 6681 ι
