4217 8059
1750 1520 1819 1592 157

377 1720 542 1791 Beneficii
570 1728 685 1792 autem
713 1729 749 1792 et
774 1722 971 1812 largitionis
998 1730 1071 1793 tam
1098 1725 1300 1813 praesentis,
1330 1744 1431 1813 quum
1460 1724 1613 1815 altemns,
1641 1745 1709 1816 qua
1734 1727 1824 1797 idem

273 1842 449 1911 Hincza
475 1841 518 1912 de
545 1841 711 1930 Rogow
738 1842 828 1913 datis
847 1842 892 1913 ad
910 1845 1160 1933 coemptionem
1179 1844 1380 1915 advocatiae
1399 1844 1661 1934 MsthouiensiS,
1689 1852 1824 1917 centum

275 1963 456 2050 sexagenis
483 1968 520 2031 et
547 1962 739 2050 quindecim
768 1963 903 2050 marcis,
930 1965 1175 2034 monasterium
1203 1963 1440 2037 Mathovienae
1467 1966 1618 2054 iuverat,
1645 1967 1824 2055 praeposi-

272 2087 328 2151 tus
356 2089 391 2150 et
417 2089 607 2152 conventus
634 2081 883 2153 Mathoviensis
910 2103 1097 2172 memores,
1138 2082 1294 2173 praefato
1321 2083 1529 2155 Hinczae
1564 2084 1607 2155 de
1639 2085 1828 2174 Rogow,

273 2200 317 2270 ad
343 2200 548 2289 explendum
577 2201 850 2273 anniversarium
874 2209 1078 2292 perpetuum
1113 2223 1177 2293 pro
1205 2203 1320 2273 anima
1347 2224 1419 2292 sua,
1446 2203 1698 2293 adlegandum
1725 2204 1821 2275 vide·

273 2319 354 2389 licet
381 2319 525 2409 singulis
553 2320 754 2410 septimanis
782 2328 930 2410 quatuor
956 2323 1079 2393 missas
1106 2321 1352 2411 defunctorum,
1372 2322 1471 2393 etad
1490 2324 1698 2394 cantandum
1717 2342 1819 2395 unam
1956 2414 1961 2430 Ι

274 2426 412 2509 missam
440 2439 483 2509 de
509 2439 620 2510 Beata
646 2439 762 2511 Maria
788 2440 951 2531 Virgine,
988 2442 1093 2512 etiam
1121 2442 1266 2531 singulis
1294 2442 1503 2531 septimanis,
1530 2445 1707 2532 perpetuis
1734 2450 1816 2551 terp·

273 2559 416 2649 poribus
443 2580 480 2630 se
507 2560 749 2648 obligaverunt
776 2569 813 2631 et
839 2561 1109 2651 inscripserunt3
1145 2583 1232 2633 onus
1264 2563 1350 2632 satis
1385 2562 1617 2652 ponderosum
1644 2570 1680 2634 et
1706 2540 1827 2651 grart'

275 2679 365 2768 dum,
393 2681 465 2750 suis
492 2687 528 2750 et
554 2701 695 2752 suorum
723 2702 959 2753 successorum
986 2683 1178 2755 cervicibus
1205 2682 1423 2772 imponendo.

381 2919 420 2992 ln
450 2911 608 2992 nomina
644 2920 796 2994 Domini
826 2921 960 2993 Amen.
988 2923 1157 3012 Quoniam
1185 2924 1294 3012 gestis
1320 2924 1497 2994 hominnm
1524 2922 1613 2994 solet
1639 2924 1819 2994 novercari

273 3060 456 3129 processus
480 3049 695 3131 temporum,
723 3050 909 3132 eapropter
934 3065 998 3114 nos
1025 3045 1103 3115 lvo
1140 3045 1205 3114 Dei
1231 3045 1347 3133 gratia
1372 3041 1612 3115 Crotoniensis
1638 3044 1821 3133 episcopus

273 3167 391 3230 notum
417 3160 578 3249 iacimus,
614 3169 685 3232 tam
712 3164 971 3252 praesentibus,
999 3183 1101 3253 quam
1126 3163 1271 3252 futuris,
1305 3165 1387 3252 quia
1413 3164 1467 3234 de'
1481 3174 1650 3235 consensu
1677 3163 1818 3252 capituli

273 3278 512 3353 Gracoviensis
539 3302 657 3352 omnes
693 3282 843 3353 decimas
880 3283 1001 3354 domus
1028 3282 1297 3372 Msthoviensis,
1334 3304 1436 3372 quam
1462 3283 1498 3353 in
1524 3290 1646 3354 nostra
1670 3283 1820 3355 dioecesi

272 3401 375 3471 sitam
402 3402 557 3473 canonici
583 3402 762 3491 possident
788 3403 984 3494 regulares,
1025 3423 1111 3493 quas
1138 3404 1289 3474 decimas
1315 3404 1359 3474 ab
1386 3404 1662 3474 antecessoribus
1689 3403 1818 3474 nostris

272 3521 424 3609 legitime
451 3528 531 3592 sunt
556 3522 683 3612 adepti,
710 3530 815 3612 prout
841 3543 883 3593 ex
910 3544 1029 3594 corum
1055 3523 1247 3614 privilegiis
1273 3522 1511 3612 comperimus,
1538 3524 1623 3612 ipsis
1645 3530 1817 3594 eteorum

272 3640 538 3732 successoribus,
566 3643 739 3731 praesenti
766 3643 893 3733 pagina
920 3643 1081 3714 duximus
1108 3642 1374 3732 confirmandas,
1401 3649 1438 3712 et
1463 3642 1641 3713 vocabulis
1667 3643 1820 3732 propriis

160 3757 167 3763 '
272 3759 525 3848 exprimendas.
553 3763 642 3833 Sunt
667 3768 781 3833 autem
810 3764 907 3834 istae:
935 3765 1048 3852 ipsum
1075 3763 1268 3834 Msthow
1295 3783 1371 3835 cum
1389 3763 1507 3853 sylvis,
1534 3763 1627 3852 agris
1654 3769 1690 3833 et
1717 3746 1818 3849 villis,

272 3900 359 3967 quae
377 3881 470 3951 intra
487 3883 653 3953 terminos
672 3883 745 3954 eins
764 3884 993 3972 continentur,
1012 3904 1159 3984 quarum
1178 3883 1338 3954 villarum
1365 3882 1533 3954 vocabula
1559 3888 1648 3953 sunt:
1675 3881 1820 3953 Zaw'a-

186 4060 197 4074 .
272 3998 343 4088 da,
371 4000 600 4093 Usczyno,
633 4002 888 4090 Sroczsko,
925 4002 1389 4092 Jaslrr.ow,Kunyno.
1433 4004 1522 4074 Item
1548 4002 1584 4073 in
1611 4002 1703 4073 villis
1729 4001 1820 4071 mili·
1912 4050 1917 4061 ,

159 4214 162 4221 Ι
271 4126 345 4188 tum
372 4121 701 4211 circumiacentibus,
730 4144 874 4212 quarum
901 4123 1041 4194 nomina
1067 4132 1148 4195 sunt
1175 4125 1260 4195 ista:
1287 4122 1673 4213 Globukowycze,
1700 4123 1820 4212 lraa-

272 4239 369 4328 dze,
405 4242 502 4312 cuius
529 4242 634 4312 etiam
661 4249 796 4332 partem
824 4244 917 4314 dicta
943 4242 1065 4314 domus
1099 4245 1174 4314 inre
1202 4243 1436 4314 haereditario
1462 4242 1636 4332 possidet;
1673 4243 1755 4312 item
1778 4228 1819 4311 >in

272 4359 364 4429 villis
389 4361 476 4430 istis:
504 4361 839 4454 Cobylczycze,
866 4363 1147 4452 Matrzessa,
1174 4363 1347 4455 Zoraw,
1374 4363 1598 4452 Zagorze,
1626 4361 1846 4453 Myron,⁸
1913 4346 1919 4353 ’
1956 4364 1959 4369 ’

273 4478 545 4571 Szyedlcze,
573 4481 957 4572 Ozanstochowa,
993 4483 1412 4572 ozanstochowka,
1439 4482 1709 4573 Randzyny,
1736 4481 1821 4553 Ku-

273 4601 432 4690 chary;
467 4603 503 4673 in
531 4603 784 4676 duabus‘villis
811 4604 907 4676 ducis
943 4603 1277 4696 chdowycze,
1312 4603 1553 4693 Mokrskc,
1589 4602 1829 4692 Zirkowy·'

273 4741 366 4811 cze,
394 4722 438 4792 W
447 4724 783 4815 ylkogeczsk03
809 4727 846 4796 in
873 4725 928 4797 his
955 4726 1114 4797 omnibus
1140 4725 1517 4796 haereditatibussivs
1543 4723 1579 4793 in
1605 4723 1701 4795 uillis
1729 4728 1820 4825 nupt

272 4845 495 4932 constructis,
532 4845 605 4915 sive
632 4846 667 4915 in
694 4845 820 4917 futuris
855 4847 1069 4936 temporibus
1104 4845 1363 4933 construendis,
1398 4845 1433 4914 in
1473 4844 1630 4917 terminis
1666 4845 1678 4914 i
1757 4916 1766 4931 ,
1882 4862 1894 4907 .·

272 4963 534 5053 haereditatum,
571 4966 685 5036 dictae
721 4966 835 5036 domui
863 4967 1095 5039 Msthoviensi
1131 4968 1166 5036 in
1194 4973 1399 5056 perpetuum
1434 4965 1584 5036 decimas
1618 4964 1734 5055 perso
1750 5052 1773 5073 -.
1859 4902 1936 5051 a·

272 5084 466 5173 statuimus,
493 5087 584 5156 sicut
610 5087 714 5157 etiam
741 5088 852 5158 nostri
880 5096 1118 5158 antecessores
1145 5093 1353 5158 statuerunt.
1388 5086 1617 5157 Prohibemus
1643 5105 1726 5175 ergo
1753 5082 1847 5173 sm
1909 5117 1913 5126 ·2

1797 5136 1848 5169 .'.

1787 5168 1815 5185 *i'

273 5223 383 5292 poena
409 5207 650 5295 anathematis,
678 5227 721 5276 ne
749 5207 923 5296 quaelibet
958 5207 1210 5296 ecclesiastica,
1247 5207 1672 5296 saecularisvepersona,
1708 5178 1824 5277 dictis·

271 5322 399 5394 fratres
425 5333 461 5395 et
488 5347 606 5397 eorum
634 5347 852 5399 successores
870 5330 905 5397 in
924 5328 1027 5400 dictis
1054 5327 1197 5399 decimis
1215 5329 1342 5400 audeat
1368 5327 1546 5416 impedire.
1573 5325 1697 5396 Nullus
1715 5325 1820 5396 etiam

273 5445 307 5512 in
335 5443 427 5515 dicta
454 5447 528 5517 loco
556 5446 785 5518 Msthoviensi
813 5448 968 5520 ordinem
995 5456 1032 5520 et
1058 5448 1215 5538 regulam
1241 5448 1361 5519 Sancti
1384 5446 1570 5536 Augustini
1597 5446 1713 5516 valeat
1739 5464 1817 5533 per-
1914 5456 1920 5464 '

273 5572 426 5654 mutare,
461 5576 565 5656 prout
591 5588 654 5657 per
681 5567 798 5639 sedem
826 5569 1063 5658 Apostolicam
1098 5568 1264 5639 iratribus
1300 5568 1466 5639 acclesiae
1503 5565 1648 5636 Sanctae
1684 5562 1819 5635 Mariae

272 5684 428 5774 Virginis
455 5688 489 5756 in
517 5687 817 5760 Vratislania
838 5692 897 5760 'est
923 5690 1112 5778 indultum,
1149 5691 1212 5760 sub
1239 5674 1387 5778 qnorum
1411 5687 1504 5758 dicta
1532 5686 1652 5757 domus
1680 5684 1816 5757 Mathu-
1882 5770 1885 5777 Ι

262 5807 400 5876 ,niensis
427 5827 511 5877 cura
536 5808 652 5898 luisse,
672 5817 700 5878 'a
726 5830 809 5880 suae
835 5808 1051 5880 fundationis
1074 5811 1218 5881 exordio
1246 5809 1503 5898 comprobatur,
1531 5815 1567 5878 et
1594 5828 1637 5877 ne
1664 5808 1740 5896 quis
1767 5804 1820 5876 di·
1933 5873 1935 5876 ,

272 5934 346 5996 ctos
372 5927 498 5998 iratres
525 5928 783 6000 Mathovienses
809 5930 936 6001 audeat
971 5938 1007 6001 et
1034 5932 1145 6020 possit
1181 5950 1394 6019 quocumque
1430 5929 1532 6000 modo
1569 5929 1604 5997 in
1631 5926 1817 6016 praedictis

272 6047 473 6138 molestare,
511 6058 726 6139 praesentem
763 6051 923 6140 paginam
958 6049 1073 6141 sigillo
1094 6071 1176 6127 meo
1203 6058 1238 6121 ct
1265 6050 1378 6138 sigillo
1409 6049 1550 6139 capituli
1578 6046 1831 6153 cracoviensis·

271 6164 414 6243 ecimus
440 6169 594 6259 sigillari.
622 6171 712 6242 Acta
738 6178 820 6242 sunt
846 6172 931 6241 haec
957 6190 1048 6243 anno
1075 6170 1121 6242 ab
1147 6171 1386 6241 incarnatione
1412 6169 1551 6240 Domini
1574 6169 1681 6257 1220,
1709 6168 1744 6238 in
1761 6165 1823 6238 die·

271 6286 477 6361 Natiuitatis
494 6289 643 6378 Domini,
670 6298 750 6362 ante
769 6292 880 6364 altare
899 6291 1005 6363 Beati
1019 6288 1177 6363 Floriani
1202 6291 1366 6380 martyris
1392 6291 1427 6360 in
1447 6288 1693 6379 Cracovia,
1719 6306 1820 6379 prn-

272 6409 429 6480 sentibus
456 6410 519 6481 his:
546 6409 728 6500 Wyslao
755 6411 895 6503 decano,
922 6390 1110 6483 And'lea
1136 6409 1397 6499 archidiacono,
1434 6409 1624 6482 Benedicta
1651 6408 1818 6500 magistro
