4217 8059
789 2709 1314 2907 conmunionis

277 2997 404 3078 Ordo*
429 2967 653 3117 etreiipi'o
686 2994 877 3073 Fratrum
908 2995 1183 3075 eremitarum
1216 2995 1333 3073 Beati
1365 2992 1598 3097 Anpnatioi,
1633 2999 1674 3076 io
1706 2994 1855 3079 dtum'

739 3148 829 3231 cesi
863 3154 907 3229 at
940 3146 1047 3229 orbo
1080 3148 1370 3230 cracoviensi.
1706 3141 1709 3147 ’

379 3362 646 3445 Kazimir'ns
672 3370 911 3442 Secundus
937 3369 1104 3442 Poloniae
1130 3390 1210 3459 rex,
1237 3369 1380 3441 ioodata
1406 3371 1548 3443 civitate
1575 3371 1830 3447 casimiria
1919 3342 1927 3357 ⁶

277 3501 382 3568 etex
410 3514 473 3564 suo
500 3493 638 3564 nomine
664 3490 855 3581 appellata,
882 3491 1080 3562 vastitatem
1112 3491 1187 3561 eius
1211 3495 1250 3560 'et
1276 3488 1541 3580 infrequentiam
1569 3494 1679 3565 sacris
1705 3495 1831 3566 saitem

276 3616 416 3708 templis
450 3621 488 3687 et
522 3614 607 3685 locis
642 3612 867 3703 impleturus,
898 3611 1146 3719 monaqerinm
1172 3610 1319 3682 fratrum
1347 3612 1590 3703 eremitarum,
1616 3613 1830 3706 subregulo

279 3739 379 3810 Beati
406 3735 603 3826 Augustini,
629 3733 694 3805 sub
721 3737 929 3824 paupertate
946 3737 983 3802 et
1000 3718 1224 3803 mendicitate
1242 3732 1441 3821 viventium,
1459 3752 1550 3804 anno
1569 3734 1708 3806 Domini
1729 3735 1829 3808 lacu

277 3861 313 3930 in
340 3859 397 3930 die
421 3855 538 3928 Sancti
566 3852 711 3925 Martini
738 3853 910 3957 episcopi,
936 3853 972 3924 in
999 3851 1155 3943 praefato
1182 3852 1310 3944 oppido
1337 3852 1591 3944 Oasimiriensi,
1619 3854 1701 3927 dato
1728 3860 1830 3928 nota·

277 3979 339 4051 biii
374 3978 489 4069 spatio
524 3982 560 4047 et
593 3994 669 4066 pro·
694 3974 906 4046 monasterio
941 3978 987 4045 et·
1013 3992 1078 4064 pro
1105 3973 1254 4065 templo,
1280 3972 1421 4064 fundat,
1449 3992 1645 4066 novumque
1671 3975 1829 4049 ordinem

275 4101 443 4175 iratribus
469 4119 512 4170 ex
541 4079 690 4186 Praga
715 4091 862 4186 praefati
889 4093 1021 4166 ordinis
1048 4094 1234 4184 accersitis,
1261 4093 1352 4185 apud
1381 4114 1524 4185 regnum
1543 4114 1641 4168 mum
1660 4094 1828 4173 Poloniae

275 4221 406 4296 monac
433 4218 612 4309 Templum
640 4217 783 4307 insuper
808 4214 901 4287 ultae
926 4221 964 4287 et
989 4213 1157 4306 pulchrae
1183 4215 1416 4305 habitudinis,
1442 4220 1478 4286 et
1504 4220 1633 4288 tectum
1659 4238 1702 4288 ex
1730 4225 1828 4289 cocto

274 4344 385 4418 lutere
410 4339 608 4414 Jassziro
634 4337 678 4410 de
704 4335 933 4408 Melsthin
960 4335 1172 4409 casteilanna
1190 4333 1439 4426 cracoviensis,
1458 4335 1501 4407 de
1519 4335 1621 4408 domo
1640 4336 1827 4427 Leiiwa,

275 4462 368 4538 ostis
393 4460 558 4535 trecentis
582 4458 710 4545 mercis
740 4456 912 4548 iubricat3-
928 4456 965 4528 in
992 4474 1061 4547 qno
1086 4455 1215 4529 fratres
1241 4456 1374 4529 ordinis
1409 4455 1557 4548 praeisti
1584 4463 1621 4530 et
1647 4476 1720 4530 rem
1747 4478 1828 4530 exe

275 4591 465 4678 querentur
491 4580 653 4670 divinam,
679 4584 716 4650 et
741 4580 847 4652 horeb
872 4578 1056 4653 &municas
1082 4585 1153 4648 tam
1181 4568 1375 4668 diuturnas,
1402 4598 1504 4668 qnam
1533 4585 1720 4651 nocturnas
1746 4592 1829 4670 per·

203 4762 207 4773 .
274 4710 449 4794 sonarent,
474 4701 628 4792 illudque
654 4699 784 4805 Bentae
811 4696 950 4791 Virgini
977 4696 1187 4770 Gatberinae
1213 4697 1370 4770 intitulat
1396 4707 1432 4769 et
1459 4697 1604 4770 dedicat.
1632 4697 1731 4788 Quod
1750 4700 1828 4799 qni7

261 4828 352 4902 ‚mm
387 4824 552 4916 templum
588 4822 731 4911 eiusque
764 4800 1009 4893 monasterinm
1046 4819 1082 4890 in
1111 4838 1273 4909 processu
1300 4824 1494 4909 temporum
1521 4825 1558 4890 et
1584 4818 1736 4909 dierum,
1762 4828 1829 4911 per

273 4951 416 5021 fratrem
437 5001 445 5016 .
464 4999 498 5015 ..
525 4943 568 5015 de
587 4996 595 5011 .
613 4996 621 5012 .
640 4995 674 5011 ..
702 4935 785 5012 dicti
813 4940 1016 5013 monasterii
1044 4940 1205 5031 priorem,
1233 4939 1444 5011 notabilibus
1472 4938 1613 5010 fabricis
1639 4937 1826 5030 murorum,

274 5091 362 5163 qnae
389 5068 495 5139 etiam
522 5065 557 5135 in
584 5062 858 5154 praesentiarum
885 5067 1083 5149 cernuntur,
1110 5059 1176 5132 init
1203 5060 1418 5149 adomatnm,
1445 5060 1504 5131 sed
1533 5081 1614 5132 aere
1641 5061 1770 5131 casuali
1789 5067 1826 5132 et

274 5184 709 5263 alieno...Gnevosius
736 5182 826 5254 enim
845 5181 888 5253 de
906 5180 1178 5272 Dulowycze
1205 5182 1476 5251 succamerarins
1495 5178 1743 5269 (iracoviensis,
1762 5183 1825 5252 mi·

273 5314 323 5386 ies
346 5308 471 5383 nobilis
497 5307 540 5378 de
567 5304 668 5376 domo
695 5309 731 5375 et
757 5292 888 5374 familia
905 5301 1217 5394 Strzegomya,
1243 5303 1445 5373 thesaurum
1473 5308 1628 5373 suomet
1655 5301 1825 5391 clenodia,
1854 5306 1858 5313 '

273 5432 452 5527 pecuinam
471 5444 606 5519 qnoque
633 5430 669 5497 et
686 5424 788 5496 aliam
808 5422 957 5495 nobilem
985 5421 1241 5512 supellectilem,
1269 5442 1332 5512 per
1359 5419 1674 5493 Gwilheimnm
1702 5422 1825 5494 ducem

272 5554 447 5640 Austriae,
474 5550 532 5641 qui
560 5549 595 5618 in
622 5566 738 5636 rogem
766 5543 931 5616 Poloniae
959 5550 1097 5615 mortuo
1123 5542 1364 5614 Lndovico
1383 5542 1548 5614 Poloniae
1567 5549 1603 5614 et
1622 5536 1824 5634 Hungariae

273 5696 355 5767 rege
382 5678 579 5760 assumptos
605 5667 728 5756 inerat,
755 5672 791 5737 et
818 5665 872 5739 cni
900 5663 1167 5735 Ludooicus
1195 5664 1268 5754 ipse
1296 5662 1459 5735 Poloniae
1478 5669 1513 5735 et
1532 5663 1733 5755 Hungariae
1751 5685 1825 5754 rex,
1916 5636 1922 5649 ’

273 5797 378 5869 [iiiam
415 5812 512 5865 snam
547 5788 791 5877 Hedvigim
828 5787 993 5857 minorem
1031 5792 1133 5873 natu,
1163 5786 1196 5855 in
1234 5789 1428 5856 consortem
1457 5786 1578 5857 vivens
1605 5786 1717 5881 adbuc
1745 5806 1823 5857 cum

272 5939 379 6008 reguo
406 5913 570 5986 Poloniae
597 5907 802 5996 tradiderat,
829 5914 864 5978 et
892 5927 968 5977 cnm
996 5926 1066 5997 qua
1092 5903 1393 5977 Gwilbeimus
1421 5906 1497 5997 ipse
1516 5905 1584 5977 dux
1604 5902 1769 5979 Austriae
1788 5907 1825 5978 in

272 6036 499 6111 Cracovia
525 6032 646 6112 diebus
674 6027 887 6120 quindecim,
914 6027 1114 6117 prinsquam
1140 6024 1327 6115 dagello
1364 6026 1433 6097 dux
1461 6026 1669 6099 Litbuaniae
1696 6027 1740 6099 ad
1767 6047 1825 6098 re-

273 6159 422 6251 gendum
449 6173 593 6244 regnum
622 6149 786 6221 Poloniae
812 6147 1002 6219 accersitus
1028 6146 1152 6235 iuerat,
1170 6146 1473 6217 matrimonialiter
1491 6147 1683 6236 habitabat,
1702 6148 1771 6220 sibi
1788 6154 1825 6219 et

273 6281 352 6353 iidei
380 6298 463 6349 snae
490 6274 668 6359 creditum,
697 6271 774 6342 aliis
791 6270 895 6340 etiam
918 6267 1173 6339 conditionibus
1192 6273 1438 6357 congregatum
1458 6275 1493 6339 et
1512 6269 1717 6360 quaesitum,
1735 6267 1824 6340 duo-

273 6405 338 6474 bos
365 6401 445 6471 filiis
472 6394 732 6468 minorennibus
759 6397 795 6462 et
816 6389 1054 6479 impuberibus
1073 6387 1334 6458 distractionem
1353 6387 1446 6458 iilius
1465 6389 1597 6460 veritus
1615 6391 1825 6480 praesertim

1605 6770 1674 6863 Q,
