4217 8059
1669 1487 1718 1559 47

173 1701 273 1787 parte
301 1696 403 1766 villae
431 1715 552 1767 versus
571 1750 711 1764 ......
730 1696 806 1785 sita,
836 1695 984 1767 solvitur
1010 1695 1144 1767 decima
1170 1695 1394 1786 manipularis
1421 1717 1484 1786 pro
1511 1696 1722 1767 monasterio

172 1816 354 1907 hospitalis
381 1815 528 1887 Sanctae
560 1810 680 1887 Crucis
707 1816 742 1887 iu
770 1815 1019 1906 Cracovia,
1045 1825 1082 1888 et
1108 1817 1205 1887 valor
1232 1817 1306 1888 eius
1333 1817 1537 1888 aestimatur
1564 1816 1609 1888 ad
1635 1816 1721 1889 duas
1792 1802 1796 1809 ⁵

173 1958 316 2026 marcas,
344 1941 379 2007 et
404 1936 447 2008 de
474 1935 609 2008 duobus
635 1937 745 2008 laneis
772 1936 864 2009 cedit
890 1937 1130 2009 tantummodo
1148 1937 1281 2009 decima
1298 1937 1456 2028 vernalis,
1480 1936 1522 2008 de
1541 1937 1619 2009 aliis
1637 1959 1720 2009 vero

174 2058 309 2132 duobus
336 2058 482 2147 solvitur
517 2057 650 2130 decima
682 2058 851 2151 hyemalis
879 2064 915 2130 et
941 2058 1136 2149 canapalis3
1163 2057 1295 2130 decima
1321 2061 1436 2128 autem
1463 2057 1603 2130 residua
1629 2058 1722 2131 cedit

120 2254 124 2259 .
173 2180 339 2253 ecclesiae
366 2180 402 2249 in
430 2177 573 2251 Gdow.
1731 2266 1734 2272 Ι

274 2301 506 2390 dinumera,
541 2300 625 2372 villa
660 2302 724 2373 sub
760 2302 925 2391 parochia
960 2300 1003 2372 de
1039 2300 1326 2392 Biskupicze
1362 2301 1448 2390 sita,
1474 2301 1571 2372 cuius
1597 2301 1720 2373 haeres

172 2422 379 2512 Zegotha
406 2421 449 2493 de
476 2420 576 2493 domo
596 2476 604 2492 .
624 2475 632 2490 .
651 2477 658 2492 .
676 2422 717 2492 In
745 2443 813 2512 qua
840 2428 921 2494 sunt
947 2422 1081 2513 aliquot
1107 2442 1269 2514 agrorum
1297 2423 1408 2513 petias
1427 2422 1470 2494 de
1488 2441 1609 2511 campo
1627 2421 1719 2493 dicto

160 2541 470 2638 ⁴Pogwyzdow
497 2542 599 2614 villae
626 2541 823 2633 praefatae,
851 2543 908 2633 qui
936 2543 1160 2633 pertinebant
1186 2542 1371 2633 aliquando
1400 2542 1444 2614 ad
1471 2542 1588 2615 villam
1614 2541 1720 2613 Zbo-

173 2684 280 2753 row,
307 2664 350 2735 de
377 2664 502 2754 quibus
537 2665 685 2736 solvitur
712 2664 846 2736 decima
877 2663 1102 2753 manipularis
1129 2664 1338 2735 monasterio
1365 2663 1548 2754 hospitalis
1574 2662 1720 2735 Sanctae

172 2782 310 2875 Crucis,
337 2790 374 2856 et
401 2785 499 2855 valor
527 2785 609 2857 eius
636 2786 839 2857 aestimatur
866 2784 910 2856 ad
937 2791 1010 2856 tres
1036 2784 1207 2873 fertones3
1234 2762 1366 2856 decima
1393 2790 1507 2855 autem
1536 2783 1721 2874 praedialis

155 2906 319 2981 ¹solvitur
346 2907 510 2979 ecclesIae
537 2906 573 2976 in
600 2906 893 2997 BislrupIcze,
920 2912 957 2978 et
984 2906 1082 2978 valor
1108 2905 1183 2977 eius
1210 2905 1385 2977 adunam
1411 2925 1572 3008 marcam.

277 3029 546 3117 Fnuuowrczu,
574 3028 657 3099 villa
693 3029 757 3100 sub
784 3028 951 3118 parochia
977 3029 1143 3099 ecclesiae
1171 3027 1214 3099 de
1242 3025 1379 3099 Gdow
1396 3016 1489 3117 sita,
1516 3027 1626 3104 cuius¹
1641 3047 1721 3116 pro

172 3150 303 3243 prietas
331 3155 368 3221 et
395 3149 582 3222 dominium
609 3150 653 3221 ad
679 3149 874 3221 Iohannem
901 3155 938 3221 et
955 3149 1175 3238 stanislaum,
1193 3148 1372 3239 Iacobum,
1390 3149 1581 3240 Nicolaum,
1599 3148 1720 3220 Stre·

171 3291 224 3365 pe
249 3292 314 3362 pro
341 3270 468 3361 insigni
496 3269 733 3361 deferentium,
761 3270 922 3361 pertinet.
948 3271 988 3341 In
1016 3292 1085 3360 qua
1112 3275 1193 3342 sunt
1211 3277 1360 3360 quatuor
1377 3269 1469 3341 lanei
1487 3269 1721 3341 cmethonales

170 3398 208 3467 et
233 3392 276 3465 de
304 3393 462 3464 omnibus
489 3392 583 3482 agris
610 3392 757 3465 solvitur
783 3392 916 3464 decima
942 3392 1168 3482 manipularis
1195 3391 1406 3463 monasterio
1433 3390 1616 3481 hospitalis
1634 3389 1720 3463 San·
1851 3468 1856 3475 ,

171 3520 248 3587 ctae
274 3514 413 3604 Crocia,
441 3518 477 3586 et
502 3513 678 3585 inducitur
705 3514 740 3584 in
767 3513 928 3585 horreum
956 3535 978 3585 a
1004 3512 1204 3604 praeposito
1230 3512 1432 3595 monasterii
1458 3511 1659 3601 locandum„
1686 3517 1721 3583 et

171 3636 270 3717 valor
296 3637 371 3707 eius
398 3636 603 3707 aestimatur
628 3634 672 3706 ad
699 3641 773 3707 tres
799 3655 943 3706 marcas.
983 3635 1080 3707 Item.
1098 3636 1247 3706 taberna
1272 3655 1342 3706 una
1368 3634 1501 3721 liabens
1528 3653 1651 3724 agros,
1677 3632 1720 3705 de
1822 3683 1828 3694 -

172 3757 309 3849 utribus¹
323 3756 515 3846 decimatur
550 3777 614 3848 pro
641 3756 806 3847 hospitali
832 3755 951 3828 Sancti
977 3755 1129 3846 Spiritus
1156 3756 1191 3826 in
1217 3736 1451 3827 Cracovia.
1477 3754 1573 3827 ‚Item
1601 3755 1721 3827 hortu-

170 3878 283 3951 laniae
310 3886 384 3949 tres
410 3878 579 3950 habentes
606 3898 728 3979 agros,
755 3877 798 3950 de
825 3878 951 3968 quibus
978 3879 1137 3950 omnibus
1164 3876 1311 3949 solvitur
1336 3876 1469 3949 decima
1495 3876 1720 3967 manipularis
1799 3877 1801 3881 ’

170 3998 335 4073 ecclesiam
361 3997 487 4080 *Sancti
523 3997 674 4088 Spiritus
710 3999 875 4089 hospitali
910 3980 945 4070 in
981 3998 1232 4090 Cracovia·
1257 3998 1345 4070 Item
1381 4004 1435 4071 est
1465 3998 1514 4070 ibi
1541 3996 1719 4088 praedium

170 4119 338 4209 militare,
375 4119 419 4191 de
454 4120 551 4192 cuius
589 4120 683 4210 angs
712 4119 859 4191 solvitur
896 4119 1030 4191 decIma
1056 4119 1284 4211 manipularis
1310 4119 1476 4192 ecclesiae
1503 4119 1539 4189 in
1566 4116 1720 4208 Grion,

125 4322 148 4341 ‚-
171 4241 381 4317 monasterio
408 4246 523 4311 autem
550 4241 734 4331 hospitalis
761 4240 909 4313 Sanctae
936 4240 1059 4314 Crucis
1086 4242 1129 4313 de
1147 4242 1250 4332 angs,
1269 4240 1312 4313 de
1331 4241 1456 4332 quibus
1474 4239 1721 4331 depositisunt

164 4340 388 4452 ¹e'ntetlrones3
425 4363 592 4435 hactenus
628 4368 764 4455 tantum
800 4354 895 4443 sunt'
916 4363 966 4434 ibi
1002 4364 1073 4435 tria
1108 4362 1252 4454 praedia
1287 4362 1526 4434 cmethonibus
1553 4360 1720 4452 depositis

168 4460 293 4595 lupata,
319 4504 409 4575 quae
437 4484 553 4557 omnia
579 4484 753 4556 decimant
779 4484 992 4555 monasterio
1019 4484 1203 4574 hospitalis
1222 4482 1368 4555 Sanctae
1386 4481 1515 4556 Crucis.
1542 4482 1630 4553 Item
1648 4503 1721 4555 mo-

167 4602 343 4679 lendinum
370 4627 439 4679 non
465 4612 528 4678 est.

194 4758 212 4777 ··
252 4716 483 4817 Srnnuua'r,
512 4728 595 4799 villa
612 4704 686 4809 'sub
713 4726 879 4818 parochia
905 4723 1070 4798 ecclesiae
1089 4726 1133 4799 de
1151 4724 1287 4799 Cdo-w
1314 4726 1392 4816 slta,
1410 4725 1506 4797 onius
1524 4725 1720 4816 proprietas

159 4840 418 4942 ‚evdominium
443 4849 489 4943 ad
517 4848 725 4920 Stanislaum
753 4847 1068 4940 Stadniczsky
1095 4847 1267 4921 dedomo
1294 4846 1464 4919 Saarza
1491 4847 1654 4938 pertinet.
1678 4848 1719 4919 Iu

168 4989 237 5061 qua
262 4974 343 5041 sunt
378 4990 446 5041 non
473 4970 566 5040 lanei
593 4969 845 5059 cmethonales,
873 4968 934 5040 sed
960 4962 1075 5060 peries
1102 4989 1274 5060 agrorum.
1313 4969 1401 5041 Item
1428 4969 1464 5040 in
1491 4968 1611 5041 eadem
1639 4969 1722 5060 villa

167 5091 343 5163 suntduo
370 5091 481 5181 campi
508 5091 591 5161 dicti
618 5113 718 5186 apwy
744 5090 947 5182 praediales,
974 5092 1017 5163 de
1036 5092 1161 5182 quibus
1179 5092 1326 5164 solvitur
1344 5091 1478 5163 decima
1494 5091 1721 5181 manipularis
1829 5168 1836 5177 ,,

169 5213 380 5284 monasterio
416 5213 600 5303 hospitalis
635 5212 783 5284 Sanctae
810 5211 950 5301 Crucis;
987 5213 1086 5284 valor
1113 5213 1187 5284 eius
1215 5212 1259 5284 ad
1287 5218 1437 5303 quatuor
1463 5232 1607 5283 marcas
1633 5212 1720 5284 Item

166 5337 221 5407 eat
253 5333 305 5405 ibi
340 5333 520 5423 praedium
557 5333 727 5425 militare,
754 5333 798 5405 de
834 5334 931 5406 cuius
958 5335 1051 5425 agris
1081 5335 1233 5425 antiquis
1263 5334 1499 5424 praedialibus
1527 5333 1720 5405 decimatur

167 5472 232 5545 pro
257 5455 404 5527 ecclesia
429 5456 467 5525 in
493 5452 638 5546 Gdow,
664 5461 700 5527 ot
727 5456 825 5528 valor
851 5456 925 5528 eius
951 5455 996 5528 ad
1023 5477 1127 5528 unam
1154 5474 1313 5531 marcam.

271 5575 456 5667 Wrunar,
482 5577 566 5647 villa
592 5577 656 5648 sub
683 5577 850 5667 parochIa
875 5577 1041 5650 ecclesiae
1069 5577 1112 5650 de
1140 5575 1275 5650 Gdow
1302 5578 1379 5668 sita,
1407 5577 1503 5671 cuius
1522 5577 1719 5667 proprietas

167 5699 204 5769 ot
227 5695 415 5770 dominium
443 5697 489 5769 ad
515 5697 727 5770 Stanislaum
754 5704 790 5770 ct
813 5698 1008 5771 Iohannem
1027 5681 1407 5789 Marsallrouiczi
1434 5698 1477 5770 de
1496 5699 1603 5770 armis
1621 5697 1719 5769 Plo-

166 5838 363 5911 myenye
380 5819 541 5908 pertiuet.
576 5820 617 5891 In
645 5840 714 5910 qua
741 5827 823 5892 sunt
848 5821 941 5892 lanei
968 5821 1221 5911 cmethonales,
1248 5826 1285 5893 et
1312 5820 1355 5892 de
1371 5821 1542 5893 omnibus
1571 5819 1719 5891 solvitur

166 5939 433 6037 et'conducitur
459 5941 598 6012 nonnisi
625 5960 715 6013 anno
743 5941 848 6013 tertio
876 5941 1009 6013 decima
1037 5942 1262 6032 manipularis
1289 5947 1325 6015 et
1351 5942 1537 6032 canapalis,
1564 5962 1628 6031 pro
1646 5961 1720 6012 mo-

166 6060 320 6132 nasterio
356 6061 555 6152 hospitalis,
582 6068 619 6133 et
654 6062 752 6134 valor
789 6062 863 6133 eius
890 6064 1095 6135 aestimatur
1121 6063 1165 6135 ad
1192 6064 1340 6135 mediam
1366 6083 1527 6135 marcam.
1567 6061 1656 6132 Item
1683 6061 1719 6132 in

166 6173 286 6253 eadem
313 6180 397 6252 villa
422 6188 504 6254 sinit
529 6189 603 6255 tres
623 6182 735 6273 campi
761 6182 847 6254 alias
874 6206 984 6279 uymy,
1002 6184 1087 6256 dicti
1105 6184 1331 6270 Kaczlrow
1358 6182 1563 6285 praedialea,
1582 6182 1625 6255 de
1644 6183 1719 6274 qui-

165 6300 231 6374 bua
268 6302 415 6374 solvitur
450 6304 583 6376 decIma
618 6294 845 6396 manipularis
880 6306 1090 6397 monasterio
1125 6305 1309 6396 hospitalis
1346 6305 1492 6393 Sanctae
1527 6305 1648 6379 Crucis
1683 6307 1718 6377 in

165 6418 401 6497 Cracovira
429 6425 518 6499 Item
543 6427 691 6499 taberna
717 6447 787 6500 una
814 6427 947 6501 habens
975 6447 1088 6522 agros.
1114 6426 1203 6500 Item
1229 6426 1457 6503 hortulaniae.
