4217 8059
1734 1520 1808 1593 223

265 1725 405 1791 tenetur
432 1719 565 1791 solvere
592 1740 657 1810 pro
684 1721 1038 1794 mensalibus...ltem
1065 1722 1233 1811 plebanus
1260 1728 1297 1793 et
1314 1722 1458 1795 ecclesia
1476 1722 1686 1815 parochialis
1702 1724 1811 1801 habet

264 1841 311 1911 ih?
340 1840 539 1930 praedium,
567 1841 601 1912 iu
637 1840 710 1913 tres
739 1862 884 1932 campos
911 1841 1079 1933 diuisum,
1106 1843 1149 1915 de
1176 1842 1301 1934 quibus
1327 1844 1414 1916 nulli
1440 1844 1571 1935 soluite
1591 1844 1680 1919 item
1704 1846 1811 1919 lmliet

265 1961 352 2033 duos
379 1962 518 2051 hortos3
546 1961 636 2032 item‘
657 1962 763 2035 habet
789 1963 1002 2036 offertorium
1029 1970 1065 2036 et
1091 1964 1360 2037 ecclesiasticum
1388 1970 1578 2057 quaestum.

368 2082 649 2172 szraonnsznr,
684 2082 767 2154 uilla
803 2084 866 2157 suh
902 2084 1069 2175 parochia
1104 2086 1270 2159 ecclesiae
1304 2085 1348 2157 da
1383 2080 1577 2159 Tacho-'w
1602 2086 1687 2177 sita,
1713 2088 1810 2159 cuins

264 2204 461 2295 proprietas
496 2210 533 2275 et
559 2204 748 2276 dominium
784 2205 828 2276 ad
866 2206 1028 2277 abbatam
1063 2212 1100 2277 et
1134 2207 1381 2279 monasterium
1410 2206 1623 2280 Tinicziense
1648 2208 1810 2298 pertinet.
1861 2212 1864 2216 “

264 2324 308 2397 ln
332 2345 399 2415 qua
425 2330 508 2396 sunt
533 2325 679 2415 triginta
704 2323 796 2397 lanei
824 2326 1075 2417 cmethonales,
1102 2326 1145 2399 de
1173 2327 1296 2418 quibus
1323 2328 1480 2400 omuibus
1505 2328 1666 2405 solvitur¹
1679 2328 1812 2401 decima
1905 2374 1909 2380 -

228 2451 234 2465 “
263 2446 489 2537 manipularis
524 2453 561 2518 et
597 2447 790 2537 canapalis,
816 2453 852 2518 et
879 2447 1085 2520 conducitur
1109 2468 1173 2539 per
1199 2449 1415 2539 cmcthones,
1442 2455 1547 2542 atque
1572 2449 1722 2522 solvitur
1744 2436 1809 2541 pro

257 2568 408 2639 ecclesia
434 2568 623 2658 parochiali
651 2568 685 2640 in
714 2568 917 2659 Thebon,
936 2574 971 2640 et
997 2569 1096 2642 valor
1122 2569 1197 2641 eins
1220 2570 1424 2641 aestimatur
1440 2570 1486 2641 ad
1502 2569 1651 2661 triginta
1666 2590 1810 2675 marcas.
1932 2584 1936 2591 ·

265 2689 363 2761 Item·
390 2696 444 2761 est
478 2689 528 2760 ibi
564 2690 724 2761 scoltetia
760 2690 893 2762 habens
924 2690 1061 2789 laneos,
1089 2691 1284 2783 dequibus
1311 2691 1469 2764 omnibus
1503 2691 1652 2764 solvitur
1677 2690 1811 2764 decima

265 2810 488 2901 manipularis
516 2811 682 2883 ecclesiae
708 2811 899 2901 parochiali
926 2796 1037 2913 injus
1056 2811 1202 2903 'chou;
1229 2812 1311 2884 item
1339 2812 1528 2904 praedium,
1555 2813 1637 2885 item
1654 2813 1810 2903 taberna,

262 2931 345 3003 rom
371 2932 577 3004 donnana.
927 2914 930 2919 ’
958 2898 1074 3045 ζ”,ζῇᾒ

366 3053 602 3143 Damascum,
630 3055 713 3125 villa
739 3055 804 3126 sub
831 3044 999 3145 parocbia
1022 3052 1187 3129 ecclcsiae
1213 3054 1257 3127 de
1284 3055 1475 3126 Tuchou
1501 3055 1588 3145 sita,
1604 3055 1701 3128 cuins
1727 3074 1806 3146 pro·

263 3174 392 3265 prietes
428 3181 480 3247 et·
499 3174 685 3247 dominium
722 3174 765 3246 ad
793 3175 954 3248 abbatom
989 3170 1026 3247 et
1060 3176 1306 3247 monasterium
1335 3175 1547 3247 Tiniczieusa
1573 3176 1750 3265 pertinet·
1767 3176 1808 3247 ln

108 3316 116 3335 ·
261 3316 329 3386 qua
355 3302 436 3367 aunt
462 3296 497 3367 in
524 3304 625 3386 parte
652 3297 788 3368 abbatis
805 3295 897 3368 lanei
916 3296 1169 3386 cmethonales3
1194 3297 1278 3368 itam
1296 3296 1340 3369 de
1358 3296 1516 3369 omuibus
1533 3297 1627 3386 agris
1645 3302 1682 3369 et
1698 3296 1809 3369 lbneis

262 3416 438 3507 pmmatae
464 3417 567 3488 villae
594 3418 743 3489 solvitur
768 3422 804 3489 et
830 3417 1035 3489 conducitur
1061 3417 1194 3491 decima
1220 3417 1444 3508 manipularis
1470 3422 1507 3488 et
1533 3416 1719 3507 canapalis,
1737 3436 1809 3523 ‘pro

263 3538 409 3610 ecclesia
436 3537 626 3627 parochiali
653 3539 688 3609 in
713 3538 920 3629 ·Tuchow‚
947 3543 983 3609 et
1010 3539 1110 3611 valor
1135 3539 1210 3610 eius
1236 3537 1441 3610 aestimatur
1467 3537 1648 3611 addacem
1666 3556 1809 3609 marcas.

262 3660 350 3729 Item
375 3659 559 3730 ineadem
587 3659 669 3730 uilla
695 3665 748 3731 est
776 3660 953 3750 praedium
980 3660 1108 3732 bonnm
1135 3659 1300 3731 ecclesiae
1327 3663 1363 3730 et
1388 3657 1526 3750 plebani
1552 3656 1809 3749 Tachoviensis,

263 3779 314 3851 de.
334 3802 401 3871 quo
437 3780 522 3852 uulli
558 3781 663 3852 solvit
698 3780 885 3871 decimam,
912 3786 947 3852 et
983 3782 1082 3853 valor
1118 3780 1193 3852 eins
1220 3780 1424 3852 aestimatur
1450 3778 1495 3851 ad
1521 3778 1640 3852 decem
1665 3796 1808 3853 marcas.
1953 3830 1959 3847 ,

261 3901 348 3973 Item
376 3901 555 3991 praedium
582 3902 790 3991 coenobiale,
817 3903 898 3974 item
925 3904 1101 3993 tabernae,
1120 3903 1201 3973 item
1219 3901 1447 3991 hortulaniae,
1465 3901 1549 3973 item
1564 3899 1809 3973 molendinum.

291 4042 294 4049 ’
366 4023 720 4114 Basouwoscuowrl,
748 4023 831 4095 uilla
858 4024 922 4096 sub
949 4016 1115 4114 parochia
1140 4024 1306 4095 ccclesiae
1333 4022 1377 4095 de
1395 4021 1590 4094 Tuchcu
1608 4022 1694 4111 'sita
1712 4021 1809 4093 cuius

262 4144 459 4235 proprietas
486 4148 522 4215 et
539 4143 726 4216 dominium
746 4200 754 4215 .
773 4200 807 4215 ..
834 4145 873 4215 ln
902 4166 970 4234 qua
996 4150 1078 4216 sunt
1103 4144 1252 4215 sedecim
1278 4144 1370 4215 lanei
1395 4142 1644 4231 emethonalea,
1671 4147 1708 4212 et
1733 4142 1809 4233 qni·

262 4265 347 4337 libet
377 4265 480 4337 solvit
515 4266 649 4338 ratione
676 4267 861 4356 parochiae
889 4267 1053 4337 ecclesiae
1081 4264 1271 4357 parochiali
1307 4270 1343 4336 et
1369 4264 1516 4354 plebano
1542 4264 1578 4333 in
1606 4262 1809 4353 Tuchou,

262 4410 366 4459 unum
393 4407 553 4478 grossum
578 4396 615 4459 et
641 4409 746 4459 ulrum
773 4409 919 4459 caseum.
946 4387 1034 4459 Item
1062 4406 1180 4459 omnes
1198 4384 1288 4457 lanei
1307 4384 1551 4475 cmcthonales,
1567 4384 1650 4457 ilem
1672 4383 1809 4474 praedi·

262 4531 329 4598 um,
356 4509 438 4580 item
465 4509 642 4598 tabernae,
669 4510 752 4580 item
779 4508 998 4581 hortulaniae
1017 4563 1024 4577 .
1044 4562 1078 4577 ..

196 4630 198 4637 '
366 4631 516 4720 Bonam,
544 4630 627 4701 uilla
654 4630 718 4702 sub
746 4631 911 4721 parochia
937 4628 980 4700 de
1007 4629 1235 4701 Thuchow
1264 4628 1341 4700 sita.
1367 4627 1407 4699 lu
1433 4647 1503 4719 qna
1528 4632 1610 4698 sunt
1636 4625 1753 4698 decem
1772 4633 1809 4698 et

263 4760 394 4842 septem
422 4752 513 4823 lanei
541 4750 783 4840 cmcthonalm,
811 4752 891 4822 item
920 4750 1008 4822 duaa
1029 4744 1314 4839 hortulauiae,'el
1331 4748 1477 4839 quilibet
1493 4747 1629 4820 cmetho
1648 4746 1691 4819 de
1709 4747 1809 4819 laneo

261 4860 365 4944 solvit
391 4873 556 4944 ccclesiae
583 4862 775 4963 parochiali
801 4874 837 4944 in
865 4872 1058 4944 Tuchou
1085 4877 1121 4943 et
1147 4872 1222 4944 eius
1249 4870 1406 4962 plebano,
1433 4869 1568 4941 ratione
1595 4868 1681 4940 iuris
1707 4888 1808 4959 paro·

261 4993 391 5084 chialis,
418 5015 523 5066 unum
550 5014 708 5084 grossum
736 4998 771 5065 et
796 5014 900 5066 nuum
925 5006 1072 5083 caseum,
1098 4993 1304 5066 hortulanus
1322 5011 1405 5063 vero
1424 4989 1527 5063 solvit
1543 4988 1693 5065 medium
1711 5010 1810 5081 gros·

261 5136 335 5186 sum
363 5120 399 5186 et
424 5136 530 5187 unum
558 5134 705 5186 caseum.
732 5114 819 5185 Item
847 5134 965 5186 omnes
992 5115 1190 5186 cmethones
1217 5112 1320 5187 villae
1347 5110 1486 5185 solvunt
1513 5110 1698 5202 decinam,
1725 5092 1809 5183 item

261 5236 449 5329 praedium,
477 5237 558 5307 item
586 5238 763 5308 tabernae.
891 5270 895 5277 ·
1767 5220 1794 5249 ”

365 5356 562 5446 Masonem,
590 5356 673 5428 villa
699 5358 763 5428 suh
789 5355 955 5449 parochia
982 5355 1147 5428 ecclesiae
1164 5354 1218 5453 ‘de
1244 5354 1439 5428 Tachou
1466 5354 1544 5427 sita.
1570 5354 1611 5426 In
1638 5372 1707 5445 qua
1728 5360 1809 5425 aunt

241 5458 490 5571 'quadraginta
517 5500 576 5550 seu
604 5479 696 5550 lanei
720 5478 966 5569 curethonales,
992 5484 1029 5551 et
1055 5476 1199 5569 quilibet
1225 5477 1330 5549 solvit
1356 5472 1521 5549 ecclesiae
1555 5472 1747 5566 parochiali
1772 5474 1808 5544 iu

260 5586 472 5689 T'uclrou,
499 5600 633 5671 ratione
665 5600 751 5673 iuris
788 5599 1015 5691 parochialis,
1041 5618 1148 5673 uuum
1175 5616 1293 5671 corum
1320 5598 1475 5690 siliginis,
1494 5602 1530 5669 et
1556 5616 1661 5673 unum
1689 5614 1807 5667 corum

261 5741 390 5793 avenae
417 5731 453 5793 et
479 5743 583 5794 unum
612 5742 758 5794 caseum.
784 5722 872 5792 Item
900 5726 954 5793 est
980 5720 1029 5793 ibi
1056 5720 1217 5793 scoltetia
1242 5720 1375 5793 habens
1401 5719 1488 5793 duos
1515 5717 1644 5808 laneos,
1671 5716 1714 5790 de
1732 5716 1808 5808 qni·

260 5842 324 5913 hus
360 5843 528 5915 scoltetus
562 5842 697 5916 ratione
732 5842 903 5933 decimae,
939 5842 1044 5915 solvit
1079 5841 1244 5915 ecclesiae
1279 5840 1471 5933 parochiali
1500 5845 1579 5912 octo
1604 5842 1746 5931 grossos
1773 5844 1809 5911 et

260 5967 410 6053 quatuor
436 5982 535 6036 coros
562 5962 708 6055 duplicis
734 5963 844 6055 grani,
864 5962 1020 6055 siliginis·
1044 5962 1206 6036 uidelicet
1232 5966 1268 6034 et
1294 5982 1432 6036 avenae.
1458 5962 1547 6034 Item
1574 5978 1692 6034 omnes
1718 5959 1810 6031 lanei

260 6083 495 6156 crnethonales
523 6086 661 6156 solvunt
688 6085 864 6175 decimam,
890 6084 973 6167 item
1001 6084 1191 6174 praedium,
1218 6085 1302 6156 item
1328 6086 1506 6157 tabernae.

364 6206 655 6279 Luuauscuowa
689 6207 776 6278 alias
803 6206 924 6296 Luna,
952 6205 1036 6278 villa
1071 6205 1135 6278 sub
1162 6206 1335 6305 parochia¹
1354 6206 1520 6278 ecclesiae
1546 6203 1589 6275 de
1616 6201 1809 6275 Tacho'u

261 6328 347 6417 sita,
386 6329 483 6400 cuius
516 6326 715 6399 haereditas
733 6334 786 6400 et
817 6316 1013 6420 proprietas
1050 6326 1095 6398 ad
1120 6327 1368 6399 monasterinm
1394 6326 1619 6399 Thincniense
1645 6324 1809 6417 pertinet.

258 6449 299 6521 ln
327 6470 395 6541 qua
422 6456 503 6521 sunt
527 6449 618 6521 lanei
645 6450 888 6541 cmethouales,
913 6455 950 6522 ct
976 6448 1124 6542 quilibet
1149 6448 1285 6523 emetho
1313 6442 1418 6523 'soluit
1435 6446 1600 6521 ecclesiae
1617 6432 1809 6539 parochiali
1879 6432 1884 6437 ⁵
