4217 8059
1745 1490 1820 1561 207

376 1683 594 1779 Gourasca,
635 1692 789 1761 castrum
825 1689 890 1762 sub
926 1692 1093 1782 parocbia
1116 1692 1294 1765 ecclesiae
1330 1693 1375 1767 de
1400 1692 1682 1767 Kolacziczo
1707 1697 1822 1788 situm,

271 1806 369 1877 cuins
387 1806 584 1897 proprietas
601 1807 644 1879 ad
664 1810 911 1882 monasterium
931 1810 1156 1884 Thincziense
1174 1813 1337 1903 pertinet,
1355 1814 1420 1885 sub
1438 1821 1595 1904 tempore
1613 1795 1832 1913 Mathiae,

271 1930 409 2007 abbatis
437 1929 684 2023 Tbyncziensis
710 1932 777 2006 luit
802 1932 1023 2024 demolitum,
1061 1934 1123 2008 sed
1156 1936 1220 2006 sub
1257 1940 1412 2025 tompore
1450 1933 1613 2009 Andreae
1647 1933 1822 2009 Osszka

271 2049 488 2127 succedentis
514 2051 724 2143 immediate,
750 2053 817 2128 iuit
842 2054 1086 2127 instauratum.
1274 2125 1278 2133 .

373 2170 519 2243 Wourn
546 2173 872 2266 circa.Bazosrms,
898 2175 981 2248 villa
1006 2177 1071 2248 sub
1098 2177 1270 2266 parocbia·
1288 2176 1332 2249 de
1360 2176 1591 2247 Brzostelr
1618 2177 1820 2267 sitacium

271 2292 468 2401 proprietas
494 2292 539 2367 ad
565 2295 812 2373 monasterium
839 2295 883 2369 de
910 2296 1143 2389 Thiuyecz
1170 2296 1332 2387 pertinet
1359 2297 1399 2367 ln
1418 2318 1488 2387 qua
1513 2304 1595 2370 sunt
1621 2296 1712 2369 lanei
1731 2279 1820 2371 oma-

270 2412 441 2503 tbouales,
467 2419 505 2487 et
530 2414 677 2506 quilibet
703 2417 807 2489 solvit
832 2438 897 2509 pro
925 2438 1031 2489 censu
1049 2470 1216 2507 .......
1243 2416 1327 2487 item
1354 2436 1440 2507 ova,
1459 2391 1563 2489 'item
1589 2417 1712 2507 gallos,
1738 2418 1821 2491 item

271 2554 400 2633 caseos,
427 2534 510 2607 item
531 2534 735 2630 precatuum
771 2537 853 2609 item
880 2537 1037 2626 taberna,
1066 2537 1148 2609 item
1175 2536 1361 2625 hortulani,
1389 2537 1473 2611 item
1501 2536 1700 2629 praedium3
1737 2539 1821 2611 item

271 2660 326 2727 est
351 2654 401 2727 ibi
428 2655 594 2731 scoltetus
620 2657 752 2731 habens
778 2657 865 2730 duos
891 2657 1028 2747 laneos,
1055 2664 1093 2729 et
1118 2658 1242 2749 recipit
1268 2664 1404 2731 sextum
1431 2658 1610 2731 denarium
1636 2657 1680 2730 de
1707 2679 1822 2732 censu.

271 2777 357 2848 Item
385 2784 465 2866 post
491 2798 610 2849 omnes
637 2800 741 2869 agros
768 2779 914 2852 solvitur
941 2778 1113 2853 decima...
1141 2779 1228 2850 ltem
1247 2799 1311 2868 pro
1328 2779 1481 2851 adventu
1506 2778 1645 2852 abbatis
1671 2779 1824 2855 cmetbu-

271 2918 332 2969 nes
359 2897 498 2971 solvunt
524 2899 728 2990 stationam,
747 2901 851 2973 ¹duas
877 2920 1059 2973 mensuras
1084 2919 1233 2989 arenae,
1260 2920 1367 2971 unum
1393 2900 1529 2973 octuale
1555 2899 1733 2990 cervisiae,
1760 2918 1830 2981 sca.

271 3016 395 3108 pullos,
422 3019 506 3091 item
534 3041 636 3092 unam
664 3041 808 3111 pernam
835 3021 934 3093 lardi.
1543 3014 1546 3018 ’

318 3208 328 3227 ,
378 3137 645 3231 Kouaczrczc,
671 3141 844 3233 oppidum,
870 3141 994 3233 inquo
1021 3140 1167 3213 ecclesia
1192 3141 1307 3232 lignea
1332 3139 1550 3232 parochialis,
1576 3139 1723 3213 Sanctae
1747 3138 1825 3210 Ma·
1923 3152 2029 3245 :pust

271 3259 345 3333 riaa
371 3259 503 3351 dicata,
538 3262 636 3335 cuius
662 3263 859 3354 proprietas
886 3263 931 3335 ad
958 3262 1206 3336 monasterium
1233 3262 1459 3335 Thincziense
1485 3261 1647 3352 pertinet
1686 3261 1727 3331 In
1754 3281 1822 3353 qno
1924 3236 2030 3389 {dr

271 3386 354 3453 sunt
388 3401 510 3453 novem
537 3381 630 3453 lanei
656 3382 926 3474 oppidanorum,
953 3389 990 3455 et
1017 3382 1162 3474 quilibet
1188 3383 1293 3455 solvit
1319 3404 1383 3473 pro
1410 3402 1517 3455 censu
1543 3434 1673 3471 ......
1708 3386 1900 3515 toturn&
1925 3370 1976 3409 ‘²²
1989 3360 2005 3393 ’“
2025 3388 2033 3397 ”

274 3499 437 3595 oppidum
465 3502 570 3575 solvit
587 3508 727 3605 septem.
747 3521 891 3577 marcas.
930 3503 1019 3576 Item
1037 3508 1094 3575 est
1111 3503 1293 3575 advocatia
1318 3502 1355 3575 in
1373 3501 1494 3575 eodem
1520 3501 1663 3593 oppido,
1689 3496 1852 3609 babens,
1977 3598 1980 3605 Ι

269 3628 344 3693 tras
371 3622 506 3713 laneos,
541 3624 586 3696 de
613 3624 738 3715 quibus
773 3625 879 3698 solvit
904 3624 1071 3698 decimam
1099 3623 1227 3699 ibidem
1254 3625 1290 3695 in
1317 3623 1604 3697 Kolaczicze
1631 3623 1719 3697 Item
1746 3614 1853 3729 mol-¹,¹
1909 3604 1979 3713 ’ῥ’-ζ’
1995 3638 2015 3651 “·

270 3741 445 3817 leudinum
472 3732 629 3817 advocati
657 3765 776 3835 unum,
803 3745 940 3817 solvens
965 3744 1015 3817 ibi
1041 3749 1217 3834 metretas,
1244 3745 1328 3817 item
1354 3744 1397 3817 de
1415 3765 1521 3817 censu
1546 3743 1654 3817 babet
1951 3788 1954 3793 -

271 3863 360 3937 Item
395 3886 465 3959 non
500 3870 554 3939 est
579 3865 628 3938 ibi
654 3865 835 3958 praedium
861 3866 1070 3939 coenobiale.
1109 3865 1197 3939 Item
1224 3864 1389 3957 oppidani
1423 3886 1487 3957 pro
1515 3863 1649 3939 decima
1682 3848 1851 3947 uolruu'tss¹
1876 3864 1882 3873 '
1907 3870 1928 3937 .'

271 3970 449 4057 ecelesiae
464 3984 721 4059 Zrzanczin
748 3988 848 4060 annis
866 3986 1012 4077 siugulis
1039 3992 1190 4078 quatuor
1215 4007 1359 4059 marcas
1399 3987 1487 4059 Item
1515 3987 1559 4058 de
1576 3983 1692 4059 tribus
1713 3984 1833 4057 laneii'
2009 3968 2022 3979 ”

273 4105 332 4211 qui
363 4113 533 4180 vocantur
558 4104 788 4193 bocbcalrome,
815 4109 996 4181 solvuntur
1022 4108 1233 4180 monasterio
1264 4108 1417 4200 quinque
1442 4127 1588 4180 marcae.
1626 4106 1714 4179 Item
1742 4127 1823 4178 con·

271 4226 406 4323 sulatns
432 4228 467 4299 in
495 4227 570 4318 die,
605 4249 674 4318 qua
699 4226 874 4318 eliguntur
900 4228 1078 4317 consules,
1115 4228 1221 4300 solvit
1256 4234 1293 4302 et
1318 4228 1379 4301 dat
1406 4229 1527 4301 abbati
1553 4248 1658 4301 uuum
1685 4226 1823 4301 octuale

271 4349 435 4438 carneae,
461 4348 547 4422 dues
574 4330 754 4421 mensuras
776 4342 926 4438 brenac,
954 4353 1104 4443 quatuor
1129 4348 1254 4440 gallos,
1285 4371 1389 4422 uuum
1417 4349 1587 4441 leporem3
1614 4349 1698 4421 item
1724 4349 1823 4439 oppi-

270 4469 364 4541 dani.
378 4470 514 4543 ratioue
532 4492 691 4565 oprawae
716 4470 856 4542 solrunt
871 4470 989 4542 abbati
1007 4469 1108 4542 anuis
1126 4469 1273 4561 singulis
1291 4490 1394 4543 unam
1413 4490 1628 4561 sexagenam
1665 4467 1824 4542 Confluat
1978 4568 1981 4575 Ι

273 4611 349 4673 cum
377 4589 722 4681 Byeszdzedza,
757 4590 1044 4681 Dambrowa,
1071 4589 1823 4681 u,10eawa,Brzyszka,Bukowa,

272 4708 460 4783 Szovna
485 4715 522 4782 et
547 4708 855 4801 Krayowicae.

154 4810 158 4817 ’
372 4829 655 4920 Karrowrcza,
681 4831 766 4902 villa
791 4832 855 4904 sub
874 4832 1038 4922 parocbia
1064 4831 1108 4904 de
1126 4831 1405 4904 Kolaczicze
1432 4831 1514 4921 sita,
1541 4831 1639 4905 cuius
1665 4830 1821 4922 proprie·

270 4956 324 5023 tas
342 4950 387 5025 ad
405 4951 652 5025 monasterium
670 4951 875 5041 TbIncieuse
893 4953 1055 5045 pertinet.
1091 4954 1131 5025 ln
1151 4975 1219 5047 qua
1236 4958 1387 5046 quatuor
1404 4952 1496 5026 lanei
1514 4950 1758 5041 cmetbonales,
1777 4972 1819 5025 ex

270 5070 395 5163 nribus
413 5073 518 5145 solrit
534 5094 622 5145 unus
641 5094 808 5165 marcam,
826 5074 894 5148 dno
913 5094 1113 5165 pernoram
1131 5078 1278 5165 scottos,
1296 5076 1379 5147 item
1397 5096 1473 5165 ova,
1491 5058 1575 5147 item
1588 5073 1715 5165 gallos,
1732 5073 1817 5147 item

270 5212 408 5283 caseos,
434 5193 517 5265 item
542 5193 649 5285 labor,
677 5194 760 5267 item
787 5193 831 5267 ad
848 5192 1028 5290 ponebam
1046 5249 1054 5265 .
1073 5249 1081 5265 .
1101 5250 1108 5265 .
1127 5249 1153 5285 .,
1180 5195 1264 5269 item
1282 5214 1352 5267 una
1376 5195 1524 5267 taberna
1549 5194 1681 5283 habena
1707 5215 1819 5286 agros,

270 5318 308 5385 et
325 5313 429 5389 solvit
454 5335 518 5406 pro
545 5335 662 5387 censu·
677 5335 800 5388 norem
826 5313 980 5389 fertones
1006 5322 1043 5388 et
1060 5314 1148 5389 duas
1174 5335 1354 5389 mensuras
1380 5315 1528 5405 humuli3
1555 5315 1638 5388 item
1666 5316 1819 5408 quinque

271 5434 676 5541 hortulaniaelhabentes
694 5456 811 5537 agros,
838 5436 923 5511 item
941 5457 1047 5511 unum
1064 5436 1519 5515 molendinummonasterii
1544 5437 1581 5509 in
1599 5436 1643 5506 W
1652 5434 1819 5531 ysloka

275 5563 312 5630 et
329 5555 435 5629 solvit
453 5578 556 5666 unum
576 5544 746 5656 fertonem
763 5557 807 5632 de
821 5579 906 5650 agro
930 5564 967 5633 et
978 5563 1146 5632 metretas
1165 5556 1208 5629 de
1222 5557 1427 5631 molendino.
1453 5558 1540 5631 Item
1555 5552 1821 5652 emetbowolnp

268 5676 374 5751 solvit
400 5677 661 5768 quatuordecim
692 5700 853 5771 possem
875 5670 970 5752 ¹item
1008 5685 1062 5752 ast
1088 5700 1195 5751 unum
1220 5679 1400 5772 praedium
1426 5677 1644 5768 coenobiale,
1679 5678 1724 5751 de
1749 5698 1819 5769 quo

269 5797 356 5879 nulli
390 5797 496 5873 solvit
530 5796 716 5890 decimam,
752 5799 813 5873 sed
849 5821 925 5873 eam
960 5821 1024 5891 pro
1060 5822 1100 5874 se
1134 5801 1236 5873 tollit.
1277 5802 1364 5873 Item
1386 5800 1443 5893 'de
1478 5820 1564 5893 agro
1601 5799 1660 5892 qni
1696 5799 1824 5903 dieitur

269 5917 420 5993 Ranth
447 5920 585 6013 quondo
623 5920 827 6011 seminatur,
854 5922 1035 5995 solvuntur
1063 5943 1185 5996 novem
1213 5923 1333 6013 scotti,
1360 5923 1496 6015 quando
1525 5943 1594 5996 uon
1622 5920 1823 6010 seminatur,

267 6061 356 6115 unus
382 6041 480 6114 ferto.
520 6042 607 6113 Item
644 6044 688 6117 de
715 6042 874 6137 omnibus
912 6044 1007 6134 agris
1034 6045 1255 6117 emethonnm
1290 6050 1328 6115 et
1353 6046 1537 6133 tabernae,
1573 6050 1678 6135 atque
1705 6042 1825 6115 bortu-

267 6160 457 6253 laniarum,
488 6163 629 6235 solvunt
663 6163 921 6243 etconducunt
955 6162 1124 6237 decimam
1160 6164 1409 6256 manipularem
1444 6170 1480 6237 et
1514 6164 1825 6255 mnapalem,.pro

269 6264 480 6359 monasterio
508 6282 715 6376 Thincienei,
741 6289 778 6358 et
803 6285 902 6359 valor
928 6286 1003 6359 eius
1029 6285 1236 6359 aestImatur
1261 6285 1387 6359 ad'sex
1415 6304 1557 6379 marcas.
1598 6282 1826 6374 Columbatio,
