4217 8059
306 1484 380 1555 222
416 1514 421 1524 ·

302 1690 592 1780 consurgentium,
618 1684 788 1758 Paulus
815 1682 1054 1755 cracoviensis
1068 1682 1261 1771 episcopua
1283 1679 1330 1751 de
1355 1696 1526 1751 consensu
1550 1675 1696 1765 capituli
1720 1670 1850 1747 Greco-

303 1809 431 1885 niensis
461 1808 569 1887 1287.
595 1826 671 1877 cnm
699 1805 895 1875 Alberto
922 1809 958 1874 et
984 1811 1160 1889 conventu
1183 1800 1401 1875 Thincziensi
1427 1802 1626 1888 comnmtat,
1651 1794 1851 1897 mmpiendo

303 1953 326 2004 a
359 1928 568 2003 monasterio
604 1924 821 1997 Thincaiensi
857 1925 944 2013 dpas
978 1923 1080 1994 villas
1115 1929 1153 1994 et
1186 1942 1306 1993 earnm
1333 1919 1601 2012 proprietatem,
1626 1936 1705 1989 cum
1730 1934 1853 2005 mrum

304 2050 445 2123 decimis
471 2047 755 2140 manipularibus,
782 2045 944 2116 videlicet
975 2044 1172 2140 Bicnzina
1206 2050 1243 2114 et
1270 2024 1670 2129 ·Gorcaslanicze,
1696 2045 1734 2110 et
1759 2037 1853 2111 deci·

303 2192 378 2243 mas
404 2169 637 2262 manipulares
663 2167 699 2238 iu
725 2167 855 2256 triplici
881 2165 1182 2237 Damhrowno
1209 2184 1317 2255 prope
1343 2162 1506 2253 Lolow,
1531 2181 1620 2252 quae
1646 2165 1732 2231 tunc
1748 2165 1852 2231 erant

302 2290 520 2365 coenobiales
546 2289 658 2379 villae,
685 2287 921 2359 Thincniensis
947 2286 1161 2374 monasterii,
1187 2284 1325 2363 nonnisi
1351 2290 1467 2356 tamen
1485 2302 1590 2353 ιιιιιιιιι
1607 2281 1736 2377 villam,
1753 2279 1850 2355 ride

305 2413 388 2485 licet
422 2410 670 2504 Byczinam
706 2429 749 2480 ex
784 2407 918 2479 duabus
953 2407 1017 2478 suh
1053 2406 1219 2497 parochia
1253 2410 1290 2478 et
1316 2410 1440 2477 tenuta
1464 2402 1714 2476 Slawlrovicnsi
1739 2402 1855 2490 sitam,

304 2533 544 2606 ermonense
570 2532 787 2622 episcopatus
814 2529 919 2600 habet
944 2548 1035 2599 nunc
1061 2528 1098 2598 in
1124 2527 1352 2618 possessione,
1370 2525 1489 2599 villam
1514 2522 1853 2602 ,Gorzcuslawi

304 2674 380 2726 aze
406 2674 475 2725 non
501 2652 618 2742 habet,
644 2671 755 2741 neque
782 2650 857 2725 eius
883 2649 1060 2738 decimam,
1087 2669 1151 2720 nec
1177 2649 1285 2721 scitur
1310 2646 1483 2738 quomodo
1509 2646 1559 2717 sit
1584 2646 1745 2719 alienata

412 2773 595 2864 Mnruow,
621 2772 705 2844 villa
730 2771 795 2842 snb
822 2770 987 2861 parochia
1013 2754 1370 2871 de····lJ'{orawycze
1396 2769 1475 2859 sita,
1502 2769 1600 2840 cnins
1617 2768 1742 2839 haeres
1758 2764 1856 2837 Mar·

307 2897 401 2970 tinus
436 2894 634 2967 Frilracz
669 2893 712 2964 de
747 2890 849 2963 domo
877 2888 1181 2993 Accipitrn'pgn
1220 2890 1260 2961 In
1288 2897 1465 2981 qua-sunt
1489 2889 1581 2961 lanei
1612 2886 1858 2975 emethonales,
1977 2878 1982 2886 '

308 3019 391 3089 item
417 3017 592 3106 tabernac,
617 3015 700 3086 item
727 3012 955 3102 hortulaniae,
981 3011 1025 3083 de
1051 3010 1177 3102 quihus
1203 3012 1361 3083 omnibns
1389 3012 1470 3083 olim
1496 3010 1700 3087 solvebatur
1724 3008 1859 3080 decima

308 3137 533 3229 manipularis
573 3135 739 3208 ecclesiae
774 3134 810 3204 in
847 3131 1143 3222 Morawioza,
1179 3133 1240 3207 sad
1276 3134 1385 3205 abbas
1420 3129 1656 3205 l'lrincziensis
1697 3128 1858 3201 Andreas

310 3256 490 3334 Ossaha
522 3257 569 3331 de
603 3257 706 3330 domo
742 3255 875 3327 Rana
910 3254 1095 3345 acquisivit
1130 3275 1205 3326 eam
1241 3255 1316 3326 iure
1350 3253 1547 3345 ordinario,
1573 3254 1617 3325 de
1642 3253 1752 3325 laneis
1761 3251 1859 3342 ,qni

309 3381 424 3453 issent
449 3385 529 3470 post
554 3378 705 3451 llnrinm.

415 3497 586 3572 Ecclesia
607 3494 865 3592 parochialis
857 3516 893 3567 ιιι
908 3493 1086 3569 l'uchow
1104 3501 1318 3589 proventus
1336 3496 1458 3573 exiles
1477 3502 1516 3570 al
1533 3501 1675 3575 leones
1693 3460 1857 3569 duasne

308 3620 514 3693 hlathias
550 3617 799 3690 Thinicziensis
834 3617 942 3688 abbas
978 3618 1031 3689 sui
1058 3618 1261 3690 monasterii
1296 3612 1520 3705 Tinicziensiis
1546 3617 1725 3690 ecclesiam
1751 3628 1855 3706 paro

309 3741 492 3813 chialam
482 3762 519 3812 ιιι
545 3738 735 3812 Tuchow
762 3757 845 3809 snae
870 3738 953 3813 edit
927 3739 1042 3830 tronis,
1062 3740 1183 3831 suique
1202 3739 1287 3837 iuris
1313 3738 1432 3832 oppidi
1457 3758 1611 3811 crassam
1636 3738 1713 3810 ut
1702 3758 1739 3809 ιιι
1756 3756 1861 3829 snpe-

309 3863 460 3935 rioribns
487 3862 725 3952 praemisimus
753 3858 882 3948 videus,
909 3860 1001 3931 illins
1028 3861 1342 3951 incorporationem
1370 3868 1406 3934 et
1432 3862 1593 3933 unionem
1619 3858 1747 3949 assde
1763 3858 1859 3950 Apo-

258 3978 261 3989 ·
310 3982 613 4055 sauroctonon
639 3987 676 4053 es
701 3981 910 4073 inpensus,
938 3987 974 4053 et
1000 3982 1108 4054 nobili
1127 3983 1203 4055 vno
1221 3983 1416 4055 oannem
1442 3982 1591 4074 plebano
1610 3983 1647 4053 n
1665 3954 1861 4052 roinow

310 4109 457 4193 mortno,
483 4103 577 4175 illins
603 4101 740 4193 plenam
766 4103 1018 4194 possessionem
1045 4103 1284 4194 apprehendit,
1312 4110 1349 4176 et
1373 4103 1500 4177 iratres
1527 4104 1582 4175 sni
1599 4101 1802 4175 monasterii
1820 4107 1858 4172 et

312 4223 443 4295 ordinis
479 4224 550 4296 illic
584 4223 629 4295 ad
655 4223 841 4295 curandam
869 4225 1002 4315 plebem
1029 4224 1176 4315 locavit,
1203 4232 1240 4297 et
1265 4246 1309 4297 ex
1335 4225 1571 4315 heremicolis,
1597 4224 1789 4313 nrbicolas,
1815 4242 1859 4295 ex

312 4344 490 4417 monachis
517 4364 653 4436 quoqne
688 4352 725 4417 et
749 4346 835 4418 viris
862 4345 1034 4435 religiosis
1062 4346 1212 4438 ordinis,
1239 4346 1435 4419 desertores
1461 4352 1498 4419 et
1525 4346 1720 4418 saeculares
1746 4364 1862 4417 sacer-

312 4464 413 4549 dotes
438 4465 529 4556 iecit,
556 4471 677 4537 contra
704 4466 805 4539 Beati
825 4465 1004 4538 Benedicti
1019 4468 1162 4540 institut
1146 4474 1230 4557 t,um
1248 4474 1285 4539 et
1302 4475 1458 4540 veterum
1478 4467 1727 4541 monachornm·
1741 4464 1861 4537 obser·

313 4588 466 4660 vantium
493 4594 597 4679 atque
624 4589 1858 4661 decretum·

415 4706 588 4800 Oppidum
614 4708 816 4800 Tuobow,
842 4709 974 4782 habens
1001 4709 1181 4781 ecclesiam
1208 4644 1451 4800 parochialem,
1478 4708 1587 4783 Beato
1613 4708 1746 4781 Jacobo
1765 4708 1860 4798 Apo-

312 4830 403 4903 stolo
429 4829 614 4901 dicatam
605 4852 639 4902 ιιι
667 4851 714 4920 se,
740 4830 837 4903 cuins
864 4831 1060 4922 proprietas
1087 4837 1124 4901 et
1150 4830 1337 4904 dominium
1363 4831 1408 4902 od
1434 4830 1596 4904 abbatem
1623 4837 1660 4902 et
1677 4835 1861 4903 monaste·

314 4953 404 5022 mum
433 4950 647 5022 Tinicziense
684 4951 904 5041 integraliter
938 4952 1099 5042 pertinet.
1134 4953 1175 5023 ln
1202 4972 1270 5043 quo
1297 4957 1378 5023 sunt
1403 4952 1520 5041 decem
1548 4957 1585 5024 et
1609 4951 1862 5044 septem-lanei

315 5071 577 5162 oppidanorum,
604 5072 663 5163 qni
690 5071 856 5165 decimam
883 5093 951 5145 non
970 5073 1144 5165 manipulo
1172 5094 1215 5146 ex
1241 5074 1346 5164 longa
1371 5082 1408 5145 et
1434 5074 1650 5165 praescripta
1676 5079 1859 5146 consuetu-

316 5191 414 5281 dine,
450 5191 512 5265 sed
545 5212 654 5285 grano
691 5192 838 5285 siliginis
871 5201 908 5266 et
942 5214 1091 5284 avenae,
1117 5197 1201 5289 item
1236 5201 1271 5267 et
1307 5196 1460 5286 pecuniis
1487 5195 1638 5269 latorum
1662 5216 1864 5288 messorum

228 5380 230 5385 .
292 5312 542 5403 ¹l'ragensium
578 5314 745 5389 decimam
780 5316 1029 5407 manipularem
1065 5316 1258 5405 redimunt;
1295 5324 1331 5388 et
1358 5310 1462 5390 solvit
1498 5317 1644 5409 quilibet
1669 5294 1864 5409 oppidanus

315 5434 359 5508 de
385 5435 486 5507 laneo
512 5455 576 5526 pro
603 5436 734 5508 decima
752 5491 760 5507 .
779 5492 787 5508 .
805 5491 832 5529 .,
859 5445 894 5509 et
920 5438 1018 5512 valor
1045 5440 1119 5510 eins
1146 5439 1350 5511 aestimatur
1376 5439 1413 5510 in
1441 5439 1587 5531 pecuma
1613 5437 1657 5510 ad
1685 5458 1746 5510 sex
1774 5428 1866 5513 mar.-

315 5552 383 5646 cas',
409 5560 446 5627 et
471 5555 516 5629 ad
541 5555 657 5629 decem
686 5563 721 5657 et
747 5564 825 5631 octo
851 5578 1039 5632 mensuras·
1055 5558 1203 5654 siliginis
1230 5562 1266 5630 et
1292 5558 1337 5631 ad
1363 5560 1509 5634 totidem
1537 5578 1677 5649 avenae,
1704 5558 1747 5631 de
1765 5578 1864 5631 meu·

316 5676 398 5749 sura
424 5675 578 5767 conferta
604 5677 833 5753 Tuchovieusi
860 5680 895 5751 in
921 5700 1040 5771 ςιιιιιιι.
1067 5681 1155 5752 Item
1182 5680 1289 5753 abbas
1316 5682 1423 5753 hahet
1448 5680 1498 5754 ibi
1523 5681 1653 5753 curiam
1680 5678 1865 5771 specialem

309 5803 354 5895 ¹et
379 5797 569 5890 praedium,
596 5799 639 5873 de
665 5802 762 5874 coins
789 5801 884 5893 agris
910 5800 1057 5874 solvitur
1074 5802 1216 5875 decima
1242 5788 1467 5895 manipularis
1490 5800 1657 5875 ecclesiae
1675 5798 1867 5893 parochiali

317 5919 601 6013 m'l'nchow,
637 5928 673 5994 et
657 5922 808 5994 tvalor
843 5922 918 5995 eius
952 5922 1158 5996 aestimatur
1189 5922 1234 5995 ad
1261 5931 1411 6016 quatuor
1437 5944 1582 5996 marcas.
1621 5922 1711 5996 item
1737 5929 1793 5997 est
1818 5924 1869 5997 ihi

318 6041 508 6132 advocatia,
535 6041 681 6115 hahens
693 6041 860 6133 speciales
887 6064 1000 6135 agros,
1028 6043 1224 6136 dequibus
1251 6044 1567 6117 solvitnrdecimn
1606 6045 1692 6117 Item
1720 6042 1869 6173 qnihbet

311 6162 511 6253 oppidanus
549 6163 677 6254 hospes
712 6184 776 6255 pro
804 6165 1057 6238 columbatione
1092 6165 1197 6239 solvit
1222 6186 1327 6237 unum
1362 6167 1757 6258 grossum,inqnilin1ls
1781 6186 1868 6239 vero
1904 6216 1936 6260 ‚-

318 6284 469 6357 medium
503 6305 662 6375 grossum
699 6304 762 6375 pro
789 6287 945 6376 plebano
980 6287 1068 6357 ltern
1095 6286 1258 6378 oppidani
1286 6288 1426 6361 solvunt
1451 6308 1609 6379 censum,
1636 6290 1695 6379 qni
1723 6294 1869 6362 vocator
1974 6348 1977 6353 .

318 6404 500 6495 mensalia,
527 6411 564 6477 et
588 6405 683 6479 cedit
716 6427 840 6481 census
874 6409 949 6499 ipse
975 6428 1039 6497 pro
1065 6408 1232 6498 magistro
1257 6410 1486 6499 scholas-et·
1502 6410 1650 6501 quilibet
1674 6409 1870 6502 oppidanos
