4217 8059
271 1483 340 1558 164

272 1691 585 1785 praesentationem
613 1686 819 1760 Vladislai
838 1686 1023 1759 ¹Secundi
1050 1682 1214 1758 Potoniae
1241 1683 1353 1775 rogis,
1380 1682 1473 1776 apud
1491 1702 1594 1775 quem
1621 1678 1824 1773 magisterio

274 1811 425 1903 capellae
460 1809 682 1899 fungebatur,
719 1809 782 1879 sub
819 1808 925 1879 Petro
955 1808 1119 1899 Wyscb
1145 1808 1307 1898 00100000
1343 1804 1565 1877 cracoviensi
1592 1803 1825 1892 successisset,

274 1910 435 2003 0100010
471 1930 596 2019 viginti
624 1936 771 2020 quatuor
807 1928 901 2033 illam
929 1928 1097 2018 rexisset,
1134 1928 1255 2000 videus
1287 1948 1324 1997 se
1360 1933 1397 1998 et
1422 1946 1509 1999 aevo
1545 1930 1581 1995 01
1607 1923 1825 2015 aegritudine

272 2059 444 2123 maturum
472 2058 508 2122 et
530 2070 691 2141 gravem,
717 2049 868 2121 Jobanni
895 2049 1133 2139 Dlngosch
1160 2049 1289 2119 seniori
1317 2048 1433 2137 nepoti
1461 2068 1525 2118 suo
1542 2066 1707 2136 germano
1734 2064 1825 2115 auno

275 2172 416 2243 Domini
448 2172 555 2243 1434.
583 2169 705 2241 ultima
731 2170 904 2259 octobris,
932 2170 974 2241 de
994 2169 1070 2259 illa,
1098 2190 1188 2240 anuo
1216 2176 1299 2239 ver'o
1325 2166 1554 2259 sequentide
1581 2167 1655 2237 vita
1681 2156 1826 2237 excedit

202 2286 205 2293 '
276 2291 374 2364 1110
393 2311 528 2383 quoque
548 2311 623 2362 cnm
644 2290 738 2360 illarn
757 2290 856 2361 00010
877 2289 1070 2381 quindecim
1089 2287 1389 2387 100010001100101
1408 2307 1471 2360 000
1489 2306 1654 2377 germano
1673 2285 1827 2357 Jobauui

274 2412 508 2504 Dlugosch
537 2412 673 2500 iuniori,
701 2432 791 2482 anno
820 2411 981 2481 videlicet
1009 2410 1146 2481 Domini
1177 2412 1286 2499 1449,
1313 2410 1378 2481 sub
1405 2407 1607 2499 pontificatu
1633 2406 1827 2497 Sbignei

276 2532 516 2604 cracoviensis
535 2532 687 2621 episcopi
707 2553 782 2603 eam
801 2533 964 2621 resignat
1005 2530 1136 2602 Verum
1154 2552 1231 2602 cnm
1249 2530 1428 2603 Jobannes
1445 2529 1498 2601 Dl
1510 2528 1684 2619 ugoscb
1711 2528 1827 2598 senior

277 2654 462 2725 canonicus
490 2652 727 2725 cracoviensis
755 2653 874 2724 sedulo
901 2653 1142 2743 perpendisset
1169 2653 1318 2744 plurima
1346 2673 1384 2723 sc
1402 2659 1438 2722 et
1464 2672 1546 2724 suos
1574 2656 1738 2741 cognatos
1766 2649 1827 2719 be-

276 2774 399 2845 neficia
425 2772 688 2846 aclobnczeusi
708 2774 852 2845 00010010
871 2774 1085 2864 percepisse,
1112 2773 1233 2844 videns
1252 2794 1388 2864 quoque
1413 2772 1558 2844 fratrem
1578 2768 1828 2843 0000010100-

273 2915 349 2965 nem
377 2894 584 2985 Dlugosch
611 2894 779 2966 iuniorem
807 2896 910 2967 etiam
930 2896 1133 2967 canonicum
1150 2893 1414 2966 cracoviensem
1442 2894 1478 2963 in
1497 2893 1644 2964 1110000
1662 2891 1826 2977 residere,

274 3014 491 3105 perpendens
518 3014 622 3087 etiam
650 3014 829 3088 ecclesiam
857 3016 967 3105 ipsam
994 3016 1029 3085 in
1058 3013 1351 3088 clobuczsko
1378 3016 1413 3084 iu
1432 3015 1505 3085 0010
1523 3012 1665 3084 decimis
1692 3017 1728 3082 01
1745 3032 1827 3101 pro-

274 3136 434 3206 ventibus
461 3154 613 3206 crassam
642 3142 679 3206 et
697 3141 893 3208 ventrosam
922 3155 1014 3225 esse,
1042 3134 1184 3209 cuilibet
1211 3137 1421 3207 monasterio
1449 3133 1678 3221 suffecturam,
1706 3130 1830 3203 casi-

278 3256 383 3326 miri
411 3254 564 3331 Tertii
600 3255 764 3328 Poloniae
792 3258 885 3348 regis
911 3276 1002 3329 auno
1026 3257 1166 3329 Domini
1197 3260 1295 3329 1454
1323 3256 1414 3347 apud
1443 3255 1633 3345 Thorwy
1661 3273 1829 3325 consensu

275 3376 381 3447 veluti
408 3376 547 3466 patroni
575 3377 727 3466 obtento,
755 3398 830 3448 eam
857 3398 920 3468 per
941 3378 1191 3468 Sbigueum
1217 3378 1312 3449 tituli
1338 3377 1486 3449 Sanctae
1513 3375 1654 3447 Priscae
1681 3372 1829 3445 Sanctae

273 3494 450 3567 Romanae
478 3496 642 3567 000Ιο0100
659 3497 901 3589 presbyterum
929 3497 1138 3569 cardinalem
1165 3502 1202 3569 01
1219 3498 1418 3589 episcopum
1436 3496 1701 3569 cracoviensem
1718 3493 1829 3566 100100

276 3636 339 3687 000
366 3614 526 3688 Johanne
552 3614 787 3706 Dlngosch
816 3619 949 3690 iuniore
977 3632 1045 3711 000·
1066 3618 1161 3690 aliud
1187 3618 1391 3692 beneficium
1410 3608 1626 3708 contentato,
1653 3618 1689 3687 iu
1707 3614 1829 3706 ampli-

274 3735 429 3807 tudinem
457 3735 570 3807 laudio
598 3736 746 3829 divinae,
773 3742 809 3809 et
835 3760 899 3829 pro
926 3740 1139 3813 incremento
1165 3739 1246 3811 fidei
1273 3746 1310 3812 et
1335 3740 1514 3829 religionis
1540 3737 1767 3825 christianae,
1794 3742 1831 3807 et

277 3856 388 3926 solute
415 3856 604 3927 animarum
633 3858 743 3947 plebis
770 3859 862 3930 illius
889 3860 1116 3951 procuranda,
1143 3882 1185 3933 ex
1205 3861 1375 3933 saeculari
1402 3862 1438 3931 iu
1457 3860 1650 3949 regularem
1678 3856 1829 3930 obtinuit

278 3974 479 4066 transferri,
507 3982 543 4047 et
560 3975 727 4049 iratribus
753 3980 853 4052 Beati
872 3980 1061 4073 Augustini
1080 3983 1322 4057 canonicorum
1349 3982 1559 4072 regularium
1579 3986 1614 4050 et
1632 3978 1831 4071 praeposito

276 4116 319 4167 ex
347 4098 511 4169 coenobio
548 4096 712 4188 corporis
739 4099 932 4175 christi-in
959 4102 1108 4177 casim
1121 4102 1213 4174 iria
1240 4104 1387 4195 primurn
1406 4102 1579 4191 sumptis,
1615 4100 1720 4171 vitam
1748 4120 1830 4171 cou-

278 4218 514 4309 templativam
551 4226 589 4292 et
614 4221 762 4293 activam
798 4225 1086 4315 practicautibus,
1122 4225 1157 4295 iu
1184 4228 1386 4315 perpetuam
1423 4223 1636 4297 mansionem
1672 4219 1833 4307 conferri,

279 4339 494 4428 incorporari
521 4346 557 4411 et
575 4341 726 4413 inscribi.
766 4342 972 4437 Primusque
999 4344 1092 4417 illius
1110 4346 1330 4436 praepositus
1357 4344 1423 4415 luit
1440 4342 1551 4415 irater
1577 4342 1831 4431 Philippus

277 4458 319 4531 de
346 4457 594 4551 cracovia,
631 4462 800 4536 secundus
835 4466 1349 4557 magister-Laurentius,
1378 4466 1505 4537 tertius
1535 4462 1750 4536 Andreas
1786 4459 1830 4532 de

277 4604 411 4670 .....;
439 4585 475 4651 et
499 4582 536 4651 iu
562 4582 655 4653 bunc
681 4583 819 4656 modurn
855 4586 1057 4657 coenobium
1093 4585 1326 4658 clobuczense
1360 4584 1541 4665 fundatum
1567 4590 1604 4655 01
1630 4583 1828 4654 institutum

277 4708 341 4791 est,
368 4702 547 4773 duodecim
573 4700 701 4775 iratum
729 4705 912 4797 collegium
938 4708 1159 4797 habitururn,
1186 4714 1223 4778 et
1238 4708 1336 4780 10000
1362 4708 1421 4779 1110
1448 4707 1483 4781 10
1502 4726 1619 4778 curam
1648 4703 1830 4795 religioso-

278 4844 353 4893 rum
382 4829 418 4893 et
443 4824 653 4914 regularium
682 4826 854 4918 viromm,
882 4829 1015 4900 tamin
1044 4828 1301 4919 spiritualibus,
1334 4849 1436 4919 quam
1462 4826 1713 4917 temporalibus
1739 4846 1831 4897 com-

279 4944 422 5033 missus,
459 4944 612 5035 quinon
641 4946 750 5017 solum
786 4968 859 5019 rem
887 4950 1057 5039 divinam,
1092 4949 1285 5022 sedetiam
1321 4948 1476 5041 singulas
1510 4948 1616 5019 boras
1647 4944 1830 5017 canonicas

279 5072 465 5137 nocturnas
492 5065 626 5157 pariter
653 5076 688 5138 01
706 5067 848 5141 diurnas
875 5070 947 5143 suis
965 5072 1195 5161 temporibus,
1222 5091 1348 5143 sonora
1374 5090 1458 5141 voce
1484 5074 1520 5140 et
1538 5054 1678 5140 rubrica
1704 5065 1831 5137 craco-

279 5184 407 5275 viensi,
444 5186 478 5257 iu
505 5186 652 5258 ecclesia
688 5187 911 5263 clobuczensi
944 5197 1130 5265 teneantur
1166 5192 1325 5283 explere,
1360 5196 1397 5263 et
1421 5190 1579 5262 habitum
1610 5188 1760 5260 iratmm
1787 5186 1831 5258 de

279 5304 431 5397 corpore
458 5305 589 5379 christi
617 5308 661 5379 in·
679 5307 784 5382 casi
798 5311 931 5383 miria
958 5311 1111 5403 deleme,
1138 5322 1175 5385 01
1191 5312 1303 5403 010110
1329 5310 1573 5385 clobucueusis
1598 5308 1669 5383 late
1696 5306 1831 5380 (1110000

277 5448 399 5518 gerere
418 5448 534 5500 curam
553 5430 753 5502 animarum.
791 5432 878 5505 Nam
898 5434 964 5505 0101
992 5454 1034 5505 ex
1053 5434 1200 5506 ecclesia
1226 5432 1465 5523 clobuczensi,
1493 5433 1588 5505 velut
1613 5452 1656 5503 ex
1674 5430 1830 5516 matrice,

279 5549 506 5638 etparochia
534 5551 649 5641 ampla
675 5559 711 5624 01
729 5558 909 5644 ventrosa,
937 5562 1042 5644 atque
1069 5532 1216 5644 vetusta,
1244 5554 1395 5646 quinque
1422 5553 1511 5625 aliae
1537 5551 1703 5625 ecclesiae
1730 5570 1831 5639 paro·

280 5668 426 5758 chiales,
461 5670 622 5742 videlicet
657 5674 691 5743 iu
720 5674 882 5765 Byala,
918 5676 953 5745 in
982 5656 1267 5767 Myed'uvvno,
1304 5674 1338 5745 in
1367 5671 1762 5765 Wyllroyeczsko,
1797 5670 1832 5739 iu

280 5788 530 5879 crzepicze
556 5799 592 5862 et
611 5794 645 5863 iu
666 5794 979 5867 Przestausko
999 5796 1237 5887 superioribus
1254 5796 1469 5885 temporibus
1489 5792 1654 5865 brodatae
1673 5798 1767 5879 sunt,
1795 5796 1831 5860 01

279 5910 395 6000 010000
431 5911 533 5981 villae
568 5912 652 5983 locis
689 5913 757 5985 illis
786 5916 987 6006 viciniores,
1024 5936 1113 6007 quae
1150 5916 1237 5987 alias
1272 5915 1317 5987 ad
1347 5904 1527 5987 ecclesiam
1564 5912 1830 5985 clobuczeusem

281 6031 511 6121 pertinebant.
539 6032 636 6103 novis
664 6033 817 6105 ecclesiis
837 6034 1040 6127 adiunctae,
1068 6038 1180 6109 adbuc
1206 6043 1321 6107 tamen
1348 6056 1416 6107 uon
1435 6032 1550 6107 tenuis
1575 6033 1741 6125 parocbia
1767 6051 1831 6121 000

281 6150 506 6225 clobuczeusi
526 6153 677 6241 ,ecclesia
703 6157 888 6247 remansit,
916 6177 1106 6249 parumque
1133 6156 1357 6228 clo'buczeusi
1385 6142 1551 6229 ecclesiae
1579 6175 1640 6245 per
1658 6152 1831 6225 fundatio-

285 6292 359 6341 nem
388 6280 441 6344 tot
469 6274 708 6366 ecclesiarum,
735 6284 770 6361 et
788 6277 1059 6349 abstractionem
1085 6284 1140 6349 tot
1165 6278 1338 6367 villarum,
1367 6278 1539 6349 solutione
1566 6276 1672 6347 etiam
1693 6264 1834 6343 ‘danorii

284 6390 401 6463 Sancti
436 6394 531 6467 Petri
570 6418 612 6467 ex
653 6399 849 6470 huiusmodi
890 6400 1065 6489 parochiis
1104 6406 1141 6470 et
1182 6400 1280 6471 novis
1321 6400 1475 6470 ecclesiis
1515 6397 1583 6470 sibi
1629 6402 1826 6485 reservata,
