4217 8059
1747 1488 1821 1567 stt

278 1694 504 1784 manipularis
531 1698 568 1764 et
594 1693 770 1784 canapslis
796 1712 863 1784 pro
887 1692 1099 1765 monasterio
1125 1692 1435 1785 Saocaecboviensi,
1453 1698 1490 1766 et
1507 1695 1606 1768 valor
1623 1694 1698 1769 eius
1716 1703 1822 1775 aesci-
1897 1681 1901 1689 ’

278 1823 394 1889 matur
419 1816 464 1888 ad
482 1870 490 1884 .
510 1869 517 1885 .
537 1869 545 1884 .
564 1870 571 1884 .
590 1834 733 1885 mareas.
759 1814 849 1886 Item
875 1815 1029 1886 taberna.
1056 1815 1145 1885 Item
1171 1814 1356 1887 hortulani.
1382 1814 1471 1887 ltcnn
1487 1817 1667 1905 praedium
1685 1823 1823 1894 unicum

276 1938 425 2010 milltare
460 1936 504 2008 de
526 1935 638 2006 cuins
663 1933 757 2024 agris
784 1934 930 2005 solvitm
955 1933 1089 2015 decima
1114 1936 1340 2026 manipularis
1366 1936 1403 2007 in
1428 1934 1823 2014 Raczecbowicze.

378 2057 612 2145 Gomoamns,
639 2055 723 2126 villa
748 2053 813 2126 sub
829 2053 996 2145 parocbia
1009 2051 1056 2128 ¹de
1073 2053 1459 2128 Raczeclnoniczc
1486 2057 1563 2147 sIta,
1581 2060 1679 2131 cuius
1695 2060 1821 2134 haeres

275 2180 446 2250 Henricns
473 2173 850 2266 Campe-nycczky
877 2175 1086 2248 castellanus
1112 2175 1336 2249 Sanccnensis
1363 2176 1408 2248 dc
1434 2176 1536 2248 domo
1562 2177 1756 2269 Pylawa.
1781 2181 1823 2253 ln

275 2319 343 2389 qna
367 2303 462 2369 aunt·
493 2296 583 2368 lanei
618 2294 871 2383 cmetbouales,
898 2294 1004 2366 etde
1030 2296 1188 2368 omnibus
1222 2297 1370 2368 solvitur
1396 2302 1433 2368 ct
1459 2298 1663 2371 conducitur
1689 2299 1823 2375 decima

274 2416 499 2510 manipularis
525 2422 562 2488 et
587 2415 763 2506 canapalis
788 2434 853 2505 pro
878 2416 1090 2488 monasterio
1116 2414 1428 2507 Szeczecboviensi,
1454 2424 1491 2490 et
1508 2419 1608 2491 valor
1625 2421 1700 2495 dus
1717 2421 1823 2513 aceti

275 2546 392 2611 matur
416 2538 513 2610 ad..
532 2556 701 2609 marcas.
720 2536 809 2607 Item
834 2535 989 2608 taberna
1015 2536 1104 2609 Item
1130 2537 1316 2609 hortulani.
1351 2538 1439 2610 Item
1465 2539 1646 2630 praedium
1672 2561 1742 2613 non
1766 2547 1823 2635 est

275 2660 416 2750 aliquod
441 2659 602 2750 militare.

377 2778 684 2851 Komoanrczsun
711 2776 867 2867 Wours,
895 2776 979 2886 nilla
1004 2777 1077 2849 sub
1088 2776 1254 2868 parocbia
1270 2777 1314 2851 de
1332 2778 1718 2852 Raczecbowicze
1744 2781 1822 2872 sita

274 2902 370 2972 cuius
396 2901 519 2972 haeres
547 2899 717 2990 Sbigneus
744 2897 1061 2990 Stadniczsky
1088 2897 1131 2969 de
1159 2899 1264 2969 armis
1290 2905 1328 2970 et
1353 2898 1484 2972 familia
1509 2900 1753 2973 Drusziua.
1780 2901 1821 2974 In

275 3044 342 3113 qua
377 3027 458 3093 sunt
490 3021 582 3091 lanei
618 3019 870 3109 emetbonales,
897 3018 1002 3091 etde
1027 3020 1189 3092 omnibus
1223 3019 1371 3093 solvitur
1396 3028 1433 3093 et
1458 3023 1664 3094 conducitur
1689 3021 1823 3094 decima
1886 3085 1888 3089 ,

274 3141 497 3234 rnnauipularis
524 3146 561 3213 et
587 3140 761 3231 eauapalis
787 3161 852 3230 pro
878 3141 1092 3211 monasterio
1117 3139 1429 3232 Szeczecboviensi,
1447 3146 1484 3212 et
1500 3143 1600 3214 valor
1617 3144 1694 3214 eins
1712 3134 1820 3215 aesti-

273 3268 389 3335 matur
413 3263 459 3334 ad
477 3317 485 3332 .
504 3316 512 3332 .
531 3316 538 3332 .
557 3281 700 3333 marcas.
725 3260 816 3333 Item
842 3261 996 3332 taberna
1021 3260 1111 3333 Item
1138 3261 1322 3333 hortulani.
1348 3260 1436 3334 Item
1463 3263 1643 3353 praedium
1669 3282 1738 3335 nou
1760 3268 1821 3336 cst

273 3383 414 3475 aliquod
439 3383 600 3454 millture
1906 3444 1909 3453 .

374 3505 538 3575 Danaus
563 3502 703 3592 Mmoa,
731 3502 814 3573 villa
838 3503 904 3573 sub
930 3503 1096 3592 parocbia
1121 3502 1287 3575 ecclesiae
1303 3502 1356 3575 de
1382 3499 1505 3575 Gora
1530 3503 1619 3575 allas
1644 3503 1688 3575 de
1714 3501 1819 3595 Ony-

271 3642 405 3716 rzyca
431 3625 507 3696 sita
534 3623 575 3694 In
602 3643 671 3714 qua
697 3627 780 3694 sunt
805 3622 897 3694 lanei
923 3623 1168 3713 cmethouales‚
1195 3630 1233 3695 et
1257 3622 1303 3694 de
1326 3624 1488 3695 omnlbus
1505 3623 1654 3695 solvitur
1680 3628 1718 3694 et
1736 3644 1818 3696 cou-

271 3746 408 3817 ducitur
433 3744 569 3817 decIma
594 3743 819 3834 manipularis
846 3749 883 3815 et
909 3742 1083 3834 canapalis
1109 3764 1174 3832 pro
1200 3745 1409 3816 monasterio
1435 3742 1755 3834 Szeczecboviensi,
1782 3750 1819 3817 et

229 3888 232 3893 ·
272 3866 371 3937 valor
396 3867 471 3937 eius
497 3864 700 3937 aesdunatur
725 3863 797 3934 ad.
816 3878 903 3936 ,1.
929 3882 1074 3937 marcas.
1100 3864 1188 3935 Item
1214 3862 1371 3935 taberna
1397 3865 1487 3935 Item
1513 3863 1701 3936 hortulani.
1728 3862 1818 3934 Item

272 3985 460 4074 praedium.
1471 4004 1474 4009 ·

374 4107 513 4177 Dsnmu
538 4104 684 4193 Minoa,
712 4104 795 4175 villa
829 4104 895 4176 sub
929 4105 1106 4194 parocbia·
1121 4106 1287 4177 ecclesiae
1313 4104 1356 4177 de
1384 4102 1506 4176 Gora
1530 4105 1618 4177 alias
1644 4105 1688 4177 de
1715 4104 1819 4197 Gay·
1888 4150 1893 4167 ι

271 4249 405 4319 rzycz
440 4227 518 4298 sita.
557 4225 598 4296 Iu
635 4245 704 4315 qna
737 4230 819 4296 sunt
853 4224 945 4296 lanei
980 4225 1230 4315 cmethonales‚
1267 4229 1303 4295 et
1338 4224 1381 4295 de
1416 4226 1574 4297 omnibus
1605 4226 1755 4298 solvitur
1782 4233 1818 4298 et

254 4348 474 4420 conducitur
500 4347 633 4418 decima
658 4345 885 4435 manipularIs
911 4350 948 4416 et
973 4344 1148 4435 cenapolis
1174 4365 1239 4434 pro
1264 4346 1477 4416 monasterio
1508 4344 1818 4435 Szeczecbovieusi,
1868 4328 1871 4333 ’

272 4473 308 4538 et
333 4468 432 4540 valor
458 4468 532 4538 eins
559 4465 763 4538 aestimatur
789 4465 835 4536 ad
853 4519 861 4534 .
879 4517 887 4534 .
906 4518 914 4536 .
933 4482 1075 4536 marcas.
1101 4463 1191 4535 Item
1216 4464 1371 4536 taberna
1397 4462 1486 4535 Item
1512 4464 1699 4536 hortulani.
1725 4465 1816 4537 Item

272 4589 459 4678 praedium.

174 4714 176 4718 ’
373 4710 608 4797 Pooouzsmr,
635 4707 719 4778 villa
745 4707 810 4779 sub
834 4707 1001 4796 parocbia
1026 4705 1192 4777 ecclesiae
1217 4704 1261 4776 do
1288 4703 1410 4778 Gora
1434 4707 1512 4796 alta,
1539 4706 1636 4777 cuius
1663 4707 1819 4797 proprie-

270 4837 324 4900 tas
351 4835 387 4901 et
413 4830 601 4902 dominium
628 4829 672 4899 ad
698 4829 946 4900 monasterium
965 4825 1220 4919 Ozyrryczcme
1238 4828 1401 4916 pertinet
1426 4828 1467 4898 In
1486 4847 1555 4918 qua
1571 4833 1653 4899 sunt
1670 4814 1819 4918 cuatuor

270 4952 360 5023 lanei
387 4949 638 5040 amoenanda,
664 4955 701 5021 et
727 4948 770 5021 de
787 4948 954 5021 omnibus
980 4948 1128 5020 solvitur
1154 4954 1191 5019 et
1216 4947 1419 5020 eonducItm·
1444 4968 1510 5038 pro
1535 4969 1605 5020 uua
1631 4947 1818 5021 medietate

269 5073 402 5144 decima
435 5070 662 5160 manipularis
699 5076 734 5141 et
770 5070 945 5160 canapalis
981 5090 1044 5160 pro
1071 5069 1282 5141 monasterio
1308 5068 1629 5159 Szeczecbeviensi‚
1655 5075 1693 5140 ct
1718 5069 1819 5141 valor

270 5195 343 5263 eius
371 5194 576 5265 aestimatur
606 5192 651 5264 ad
684 5191 771 5263 duas
805 5211 960 5280 mareas;
994 5210 1059 5281 pro
1085 5190 1339 5261 altercantem
1365 5190 1552 5262 medietate
1579 5190 1728 5263 solvitur
1752 5210 1818 5280 pro

270 5314 479 5385 monasterio
515 5312 781 5403 (lcymyczensi,
816 5316 854 5382 et
882 5311 985 5383 valor
1021 5311 1096 5382 eins
1132 5311 1338 5382 aestimatur
1363 5311 1408 5382 ad
1435 5310 1521 5383 duas
1549 5330 1692 5382 marcas.
1728 5311 1817 5381 Item

268 5434 423 5505 taberna.
448 5434 537 5505 Item
563 5433 791 5505 bortulauice.
817 5432 906 5503 Item
932 5437 987 5502 est
1011 5431 1047 5502 in
1074 5431 1195 5503 eadem
1221 5430 1305 5503 villa
1328 5431 1510 5521 praedium
1536 5431 1744 5520 coenobiale,
1772 5429 1816 5502 de

270 5575 338 5644 quo
364 5554 451 5626 nulli
477 5554 583 5627 solet
608 5553 778 5626 decimam
803 5553 1064 5643 manipularem,
1090 5550 1153 5623 sed
1179 5570 1253 5622 mm
1280 5569 1344 5641 pro
1371 5570 1410 5623 se
1434 5551 1528 5622 tollit
1545 5557 1581 5622 ct
1598 5552 1634 5622 in
1653 5534 1813 5621 borreum

269 5694 369 5745 sunm
395 5674 538 5767 Inducit

372 5795 663 5885 Anmomczu,
689 5793 772 5866 villa
798 5794 863 5866 sub
889 5793 1055 5884 parocbia
1080 5791 1246 5865 ecclesiae
1271 5791 1315 5863 de
1342 5789 1464 5863 Gora
1488 5792 1566 5882 sita,
1593 5792 1690 5864 cuius
1708 5791 1818 5864 domi.-

268 5916 364 5986 nium
399 5916 444 5987 ad
478 5916 727 5989 monasterium
758 5913 1018 6005 Ozymyczeuse
1052 5912 1215 6003 pertiaet
1254 5913 1295 5985 In
1332 5932 1400 6003 qua
1434 5916 1517 5984 sunt
1540 5918 1701 6004 -quatnor
1725 5912 1817 5983 lanei

267 6035 519 6126 emetboneles,
546 6040 584 6108 et
617 6034 661 6108 de
695 6034 854 6107 omnibns
888 6033 1036 6105 soletur
1071 6038 1108 6104 et
1143 6032 1346 6105 conducItur
1372 6033 1505 6105 decima
1529 6031 1755 6124 manipularis
1780 6024 1819 6103 et
1924 6086 1928 6092 .

266 6156 443 6247 canapalis
468 6175 532 6247 pro
550 6156 761 6250 monasterio
787 6153 1107 6242 Saeczecbovicnsi‚
1135 6158 1172 6225 et
1197 6153 1297 6225 valor
1322 6153 1397 6226 eius
1424 6155 1631 6227 aestimatur
1659 6151 1704 6223 ad
1732 6170 1816 6242 quc

266 6283 347 6350 tuor
372 6297 518 6350 marcas
544 6276 633 6350 Item
658 6277 815 6349 tabem
841 6275 928 6347 Item
951 6272 1137 6346 hortulani.
1163 6272 1251 6344 Item
1268 6279 1324 6345 eat
1340 6274 1378 6345 ln
1395 6273 1515 6347 eadem
1534 6272 1618 6344 villa
1634 6271 1816 6363 praedium
