4217 8059
308 1473 380 1544 134

303 1679 463 1770 pertinet.
491 1678 530 1748 In
559 1698 628 1766 qua
655 1683 737 1746 sunt
764 1696 833 1746 sex>
852 1675 943 1745 lanei
970 1673 1214 1763 omethonales,
1242 1673 1285 1744 de
1312 1673 1437 1763 quibus
1464 1672 1622 1743 omnibus
1649 1673 1798 1743 solvitur
1816 1677 1851 1742 et

272 1803 274 1808 '
304 1798 506 1870 conducitur
533 1796 665 1867 decima
684 1795 916 1885 manipularis
943 1798 980 1866 et
1005 1794 1180 1885 mapalis
1209 1815 1271 1884 pro
1290 1794 1500 1865 monasterio
1514 1792 1853 1882 Pyandziczoviensi,

303 1925 339 1989 et
367 1918 464 1988 valor
490 1913 565 1989 eius
592 1916 797 1987 aestimatur
824 1912 868 1986 ad
888 1915 1005 2009 decem
1023 1934 1176 2003 marcas;
1204 1915 1286 2001 itam
1305 1914 1472 1985 tabernae
1490 1935 1559 1985 non
1579 1914 1711 1984 suntin
1731 1913 1851 1983 eadem

304 2037 395 2124 villa,
422 2059 489 2108 nou
517 2043 599 2108 sunt
624 2037 855 2126 hortulaniae,
882 2057 950 2107 non
978 2043 1032 2105 est
1057 2035 1248 2124 praedium,
1276 2054 1388 2124 neque
1414 2032 1646 2111 molendinum
1674 2035 1711 2104 in·
1732 2032 1852 2104 cadem

304 2157 404 2247 villa;
432 2159 515 2228 item
543 2157 703 2227 scoltetia
730 2163 784 2226 est
811 2157 869 2242 ibi,
892 2138 983 2246 quae
1010 2156 1117 2226 babet
1144 2154 1230 2225 duos
1257 2155 1376 2231 laneos
1402 2155 1547 2244 liberos,
1573 2155 1616 2224 de
1643 2156 1740 2224 cuius
1758 2154 1852 2243 agris
1990 2253 1995 2259 .

303 2275 436 2349 decima
476 2276 701 2366 manipularis
738 2277 886 2347 solvitur
920 2281 956 2345 et
992 2275 1196 2347 conducitur
1231 2276 1267 2345 in
1300 2272 1507 2369 postauam
1541 2294 1605 2364 pro
1641 2276 1853 2345 monasterio

304 2396 639 2488 Pyandziczoviensi.

408 2517 605 2606 annsonn,
632 2516 715 2588 villa
743 2518 808 2588 sub
836 2506 1000 2606 parocbia
1026 2516 1192 2587 ecclesiae
1221 2515 1263 2585 de
1290 2514 1624 2604 Pyandziczovv
1650 2515 1728 2602 sita,
1756 2515 1853 2585 cuius

304 2638 428 2709 haeres
455 2637 614 2708 Andreas
642 2637 685 2707 de
711 2635 1051 2726 Olyescbnicza
1078 2636 1120 2707 de
1147 2637 1253 2707 armis
1280 2635 1491 2722 Dambno.
1518 2635 1558 2705 ln
1587 2656 1655 2725 qua
1673 2641 1755 2707 sunt
1773 2641 1853 2706 octa>

304 2758 394 2850 lanei
427 2758 679 2846 cmetbonales,
705 2757 748 2828 de
776 2757 900 2847 quibus
927 2757 1086 2828 omnibus
1113 2756 1259 2827 solvitur
1294 2763 1330 2826 et
1356 2754 1560 2827 conducitur
1586 2756 1719 2827 decima
1744 2742 1853 2827 mani·

304 2878 434 2968 pularis
461 2885 497 2948 et
524 2878 699 2967 canapnlis
726 2898 790 2967 pro
818 2877 1015 2967 praebenda
1041 2876 1245 2966 Kelcziensi‚
1265 2897 1352 2966 quae
1370 2884 1514 2948 vocatur
1532 2876 1736 2968 Zydowslra
1755 2879 1852 2948 cuius

303 2999 401 3070 valor
428 3000 632 3070 aestimatur
659 2998 702 3069 ad
731 3019 791 3068 sex
821 3019 973 3087 marcas3
1001 2999 1083 3068 item
1111 3004 1165 3068 est
1191 2997 1238 3069 ibi
1266 2997 1447 3087 praedium
1476 2998 1633 3086 militare,
1652 3012 1797 3088 parvum
1817 3004 1854 3069 et

305 3125 408 3189 tenue
434 3118 470 3189 in
497 3118 601 3208 agris,
629 3117 672 3189 de
700 3118 824 3208 quibus
850 3119 926 3189 iure
944 3117 1143 3208 ‚parochiali
1172 3123 1307 3188 vetusto
1334 3117 1482 3189 solvitur
1509 3118 1853 3208 decimamanipula·

305 3239 354 3309 ris
380 3240 591 3310 monasterio
619 3238 953 3329 Pyandziczoviensi.

428 3502 690 3606 Privlleplum
723 3501 979 3580 fundationis
1012 3504 1257 3581 monasterii
1292 3501 1732 3610 Pyandziczovlenals.

408 3718 447 3792 ln
475 3722 613 3792 nomine
639 3674 786 3792 Sanctae
822 3728 858 3791 et
883 3720 1086 3792 Indiuiduae
1113 3721 1295 3793 Trinitatis
1323 3721 1444 3792 Amen.
1479 3720 1712 3811 Sbignens
1739 3721 1856 3794 divina

304 3841 528 3913 miseratione
563 3841 657 3912 tituli
693 3840 839 3913 Sanctae
876 3842 1017 3912 Priscae
1044 3842 1220 3913 Romanae
1248 3843 1415 3913 ecclesiae
1431 3834 1642 3934 presbyter,
1670 3843 1855 3913 cardinalis

304 3961 542 4035 Oracoviensis
569 3963 761 4052 vulgariter
787 3947 1012 4054 nuncupatus,
1039 3963 1083 4034 ad
1111 3969 1312 4054 perpetuam
1340 3965 1390 4034 rei
1419 3965 1630 4035 memoriam.
1656 3964 1854 4057 Stupendus
1975 3994 1980 4002 ·

304 4083 364 4154 ille
390 4083 550 4155 coelestis
577 4084 739 4174 agricola,
766 4090 802 4155 et
826 4084 981 4155 aetherei
1009 4085 1144 4175 pariter
1171 4091 1207 4155 et
1232 4087 1364 4157 terreni
1391 4086 1434 4156 ab
1453 4085 1553 4156 initio
1571 4087 1740 4175 temporis
1758 4085 1856 4175 plau·

308 4209 403 4275 tator
430 4204 593 4294 paradisi,
620 4205 679 4294 qui
705 4224 787 4276 vere
813 4203 890 4275 fons
922 4205 1132 4294 sapientiae,
1159 4206 1301 4277 verbum
1329 4205 1394 4299 Dei
1421 4226 1442 4276 a
1468 4211 1569 4295 patre
1596 4207 1629 4276 in
1657 4188 1757 4296 *ra
1784 4225 1857 4275 ma-

310 4345 405 4414 neae,
432 4326 570 4416 genitus
597 4325 641 4396 ab
668 4332 821 4415 aeterno,
847 4326 1032 4397 novissime
1070 4326 1191 4397 diebus
1218 4327 1296 4396 istis
1322 4325 1528 4398 adveniente
1554 4327 1722 4417 temporis
1742 4327 1860 4416 pleni:

228 4464 232 4471 ·
304 4446 435 4536 tudine,
459 4445 654 4519 'fabricante
680 4446 813 4537 Spiritu
840 4445 968 4519 Sancto
996 4449 1030 4518 in
1059 4447 1215 4538 Virginis
1243 4452 1342 4518 utero
1370 4467 1451 4519 caro
1477 4446 1590 4520 lactus
1617 4449 1726 4518 exivit
1743 4448 1856 4532 bomo,
1888 4527 1891 4531 ,

220 4550 223 4554 ’
305 4568 348 4638 ad
376 4588 463 4658 opus
491 4568 636 4643 arduum
664 4568 911 4658 redemptionis
939 4570 1078 4639 humani
1104 4569 1242 4658 generis
1270 4569 1523 4658 peragendum,
1542 4590 1618 4659 quo
1646 4569 1689 4639 ad
1718 4570 1855 4639 bortum

305 4689 558 4779 plantationum
586 4710 727 4762 suarum
766 4689 929 4780 irrigaret
956 4690 1141 4761 secundum
1170 4690 1268 4779 aquis
1296 4676 1487 4779 spiritualis
1513 4691 1648 4778 gratiae
1675 4689 1857 4760 etdoctri-

305 4830 370 4880 nae
397 4816 433 4880 et
460 4809 636 4898 exemplar
671 4810 764 4881 vitae
801 4810 960 4881 coelestis
996 4794 1196 4881 bominibus
1220 4809 1432 4900 sequendum
1459 4811 1641 4899 praeberet
1671 4830 1709 4879 se
1736 4810 1857 4899 ipsum.

306 4929 445 5015 Verum,
474 4929 555 5018 quia
581 4929 782 5017 plerumque
808 4930 967 5002 mortalis
993 4930 1088 5003 vitae
1115 4929 1405 5002 sollicitudinibus
1432 4949 1573 5020 pressus
1599 4929 1714 5019 bomo,
1732 4931 1857 5000 mentis

305 5055 479 5138 aspectum
508 5051 552 5120 ab
579 5050 773 5121 huiusmodi
801 5051 1009 5140 exemplaris
1036 5051 1164 5123 intuitu
1192 5051 1398 5142 divertebat,
1425 5071 1530 5123 verus
1555 5057 1677 5122 noster
1694 5049 1856 5121 Salomon

213 5175 233 5187 '¹
307 5170 341 5241 in
365 5170 442 5240 salo
470 5170 651 5241 militantis
677 5173 843 5242 ecclesiae
870 5173 1012 5243 bortum
1037 5172 1226 5262 voluptatis
1253 5174 1345 5243 inter
1372 5180 1530 5244 caeteros
1558 5170 1726 5262 quendam
1744 5171 1857 5242 lacere

276 5281 468 5382 ‘dignatus
504 5299 577 5381 est,
613 5314 634 5362 a
670 5293 871 5382 procellosis
908 5293 1024 5366 mundi
1061 5293 1222 5365 fluctibus
1249 5293 1460 5383 elongatum,
1487 5295 1523 5364 in
1551 5312 1618 5384 qno
1646 5293 1796 5384 quietius
1823 5301 1856 5363 ot

305 5415 460 5485 securius
490 5419 674 5485 vacaretur
701 5414 975 5504 contemplandis
1003 5415 1252 5505 servandisque
1280 5414 1475 5486 huiusmodi
1503 5414 1666 5504 operibus
1684 5415 1857 5504 exenrpla·

305 5533 364 5603 ris.
392 5533 458 5603 Hic
485 5533 653 5623 siquidem
682 5536 813 5623 hortus,
841 5541 896 5604 est
925 5537 1001 5624 ipsa
1019 5533 1146 5605 Sancta
1165 5536 1298 5625 religio,
1318 5554 1406 5624 quae
1424 5535 1532 5604 muris
1550 5533 1721 5623 regularis
1740 5535 1859 5605 obser·
1883 5601 1887 5609 ,

107 5662 110 5669 “
306 5653 622 5744 vantiae'undiquo
650 5655 875 5726 circumclusa
902 5655 996 5725 intra
1022 5675 1070 5743 sc,
1097 5655 1171 5726 solo
1198 5661 1358 5726 contecta
1384 5654 1476 5743 Deo,
1503 5653 1694 5726 adornatur
1721 5653 1857 5724 abunde

237 5762 245 5833 ζ
300 5774 453 5851 novellis
480 5774 754 5864 plantationibus
782 5776 939 5847 tiliorum.
966 5775 1068 5846 Enim
1098 5797 1192 5865 vero,
1211 5778 1240 5846 si
1260 5776 1453 5866 paradisus,
1471 5781 1575 5866 prout
1593 5776 1683 5846 sacri
1703 5775 1859 5865 pandunt

307 5896 459 5986 codiceS,
488 5897 521 5965 in
549 5897 615 5966 boc
643 5897 770 5966 mundo
807 5896 900 5966 vitae
928 5896 1090 5968 occiduae
1117 5903 1153 5967 et
1180 5897 1329 5968 labentis
1355 5903 1428 5984 est,
1457 5897 1515 5968 ubi
1541 5896 1730 5969 testantius
1757 5915 1858 5984 quam

307 6017 342 6086 in
369 6017 579 6087 monasterio
608 6017 796 6087 consistere
823 6018 1101 6088 monstrabitur?
1129 6018 1187 6088 ubi
1215 6023 1318 6106 prata
1345 6018 1492 6087 virentia
1522 6018 1781 6108 scripturarum,
1799 6016 1858 6086 ubi

308 6137 557 6226 praeterfluens
594 6138 774 6207 undositas
811 6138 1080 6228 lachrymarum,
1118 6136 1208 6226 quod
1245 6138 1288 6206 de
1323 6138 1517 6225 purissimis
1556 6137 1735 6210 affectibus
1763 6158 1860 6208 arnor

309 6256 366 6326 ille
394 6256 530 6328 divinus
558 6259 699 6348 eliquat,
726 6260 784 6328 ubi
812 6268 890 6330 sunt
918 6262 1061 6331 arbores
1088 6256 1320 6330 erectissimae
1348 6257 1446 6328 chori
1473 6266 1683 6348 unctorum,
1709 6266 1745 6330 et
1762 6258 1857 6328 nulla

310 6385 374 6465 est,
401 6397 488 6465 quae
516 6399 583 6449 non
611 6379 721 6449 multa
747 6378 879 6450 fructus
905 6379 1065 6453 frondem
1091 6386 1127 6448 et
1152 6385 1292 6468 turgeat
1317 6378 1501 6465 ubertates·
1516 6379 1646 6451 Videas
1671 6380 1739 6467 ini,
1767 6378 1859 6449 buno
