4217 8059
277 1453 356 1552 lta

383 1666 697 1775 Wltonmwiczlt,
724 1688 808 1759 villa
842 1690 906 1760 sub
943 1690 1108 1780 parochia
1133 1689 1177 1761 de
1204 1689 1331 1762 Sancto
1359 1691 1490 1762 Jacobo
1517 1692 1551 1761 iu
1580 1690 1833 1764 Casimiria

278 1807 355 1895 sita,
383 1807 479 1877 cuius
506 1808 701 1897 proprietas
729 1807 773 1879 ad
799 1810 1046 1880 monasterium
1073 1809 1219 1881 Sanctae
1246 1808 1453 1883 Gatberinae
1472 1832 1514 1882 en
1533 1811 1718 1884 donatione
1736 1813 1832 1885 Sbi-

278 1926 384 2015 guei
411 1925 455 1997 de
482 1927 712 2019 Brzeszye
749 1931 844 2018 regni
884 1929 1045 2000 Poloniae
1077 1930 1237 2000 mamalci
1273 1932 1433 2019 pertinet·
1476 1931 1516 2001 In
1549 1941 1617 2021 qua
1654 1938 1736 2004 suut
1762 1932 1833 2005 duo

280 2047 520 2119 tantummodo
546 2047 636 2119 lanei
663 2049 907 2137 cmetlrouales‚
934 2054 970 2120 et
986 2037 1143 2139 ¹quilibet
1168 2050 1274 2121 solvit
1310 2071 1373 2139 pro
1401 2072 1506 2123 ceusu
1526 2106 1533 2120 .
1552 2108 1558 2121 .
1579 2076 1605 2139 .;
1631 2053 1715 2123 item
1743 2052 1833 2125 duae

279 2168 497 2241 bortulauiae
524 2170 692 2240 habentes
720 2189 845 2260 agr0s3
873 2171 954 2240 item
983 2170 1088 2241 solvit
1116 2171 1262 2260 quilibet
1289 2171 1331 2242 de
1360 2171 1459 2242 laneo
1487 2194 1564 2262 ova,
1592 2175 1674 2243 item
1702 2188 1832 2264 caseos,

148 2332 155 2347 ·
279 2291 363 2361 item
389 2289 509 2380 gallos.
549 2288 636 2361 Item
665 2310 783 2362 omnes
809 2290 1009 2362 cmetbones
1037 2311 1098 2361 sex
1126 2296 1260 2361 lautum
1288 2290 1363 2362 dies
1389 2312 1452 2382 per
1479 2310 1605 2364 aunum
1633 2294 1833 2367 universum

167 2476 185 2503 ,
279 2410 442 2482 laborant
467 2410 610 2502 proprio
637 2430 742 2483 curru
768 2417 830 2482 aut
855 2417 983 2482 aratro.
1011 2411 1099 2481 Item
1126 2413 1273 2482 taberna
1299 2432 1368 2483 una
1396 2413 1529 2484 habens
1555 2434 1667 2504 agros,
1692 2414 1735 2485 de
1754 2416 1832 2505 qni·

281 2531 346 2602 bus
373 2531 565 2603 decimatur
600 2530 801 2622 praeposito
829 2530 946 2601 Sancti
972 2530 1106 2602 Jacobi.
1142 2531 1228 2602 Item
1256 2531 1434 2621 praedium
1462 2533 1660 2605 coenobiale
1688 2540 1762 2623 est,
1788 2535 1833 2606 de

280 2652 378 2749 cuius
404 2652 498 2741 agris
525 2651 719 2751 decimatur
744 2651 944 2744 praeposito
971 2651 1089 2722 Sancti
1115 2650 1362 2746 iacentium
1389 2674 1508 2724 omnes
1526 2655 1603 2742 agri
1621 2652 1724 2725 villae
1741 2662 1834 2726 eme·

281 2772 450 2860 tbonales,
471 2772 679 2862 praedialea
706 2754 949 2860 ammaum,
976 2771 1252 2843 hortulaniarum
1280 2771 1420 2844 solvunt
1446 2771 1613 2844 decimam
1641 2775 1834 2864 manipula-

280 2913 353 2963 rem
389 2899 427 2964 et
453 2892 652 2984 canapalem
687 2914 751 2983 pro
786 2893 986 2997 praeposito
1024 2892 1143 2963 Sancti
1169 2892 1312 2981 lambi,
1339 2900 1376 2963 et
1402 2893 1500 2965 valor
1526 2893 1569 2964 ad
1597 2914 1657 2966 sex
1686 2914 1833 2965 marcas.

281 3013 442 3085 Gentium
466 3036 543 3085 curn
571 3006 959 3103 Wrzoszo‘picze,
987 3013 1242 3103 Luscbiua,
1269 3013 1468 3104 Raysko‚
1495 3007 1833 3087 Suoszewicne.

384 3135 543 3207 Taberna
568 3134 933 3230 Wroblowycae,
969 3154 1031 3225 per
1058 3134 1269 3206 Stanislaum
1297 3135 1340 3205 de
1367 3134 1707 3208 Orzeslawicze
1733 3136 1834 3208 nobi'·

281 3256 348 3326 lem
376 3276 438 3345 pro
465 3257 675 3328 monasterio
701 3256 850 3328 Sanctae
876 3253 1095 3345 Oatberinae,
1122 3275 1186 3345 pro
1213 3255 1394 3344 sexaginta
1422 3256 1546 3326 marcis
1574 3264 1742 3346 coempta,
1769 3257 1833 3328 ha·

167 3427 170 3430 -
223 3466 233 3481 Δ
280 3377 366 3446 bens
392 3396 496 3467 agros
523 3381 561 3448 et
586 3383 706 3467 prata,
732 3381 770 3448 et
796 3376 901 3448 solvit
927 3396 990 3466 pro
1017 3395 1124 3447 censu
1150 3380 1302 3464 quatuor
1327 3394 1478 3466 marcas,
1506 3376 1644 3447 laborat
1669 3397 1730 3448 sax
1758 3376 1835 3449 dies

280 3496 314 3566 in
341 3515 453 3584 anno;
479 3516 555 3587 ova,
580 3495 692 3587 gallos
719 3503 756 3568 et
782 3496 949 3569 decimam
969 3549 976 3566 .
995 3550 1029 3566 ..
1600 3592 1603 3596 ι

384 3617 592 3689 Hortulania
617 3618 654 3690 in
681 3617 875 3709 Blonye,
902 3615 972 3688 duo
1002 3616 1095 3689 lanei
1129 3634 1293 3706 agrorum
1321 3622 1421 3687 extra
1447 3636 1565 3687 muros
1590 3615 1709 3707 oppidi
1734 3616 1835 3689 Gasi-

280 3737 464 3826 miriensis‚
490 3758 579 3829 quae
605 3738 722 3810 omnia
748 3736 1028 3840 vladislaus
1054 3735 1293 3808 Secundus
1319 3734 1485 3809 Poloniae
1502 3737 1675 3809 rex'anno
1692 3736 1835 3810 Domini

139 3860 142 3867 '
284 3859 382 3929 1394
409 3859 621 3929 monasterio
647 3857 795 3928 Sanctae
822 3856 1029 3928 Gatlrerinae
1055 3857 1092 3927 in
1118 3857 1371 3948 eleemosynam
1398 3856 1545 3929 contulit
1570 3864 1608 3929 et
1633 3857 1833 3949 privilegia·

280 3977 349 4065 rit,
376 3977 420 4048 de
447 3977 573 4067 quibus
609 3977 789 4049 solvuntur
816 3972 880 4067 pro
906 3977 1118 4048 monasterio
1144 3998 1205 4050 sex
1232 3996 1370 4051 mercae
1396 3998 1460 4068 pro
1487 3998 1611 4068 censu,
1636 3985 1674 4049 et
1699 3977 1835 4049 decima

281 4096 325 4169 de
351 4097 462 4169 laneis
488 4097 662 4189 praelatis.
1532 4107 1540 4121 ‘

384 4217 634 4308 Wrnmcznn,
661 4218 825 4310 oppidum
852 4220 1004 4310 regium
1030 4219 1066 4289 in
1093 4240 1162 4309 quo
1197 4219 1288 4291 sales
1313 4220 1541 4309 effodiuntur,
1568 4226 1605 4290 et
1631 4219 1737 4292 babet
1763 4219 1834 4290 illic

279 4340 525 4413 monasterium
552 4341 700 4412 Sanctae
727 4338 935 4413 Gatberinae
962 4341 998 4412 in
1025 4340 1209 4428 montibus,
1227 4339 1560 4431 quatuor'salicidas
1577 4341 1651 4410 sive
1669 4339 1831 4430 fossores,

280 4480 343 4552 per
369 4460 576 4535 Michaelem
604 4460 803 4550 Longum
831 4461 986 4550 militem,
1014 4459 1189 4532 consulem
1217 4458 1480 4533 Oracoviensem
1507 4467 1544 4532 et
1562 4460 1769 4533 advocatum
1788 4459 1832 4532 de

281 4580 571 4672 Wyeliczlra,
597 4602 673 4652 curn
707 4576 1146 4653 consensu'Vladislai
1173 4579 1372 4651 Secundi
1400 4579 1566 4667 Pelopiae
1592 4582 1687 4672 regis
1712 4599 1833 4653 meua·

280 4703 387 4773 aterio
414 4702 562 4773 Sanctae
589 4701 796 4773 Gatherinae
824 4707 993 4791 perpetuo
1020 4700 1167 4772 donatos
1193 4707 1230 4771 et
1256 4702 1452 4792 inscriptos,
1471 4700 1514 4772 de
1533 4702 1659 4792 quibus
1677 4721 1741 4792 pro
1758 4720 1833 4773 nro·

126 4808 129 4813 ’
280 4824 434 4894 nantario
451 4823 599 4895 Sanctae
625 4796 834 4895 Gatberir'i'ae
852 4876 861 4894 .
879 4874 914 4893 ..

919 5172 1201 5286 nunuscu.

282 5431 522 5513 Secundum
555 5433 857 5511 monasterium
889 5430 1050 5511 ordlnla
1082 5432 1353 5510 eremitarum
1387 5431 1502 5509 Beati
1536 5429 1756 5533 Augustini
1791 5430 1832 5509 ln

803 5570 993 5651 dioecesi
1027 5568 1319 5649 cracoviensi.

383 5792 643 5866 Gaslmirus
670 5790 906 5864 Secundus
933 5789 1097 5862 Poloniae
1115 5810 1177 5861 rex
1196 5789 1372 5882 praelatus
1391 5787 1566 5859 montibus
1586 5787 1717 5877 plumbi
1737 5786 1834 5878 apud

280 5915 502 5988 Slawlrow
529 5923 565 5987 et
592 5914 776 5986 Bitbom
804 5913 941 6005 oppida
959 5913 1198 5985 arescentibus
1229 5911 1391 5983 continue
1417 5908 1728 5998 adsidentibus,
1760 5909 1835 5980 suis

281 6058 364 6112 vero
391 6039 498 6128 regiis
524 6036 616 6129 apud
642 6036 759 6108 villam
787 6034 995 6115 Elluuscb
1023 6035 1182 6125 repertis,
1208 6032 1423 6105 feracitatem
1451 6031 1583 6121 plumbi
1599 6028 1836 6121 tundentibus,

281 6159 443 6251 oppidum
471 6160 506 6231 in
533 6156 714 6250 praedicta
741 6157 824 6228 villa
848 6156 1017 6245 laudavit,
1045 6175 1211 6247 muroque
1238 6161 1275 6226 et
1302 6153 1458 6225 turribus
1484 6150 1569 6224 illud
1598 6150 1836 6240 circumdedit,

281 6279 428 6351 ecclesia
454 6299 589 6371 qnoque
614 6278 807 6370 parochiali
835 6278 870 6348 in
897 6278 1065 6350 bonorem
1093 6277 1209 6348 Sancti
1239 6274 1400 6346 Andreae
1427 6278 1554 6361 erecta,
1582 6271 1834 6343 monasterium

281 6421 417 6491 quoque
442 6400 589 6473 lrauum
615 6401 842 6473 eremitarum
869 6397 971 6471 Beati
998 6397 1195 6488 Augustini,
1224 6397 1261 6469 in
1287 6396 1453 6467 honorem
1481 6393 1651 6467 Sancti..
1671 6391 1835 6463 ..muris

1527 6588 1575 6665 b

429 6706 461 6759 ἡ
