4217 8059
1590 1474 1898 1548 J-sr—

215 1690 600 1780 septimauapedester
627 1690 816 1759 laboratur.
844 1688 930 1758 ltem
957 1688 1126 1759 tabernae
1154 1687 1202 1757 ibi
1221 1706 1289 1756 non
1308 1692 1397 1756 sunt.
1425 1686 1511 1756 Item
1530 1691 1585 1756 est
1603 1683 1652 1755 ibi
1671 1702 1772 1775 prae-

215 1814 311 1884 dium
344 1811 544 1884 coenobiale
580 1812 726 1899 bonum,
762 1811 806 1881 de
834 1831 926 1900 quo‚·
960 1815 995 1879 et
1021 1809 1065 1879 de
1092 1809 1251 1879 omnibus
1289 1808 1398 1878 laneis
1434 1806 1713 1878 emetbonalibus
1736 1813 1773 1878 et

215 1934 494 2004 hortulaniarum
521 1934 627 2022 agne,
655 1933 804 2003 solvitur
831 1939 866 2003 et
894 1932 1097 2003 conducitur
1124 1931 1257 2001 decima
1283 1929 1509 2018 manipularis
1528 1935 1565 1999 et
1583 1928 1785 2019 canapalis„

215 2075 281 2144 pro
307 2054 520 2126 monasterio
547 2052 826 2142 Myecboviensi‚
861 2059 898 2124 et
925 2052 1023 2123 valor
1058 2052 1134 2122 eius
1168 2050 1213 2120 ad
1240 2050 1364 2139 vigintl
1400 2068 1462 2120 sex
1498 2069 1640 2120 marcas.
1685 2049 1773 2120 Item

215 2195 355 2269 osozyep
384 2196 452 2245 non
480 2174 628 2246 solvunt.
713 2209 718 2215 ·
1559 2271 1561 2274 Α

320 2296 550 2385 Szuuomn,
586 2295 669 2366 villa
695 2296 760 2367 sub
787 2295 953 2385 parocbia
979 2293 1146 2365 ecclesiae
1173 2293 1216 2363 de
1243 2291 1416 2364 Maiori
1453 2291 1657 2383 Ozaplye
1693 2293 1772 2383 sita,

217 2419 315 2489 cuius
342 2417 538 2506 proprietas
565 2424 603 2487 et
629 2416 819 2487 dominium
838 2416 882 2486 ad
900 2406 1150 2486 monasterium
1169 2413 1440 2504 Myecboviense
1459 2414 1621 2503 pertinet.
1649 2414 1688 2484 In
1707 2432 1776 2503 qua

217 2546 305 2610 sunt
326 2537 418 2609 lanei
445 2537 699 2626 emetbonales,
736 2543 772 2607 et
799 2534 946 2626 quilibet
974 2535 1079 2606 solvit
1115 2554 1180 2624 pro
1208 2554 1312 2606 censu
1341 2533 1602 2624 quatuordecim
1618 2540 1776 2624 scottoq

217 2661 303 2730 item
338 2679 406 2730 ove
430 2659 595 2748 triginta,
635 2659 718 2729 item
745 2658 856 2748 gallos
884 2664 1052 2747 quatuor,
1094 2656 1177 2727 item
1209 2676 1328 2727 caseos
1355 2656 1460 2745 duos,
1501 2656 1585 2726 item
1614 2655 1776 2726 laborant

216 2777 369 2874 iutrzyni
411 2800 475 2869 pro
518 2800 601 2850 vere
637 2788 673 2850 et
708 2780 841 2870 hyeme.
886 2778 973 2849 Item
1018 2798 1155 2873 oeezyep
1201 2777 1342 2849 solvunt
1383 2796 1564 2848 mensuras
1588 2778 1675 2848 dues
1691 2777 1776 2847 sili:

216 2902 310 2991 gInis
337 2900 520 2990 confertas,
548 2908 698 2991 quatuor
723 2921 874 2990 grossos,
901 2909 938 2971 et
964 2921 1025 2972 sex
1052 2900 1229 2973 denarios.
1275 2901 1361 2970 ltem
1383 2897 1568 2994 pomulam
1595 2905 1778 2989 utramque

216 3027 384 3092 tenentur
409 3041 473 3111 pro
501 3042 582 3093 vere
610 3029 646 3091 et
671 3023 794 3112 hyeme
820 3022 990 3093 laborare.
1035 3022 1122 3093 Item
1149 3023 1295 3093 taberna
1321 3042 1391 3093 una
1417 3022 1550 3093 babens
1577 3041 1699 3112 agros,
1736 3027 1773 3093 et

218 3143 324 3213 solrIt
351 3163 414 3232 pro
440 3164 546 3213 censu
572 3142 659 3213 duas
685 3163 830 3214 marcas.
866 3144 954 3214 Item
981 3144 1202 3216 bortulaniae
1228 3151 1301 3214 tres
1328 3134 1507 3214 babentes
1528 3162 1641 3232 agros,
1671 3162 1775 3233 quae·

219 3264 307 3334 libet
333 3264 438 3335 solvit
464 3285 571 3334 unum
597 3263 779 3354 fertonem,
806 3265 944 3335 laborat
970 3285 1076 3336 unum
1094 3264 1187 3335 dIcm
1204 3265 1241 3333 In
1259 3265 1461 3353 septimana.
1488 3263 1576 3334 Item
1593 3265 1775 3353 praedium

220 3393 276 3454 est
302 3385 351 3455 ibi
378 3385 595 3475 coenobiale,
632 3384 675 3456 de
702 3387 799 3467 cuins
821 3386 922 3476 agris
958 3386 1105 3457 solvitur
1139 3385 1280 3456 decima·
1298 3384 1525 3474 manipularis
1561 3383 1776 3455 monasterio

220 3505 265 3576 de
291 3505 467 3596 Mogila
493 3506 625 3577 ordinis
650 3505 903 3596 cisterciensis,
930 3513 967 3579 et
992 3507 1092 3579 valor
1118 3507 1193 3578 elus
1215 3506 1419 3597 aestimatur
1446 3505 1490 3576 ad
1517 3512 1776 3596 quatuormar-

220 3646 288 3697 cas.
314 3627 404 3697 Item
431 3636 511 3717 post
538 3648 657 3698 omnes
684 3649 787 3718 agros
814 3628 1050 3700 emetbonales
1078 3627 1226 3700 solvitur
1252 3635 1288 3699 et
1315 3626 1520 3699 conducitur
1547 3627 1680 3698 decima
1703 3644 1773 3698 mo*

220 3747 404 3837 nipularis‚
431 3768 496 3838 pro
522 3748 725 3838 episcopatu
752 3748 989 3839 cracoviensi,
1025 3756 1062 3821 et
1080 3749 1187 3820 vvalor
1213 3748 1287 3819 eius
1315 3749 1520 3819 aestimatur
1548 3748 1592 3818 ad
1618 3748 1775 3838 triginta

220 3868 408 3959 aliquando
435 3870 479 3939 ad
506 3869 744 3959 quadraginta
766 3890 909 3971 marcas.
935 3870 1025 3942 Item
1042 3891 1175 3940 nteeznc
1202 3871 1344 3942 solvunt
1360 3869 1508 3959 plebano
1527 3870 1572 3940 'in
1600 3868 1774 3940 Maiori

223 3988 444 4080 Gzyaple‚
472 3991 618 4080 quilibet
643 3990 687 4062 de
713 3990 814 4063 laneo
841 3992 929 4064 duos
953 3993 1081 4064 choros
1108 4011 1238 4065 avenae
1260 3997 1297 4064 et
1317 3991 1404 4065 duos
1432 3977 1589 4080 siliginis.
1617 3989 1778 4062 Confinm

223 4131 300 4181 eum
328 4111 500 4183 Maiori
526 4107 772 4203 Ozyap'lye

328 4231 674 4324 Pazunumnsczsun·
700 4233 855 4324 Wouun,
882 4233 966 4305 villa
993 4235 1057 4306 sub
1083 4234 1250 4324 parochia
1277 4233 1441 4305 ecclcsiae
1468 4232 1512 4304 de
1538 4230 1732 4324 Myeclro
1745 4252 1776 4305 u

107 4448 109 4452 Ι
222 4353 307 4443 sita,
344 4355 443 4425 cuius
468 4355 665 4445 proprIetas
692 4361 730 4426 et
755 4353 945 4427 dominium
972 4357 1017 4426 ad
1044 4351 1292 4428 monesterium
1319 4354 1587 4446 Myecboviense
1613 4355 1776 4445 pertinet.
1833 4436 1838 4441 ⁴

224 4473 264 4544 In
292 4494 360 4564 qua
386 4482 469 4546 sunt
494 4496 618 4547 novem
640 4476 736 4547 ¹lanei
763 4475 1007 4564 emetbonales,
1034 4482 1072 4546 et
1099 4474 1246 4566 quilibet
1271 4475 1378 4547 solvit
1405 4474 1666 4566 quatuordeeim
1685 4481 1777 4546 scot·

223 4601 290 4685 tos,
317 4596 402 4667 item
430 4617 496 4667 ova
521 4598 677 4688 triginta,
704 4597 788 4668 item
810 4596 921 4687 gallos
939 4601 1097 4687 quatuor,
1125 4596 1207 4667 item
1235 4615 1354 4667 osseos
1381 4597 1478 4685 duos,
1505 4596 1588 4666 item
1616 4592 1779 4666 laborant

224 4713 387 4806 umziui,'
401 4717 462 4789 sed
481 4739 550 4790 non
569 4719 652 4793 dies,
679 4718 766 4790 Item
794 4734 930 4814 oeszyep
949 4718 1054 4790 solvit
1072 4718 1219 4809 quilibet
1220 4772 1266 4789 .....
1293 4718 1381 4790 Item
1399 4714 1578 4812 poscebam
1595 4723 1779 4806 utramque

169 4901 173 4907 .
225 4844 391 4909 tenentur
417 4838 577 4911 laborare
604 4840 639 4910 in
666 4838 858 4911 frumentis.
903 4840 991 4911 Item
1017 4841 1185 4912 tabernae
1212 4861 1282 4912 non
1310 4846 1401 4912 sunt.
1445 4839 1534 4911 Item
1548 4839 1780 4910 -llortulaniae
1918 4851 1923 4859 ·

225 4980 293 5030 non
320 4966 411 5031 sunt
438 4960 526 5030 Item
552 4954 732 5051 praedium
759 4982 828 5034 non
856 4968 912 5057 est
938 4963 995 5034 ibi.
1015 4960 1111 5044 ltem
1139 4961 1208 5035 duo
1235 4961 1432 5033 molendina
1458 4960 1495 5031 in
1521 4960 1661 5032 flumine
1688 4960 1780 5032 Gzi-

228 5081 329 5168 aba,
365 5081 416 5152 de
438 5081 573 5172 quibus·
590 5088 759 5154 metretae
761 5137 814 5153 ......
841 5083 928 5154 Item
956 5090 1036 5175 post
1055 5079 1187 5157 omnes
1209 5104 1321 5174 agros
1339 5083 1488 5155 solvitur
1512 5087 1549 5153 et
1576 5082 1781 5154 conducitur
1905 5107 1906 5110 ¹

225 5201 360 5273 decima
386 5203 618 5293 manipularis·
640 5209 689 5275 et.
702 5205 889 5294 canapalis,
917 5226 979 5296 pro
998 5196 1212 5278 monasterio
1229 5204 1500 5296 Myeoboviensi,
1524 5209 1563 5274 et
1588 5203 1780 5275 ralor‘eius

226 5321 432 5393 aestimatur
458 5322 503 5393 ad
530 5324 648 5395 decem
672 5333 816 5396 marcas.
843 5323 1004 5397 Continet
1029 5347 1106 5398 cum
1125 5326 1254 5417 oppido
1281 5314 1525 5418 Myecbou,
1551 5323 1781 5414 Falnyou,

227 5430 494 5532 Syedlislra.
759 5521 763 5525 ,
1222 5459 1224 5465 ’
1577 5460 1583 5470 ·
1694 5448 1704 5466 ‘

234 5587 238 5599 ¹
333 5563 549 5635 Bumowsnn
576 5564 715 5656 Woun,
742 5566 826 5638 vllla
853 5567 918 5639 sub
943 5568 1110 5658 parocbia
1136 5567 1180 5640 de
1206 5566 1440 5659 Myecbow
1466 5567 1548 5658 sita,
1575 5568 1672 5639 cuius
1699 5584 1779 5658 pro-

228 5685 368 5774 prietas
393 5692 430 5757 et
455 5685 644 5757 dominium
680 5687 725 5759 ad
752 5690 1001 5761 monasterium
1027 5689 1294 5782 Myecboviense
1321 5689 1482 5809 pertinet.
1527 5689 1567 5760 In
1595 5709 1664 5780 qua
1698 5694 1782 5759 sunt

229 5805 378 5877 sedecim
404 5804 497 5878 lanei
524 5808 769 5898 emetbonales,
796 5815 832 5879 et
858 5809 1005 5900 quilibet
1030 5810 1136 5881 soluit
1161 5829 1225 5900 per
1243 5811 1503 5902 quatuordecim
1530 5816 1669 5899 scottos,
1697 5809 1803 5881 item.
1918 5846 1921 5857 ·

229 5946 295 5997 ova
320 5927 486 6018 trigirrta,
512 5929 597 5999 item
623 5928 734 6018 gallos
762 5937 928 6020 quatuor,
955 5931 1038 6001 item
1057 5950 1175 6002 caseos
1203 5931 1300 6004 duos.
1326 5932 1415 6003 item
1441 5932 1604 6003 laborant
1629 5925 1779 6018 immitti,

227 6047 287 6117 sed
306 6048 486 6142 mendice,
510 6050 596 6120 item
614 6058 731 6145 aasyep
749 6050 855 6121 solvit
873 6050 1055 6142 quilibet...
1082 6042 1171 6123 Item
1191 6051 1376 6146 poscebant
1400 6057 1584 6143 utramque
1610 6054 1776 6121 tenentur

230 6168 270 6239 in.
291 6167 473 6241 frumentis
498 6171 669 6243 laborare.
696 6172 784 6242 Item
811 6172 981 6243 tabernae
1005 6195 1073 6243 non
1101 6182 1192 6245 sunt.
1235 6175 1323 6245 Item
1349 6173 1567 6245 hortulaniee
1594 6192 1663 6244 non
1689 6178 1781 6244 sunt

231 6289 316 6360 Item
344 6291 523 6384 praedium
550 6294 599 6364 ibi
625 6284 694 6365 nou
711 6298 793 6382 est,
831 6293 892 6365 sed
920 6294 1080 6364 scoltetia
1107 6301 1179 6386 est,
1214 6296 1346 6367 babens
1374 6295 1461 6366 duos
1496 6295 1615 6367 laneos
1641 6296 1781 6366 liberas.

334 6580 548 6628 mmm.
652 6626 658 6640 ,
1591 6552 1626 6613 t*
