4217 8059
279 1441 353 1519 374

276 1618 340 1735 pro
366 1642 888 1733 monasterio‘AndrzeovIensi
915 1644 950 1714 et
977 1642 1075 1720 ualor
1101 1644 1176 1714 eius
1203 1629 1828 1719 aesonatnrau..'.mareas.1tem
1941 1694 1962 1743 ·.

206 1853 208 1856 v
276 1742 433 1854 noema,
459 1764 543 1877 item
569 1756 760 1885 bortulani,
784 1765 867 1836 item
891 1764 1074 1857 praedium
1095 1819 1101 1834 .
1122 1819 1155 1834 ..

277 2094 486 2210 Decimo
507 2074 793 2210 ‘manlpulares
826 2086 1070 2174 monaster-il
1103 2092 1487 2207 Andrzeoviensls,
1522 2117 1599 2198 per
1633 2092 1825 2207 Maurum

276 2258 321 2345 at
353 2250 637 2349 Radoctonem
671 2257 715 2333 et
746 2249 995 2348 ¹tireeleonorn
1027 2252 1260 2355 episcopos
1282 2248 1599 2350 &scanienses
1631 2250 1826 2363 donatas,

380 2487 635 2579 Mapowuczs,
663 2487 746 2559 villa
772 2488 836 2559 sub
863 2487 1029 2577 parocbia
1055 2487 1098 2558 dc
1118 2488 1272 2559 ...sita
1299 2487 1339 2589 In
1368 2507 1435 2578 qua
1462 2493 1544 2560 sunt
1569 2488 1660 2560 lanei
1678 2489 1831 2559 cmetbo-

275 2609 381 2699 males,
408 2614 444 2680 et
470 2608 514 2681 de
542 2609 700 2685 omnibus
727 2607 876 2681 solvitur
902 2612 938 2681 et
965 2608 1168 2680 conducitur
1193 2607 1328 2682 'decima
1354 2609 1579 2699 manipularis
1597 2612 1633 2680 et
1650 2609 1828 2702 canapalis

275 2750 338 2820 pro
365 2730 573 2801 monasterio
600 2727 884 2817 Andrzeoviensi,
905 2734 947 2809 ¹et
974 2728 1174 2801 valoreius
1200 2730 1406 2811 aestimatur
1424 2729 1469 2804 ad
1488 2784 1496 2801 .
1515 2786 1522 2800 .
1542 2784 1549 2800 .
1568 2750 1710 2803 marcas.
1737 2729 1827 2803 Item

274 2851 450 2940 tabernae,
478 2850 559 2920 item
587 2849 772 2940 hortulani,
800 2850 882 2937 item
910 2849 1093 2947 praedium
1111 2904 1118 2920 .
1138 2904 1172 2921 ..
1773 2938 1776 2943 Ι

379 2969 694 3060 Puaurrnsrmwr,
723 2947 806 3041 uilla
833 2971 896 3043 sub
923 2970 1090 3060 parocbia
1115 2954 1159 3042 de
1178 3026 1185 3040 .
1205 3026 1211 3040 .
1232 3025 1240 3039 .
1258 2971 1336 3041 sita.
1364 2970 1404 3043 ln
1432 2991 1505 3069 qna·
1528 2976 1608 3043 sunt
1626 2971 1717 3045 lanei
1735 2991 1827 3043 eme·

273 3090 443 3189 thonalcs
469 3090 574 3165 etde
601 3091 760 3177 omnibus
787 3070 936 3162 solvitur
963 3096 1000 3162 et
1027 3090 1231 3191 conducitur
1258 3090 1392 3171 decima
1418 3092 1643 3183 manipularis
1670 3097 1706 3163 et
1724 3113 1828 3165 cana-

274 3212 363 3302 palis
389 3194 454 3303 pro
480 3192 691 3289 monasterio
719 3210 1000 3303 Andrzeoviensi,
1027 3217 1065 3283 et
1092 3213 1189 3284 valor
1216 3213 1291 3283 eius
1314 3208 1520 3285 aestimatur
1538 3212 1581 3285 ad
1604 3269 1610 3282 .
1630 3268 1637 3284 .
1657 3269 1664 3283 .
1683 3234 1829 3305 mareas.

192 3364 195 3369 ,
272 3333 361 3404 Item
387 3333 565 3422 tabernae,
592 3334 673 3428 item
700 3333 887 3425 hortulani,
914 3333 997 3404 item
1023 3332 1283 3435 praedium...
1517 3346 1520 3353 ·

378 3453 539 3543 Counsr,
566 3454 649 3526 villa
675 3455 740 3525 sub
768 3454 932 3543 parochia
958 3452 1002 3549 de
1020 3509 1028 3523 .
1047 3510 1054 3524 .
1074 3508 1081 3524 .
1101 3455 1176 3525 sita.
1204 3453 1243 3527 In
1272 3475 1340 3560 qua
1367 3459 1447 3547 sunt
1473 3454 1565 3531 lanei
1583 3454 1831 3551 emethonales,

274 3574 378 3653 etde
405 3575 563 3647 omnibus
599 3574 748 3684 soluitur
784 3579 820 3645 et
847 3574 1050 3655 conducitur
1078 3574 1211 3647 decima
1246 3574 1472 3665 manipularis
1499 3581 1535 3646 et
1562 3577 1737 3667 canapalis
1763 3596 1829 3680 pro

273 3696 482 3766 monasterio
500 3694 791 3797 *Andrzeoviensl
818 3699 855 3766 et
882 3696 980 3767 valor
1006 3696 1082 3767 eius
1109 3696 1315 3779 aestimatur
1341 3696 1386 3768 ad
1405 3751 1412 3766 .
1485 3753 1491 3767 .
1512 3753 1517 3766 .
1541 3717 1709 3771 marcas.
1737 3697 1827 3771 Item
1960 3778 1965 3785 ,

275 3816 430 3905 taberna,
457 3817 539 3887 item
568 3815 757 3907 hortulani,
783 3814 879 3889 iton
894 3816 1073 3909 praedium
1094 3871 1101 3887 .
1121 3871 1155 3887 ..
1216 3862 1220 3871 -

380 3935 589 4027 Mronowo,
616 3934 699 4008 villa
726 3937 791 4007 snb
818 3936 983 4027 parochia
1010 3936 1174 4010 ecclesiae
1202 3936 1245 4011 de
1325 3938 1428 4010 ‚sita
1463 3938 1505 4008 In'
1530 3944 1599 4030 qna
1625 3945 1708 4011 sunt
1733 3940 1826 4011 lanei

274 4057 523 4145 cmethooalcs,
550 4061 587 4127 et
621 4056 679 4145 de,
700 4058 858 4129 omnibus
895 4058 1043 4130 soletur
1079 4064 1115 4129 ct
1146 4057 1351 4135 conducitur
1377 4058 1510 4131 decima
1536 4059 1760 4152 manipularis
1787 4067 1826 4131 et

274 4177 450 4267 canapalis
477 4198 540 4266 pro
567 4178 778 4267 monasterio
807 4156 1098 4268 AndrzeovIensi,
1125 4184 1162 4270 et
1188 4178 1286 4249 valor
1312 4180 1386 4250 eius
1414 4180 1621 4267 aestimatur
1647 4180 1692 4253 ad
1711 4235 1827 4251 .....

273 4317 416 4369 marcas.
443 4296 531 4388 Item
558 4298 715 4388 taberna,
742 4298 824 4369 item
853 4298 1039 4389 hortulani,
1068 4298 1150 4371 item
1177 4298 1441 4389 praedium...

376 4417 613 4509 Wrsouowo‚
641 4420 723 4489 villa
749 4421 813 4491 sub
841 4420 1005 4509 parochia
1031 4403 1196 4491 eeclesiae
1225 4421 1267 4491 de
1287 4476 1294 4490 .
1313 4476 1320 4490 .
1341 4477 1346 4491 .
1365 4423 1442 4493 sita.
1469 4421 1510 4493 In
1538 4442 1606 4512 qua
1633 4427 1715 4495 suot
1733 4422 1827 4495 lanei

266 4541 524 4628 cmctlmnales,
551 4546 588 4611 et
623 4540 665 4613 de
702 4541 859 4613 omnibns
896 4542 1044 4612 solvitur
1079 4548 1115 4612 et
1143 4541 1346 4615 conducitur
1378 4542 1512 4615 decima
1537 4543 1763 4634 manipularis
1790 4549 1829 4617 et

273 4661 448 4751 canapalis
475 4682 538 4755 pro
566 4662 775 4733 monasterio
802 4660 1085 4753 Andrzeoviensi,
1113 4669 1148 4733 et
1176 4663 1273 4735 valor
1299 4664 1374 4736 cius
1399 4664 1604 4747 aestimatur
1621 4665 1667 4741 ad
1685 4719 1827 4736 ......

272 4802 415 4853 marcas.
442 4782 529 4853 Item
557 4783 716 4870 tabema‚
743 4784 825 4854 item
854 4783 1040 4870 hortulani,
1066 4784 1149 4855 item
1176 4783 1356 4892 praedium

274 5118 476 5205 Decimae
503 5100 606 5201 vtras
646 5116 827 5203 donatae
862 5118 1120 5240 monasterio
1153 5116 1490 5203 Andezeovienal
1524 5144 1602 5233 per
1635 5118 1821 5204 Redeatlr

733 5281 981 5384 episcopum
1013 5277 1361 5385 Graeovienserrr.

377 5518 553 5605 Boaown,
580 5515 663 5587 villa
689 5517 754 5587 sub
781 5516 946 5606 parocbia
973 5515 1015 5585 de
1043 5514 1351 5587 Orzanczioze
1378 5517 1454 5588 sita.
1482 5517 1521 5589 In
1549 5538 1617 5609 qua
1634 5524 1715 5591 sunt
1732 5518 1826 5599 lanei

274 5639 524 5729 emethomles,
557 5638 671 5719 etde
706 5638 865 5709 omnibus
900 5637 1048 5731 solvitur
1066 5643 1119 5709 ¹et
1146 5638 1348 5711 conducitur
1375 5639 1509 5710 decima
1535 5637 1761 5737 manipularis
1788 5647 1825 5712 et-

272 5760 447 5851 canapalis
474 5760 683 5865 monasterio
710 5758 993 5847 Andrzeouicnsi,
1020 5763 1058 5830 et
1085 5738 1180 5831 valor
1207 5762 1280 5831 eins
1308 5763 1511 5862 aestImatur
1537 5761 1580 5832 ad
1601 5816 1607 5831 .
1628 5817 1633 5830 .
1654 5817 1660 5831 .
1680 5783 1825 5834 mareas.

270 5881 358 5953 Item
385 5882 540 5970 taberna,
568 5881 650 5951 item
678 5878 864 5969 hortulani,
892 5880 974 5951 item
1002 5880 1261 5985 praedium...
1683 5972 1687 5977 1

376 6002 584 6091 Pnznuorn,
612 6001 694 6072 villa
722 6004 786 6072 sub
814 6003 977 6092 parocbia
1004 6004 1047 6074 de
1165 6005 1241 6075 slta.
1278 6003 1318 6075 In
1347 6024 1415 6094 qua
1442 6009 1523 6076 sunt
1548 6005 1642 6076 lanei
1669 6005 1824 6079 cmetbo-

271 6125 377 6214 nales,
403 6131 440 6196 et
466 6125 508 6197 de
536 6123 695 6195 omnibus
722 6124 869 6195 solvitur
894 6129 929 6194 et
956 6125 1161 6196 conducitur
1189 6124 1320 6197 decima
1347 6127 1571 6215 manipularis
1590 6133 1625 6198 et
1644 6126 1823 6217 canapalis

270 6267 333 6335 pro
361 6248 570 6318 monasterio
598 6245 879 6336 Audrzeorieosi,
906 6253 942 6317 et
970 6248 1068 6318 valor
1095 6247 1168 6316 eius
1195 6247 1401 6319 aestimatur
1419 6247 1462 6319 ad
1483 6303 1489 6317 .
1509 6303 1515 6317 .
1536 6304 1542 6318 .
1561 6269 1705 6321 marcas
1731 6248 1822 6321 Item

271 6367 426 6456 taberna,
453 6368 535 6438 item
560 6367 747 6458 hortulani,
775 6369 859 6440 item
885 6368 1146 6460 praedium...
