4217 8059
290 1473 364 1544 448

291 1682 365 1751 eins
392 1681 436 1752 ab
463 1681 609 1753 ecclesia
635 1684 840 1773 explendas,
867 1685 1038 1774 legendas,
1070 1690 1107 1756 et
1133 1686 1295 1773 canticas,
1322 1687 1421 1755 suavi
1448 1690 1484 1756 et
1510 1686 1692 1775 spectabili
1717 1688 1844 1760 modu-
1910 1668 1913 1673 ⁵

283 1801 422 1891 latione,
448 1803 682 1894 concinnaque
711 1825 751 1874 ac
777 1805 908 1875 diserta
934 1806 1176 1896 descriptione,
1203 1807 1334 1895 primus
1361 1807 1553 1896 composuit
1579 1812 1616 1879 et
1642 1808 1842 1901 descripsit,

286 1927 322 1993 et
348 1922 526 1995 altissimis
553 1925 713 1996 cantibus
748 1933 784 1996 et
811 1928 1004 2015 praeconiis
1032 1916 1123 2015 suis,
1151 1932 1273 2016 suapte
1300 1928 1504 2017 stupendam
1532 1934 1636 2019 atque
1661 1929 1842 2001 adnabam·

289 2044 368 2115 dam
396 2044 579 2135 insigniter
605 2046 812 2136 nobilitavit,
841 2049 1018 2137 proprium
1055 2049 1160 2119 decus
1196 2048 1339 2119 cuilibet
1366 2049 1497 2137 officio,
1524 2051 1667 2121 cuilibet
1692 2071 1842 2141 respen-

286 2165 378 2236 sorio
406 2171 442 2236 et
468 2167 689 2257 antiphonae,
716 2168 834 2239 divino
861 2175 899 2240 ut
927 2190 1006 2240 reor
1034 2169 1160 2258 spiritu
1187 2170 1377 2258 inspiratus
1404 2169 1543 2259 adiecit,
1571 2171 1676 2259 adeo,
1701 2177 1741 2243 ut
1766 2196 1840 2243 non

285 2290 419 2355 tantum
447 2286 548 2359 nobis
575 2308 618 2359 ex
647 2270 850 2377 polonorum
877 2310 1004 2379 genere
1031 2291 1127 2378 satis,
1155 2295 1192 2360 et
1218 2291 1276 2379 qui
1305 2289 1468 2360 Sanctum
1495 2290 1560 2361 Dei
1588 2312 1712 2381 magno
1730 2293 1841 2383 cultu,

219 2392 222 2403 '
284 2427 409 2496 magna
435 2409 668 2499 veneratione,
694 2410 787 2480 ultra
813 2418 969 2482 caeteros
997 2412 1191 2500 obligamur
1218 2410 1394 2498 extollere,
1421 2411 1482 2481 sed
1509 2411 1614 2482 etiam
1640 2413 1770 2484 exteris
1790 2415 1840 2487 sit

253 2611 255 2615 Ι
286 2527 322 2596 in
350 2525 589 2601 admiratione.
625 2528 714 2601 Sunt
740 2536 855 2602 autem
884 2532 919 2602 in
947 2531 1096 2604 dioecesi
1132 2531 1354 2603 cracoviensi
1381 2530 1649 2605 mendicantium
1676 2533 1840 2606 ordinum

285 2648 435 2738 quinque
461 2669 608 2739 genera,
636 2649 796 2722 videlicet
822 2674 932 2741 genus
959 2660 994 2723 et
1021 2654 1107 2724 ordo
1139 2651 1433 2743 praedicatorum,
1457 2672 1567 2743 genus
1593 2660 1630 2725 et
1656 2655 1743 2725 ordo
1770 2656 1837 2727 mi-

286 2787 418 2860 norum,
444 2791 554 2860 genus
581 2776 618 2843 et
644 2770 730 2843 ordo
757 2771 902 2844 fratrum
931 2774 974 2845 de
1002 2774 1215 2864 poenitentia
1241 2775 1422 2873 beatorum
1449 2778 1654 2865 martyrum,
1671 2796 1782 2866 genus
1800 2782 1839 2849 et

221 2914 228 2921 ·
283 2893 368 2963 ordo
395 2890 542 2963 fratrum
570 2892 839 2965 baeremitarum
867 2897 930 2966 sub
957 2896 1080 2984 regula
1106 2895 1207 2965 Beati
1235 2893 1422 2983 Augustini
1449 2895 1651 2985 viventium,
1669 2902 1705 2967 et
1722 2918 1836 2987 genus

287 3018 324 3083 et
350 3012 436 3084 ordo
472 3012 621 3085 fratrum
656 3014 925 3093 baeremitarum
961 3014 1004 3086 de
1041 3020 1156 3086 monte
1191 3013 1411 3102 Carmeli,
1439 3013 1482 3084 de
1518 3015 1644 3104 quibus
1671 3015 1834 3090 omnibus
1945 3002 1948 3007 ¹

283 3134 475 3205 adiuvante
502 3156 565 3207 nos
592 3134 755 3226 Domino,
782 3135 1048 3229 descriptionem
1077 3143 1231 3208 nostram
1258 3155 1334 3206 eum
1363 3140 1493 3223 quanta
1520 3135 1710 3225 poterimus
1735 3114 1831 3209 inte-

282 3256 421 3346 gnitate,
448 3256 622 3348 faciemus,
647 3256 876 3331 describendo
903 3278 1022 3329 eorum
1049 3257 1270 3346 monasteria,
1297 3255 1373 3327 loca
1400 3262 1435 3327 et
1462 3261 1636 3345 tempora,
1665 3256 1730 3329 sub
1756 3258 1837 3349 qni-

281 3376 346 3449 bus
372 3377 408 3447 in
435 3376 585 3449 dioecesi
611 3377 834 3451 cracoviensi
862 3376 1051 3450 introducti
1079 3383 1168 3466 sunt,
1195 3381 1230 3448 et
1256 3375 1377 3449 domus
1404 3397 1524 3450 eorum
1551 3382 1655 3467 atque
1682 3377 1766 3468 loca,
1794 3384 1834 3450 et

282 3519 303 3568 a
330 3497 455 3587 quibus
482 3498 640 3589 personis
666 3497 809 3571 fundati.

384 3617 425 3689 ln
442 3604 679 3692 describendis
697 3625 812 3692 autem
831 3620 1050 3693 monasteriis
1069 3619 1354 3707 mendicantium,
1381 3616 1648 3721 descriptionem
1675 3624 1837 3715 nostram

281 3736 457 3811 ordiemur
483 3739 632 3829 primum
664 3741 708 3812 ab
735 3741 856 3813 ordine
892 3741 1186 3830 praedicatorum,
1223 3739 1281 3830 qui
1315 3743 1352 3809 et
1388 3743 1551 3829 tempore
1580 3739 1752 3811 vetustior
1779 3712 1838 3815 est

282 3878 384 3949 qnam
411 3861 558 3950 caeteri,
585 3860 683 3933 etad
702 3859 963 3939 cracoviensem
991 3862 1127 3951 urbem,
1154 3860 1263 3933 totius
1290 3856 1388 3949 regni
1410 3856 1576 3931 Poloniae
1603 3860 1837 3953 metropolim,

282 3981 447 4052 verticem
474 3988 510 4054 et
537 3987 658 4072 caput,
694 3982 791 4072 prior
817 4003 839 4054 a
867 3983 940 4055 viro
968 3984 1150 4055 excellenti
1185 3987 1222 4053 et
1248 3981 1391 4071 insigni,
1419 3984 1662 4071 spectataeque
1692 3972 1841 4057 iimntii·

282 4101 444 4193 pontifice
480 4101 702 4175 cracoviensi
738 4103 893 4177 Yvonc
930 4104 973 4176 de
1000 4104 1187 4175 Kcnslxe
1227 4124 1269 4173 ex
1297 4101 1406 4175 nobili
1445 4101 1613 4192 prosapia
1647 4101 1771 4175 domus
1798 4106 1853 4177 ἡ·

200 4254 202 4259 ·
280 4222 431 4295 familiae
457 4223 655 4314 polonieae,
682 4242 770 4317 qnae
796 4246 834 4297 se
861 4224 1174 4297 Odrovanscb
1201 4222 1373 4314 appellat,
1400 4229 1497 4311 orto,
1526 4222 1755 4295 introductus.
1797 4224 1836 4299 fs

280 4344 371 4417 enim
398 4367 475 4417 cum
503 4345 538 4416 in
556 4346 643 4418 urbe
670 4344 827 4418 Romana
852 4352 990 4437 ageret,
1017 4353 1053 4418 et
1072 4346 1184 4417 Beato
1212 4346 1286 4418 viro
1312 4342 1555 4417 Dominico
1580 4343 1675 4435 patri
1699 4342 1837 4423 offun-

280 4465 395 4538 datori
423 4465 554 4538 ordinis
581 4467 860 4557 praedicatorum
887 4469 1071 4558 primario,
1099 4469 1135 4539 in
1162 4466 1258 4541 Urbe
1286 4464 1527 4554 commoranti,
1554 4466 1592 4537 et
1608 4462 1845 4539 declamatio·

279 4586 381 4660 nibus
408 4587 558 4660 assiduis
585 4589 629 4659 ad
657 4586 821 4679 populum
847 4588 992 4677 nitenti,
1026 4589 1193 4679 singulari
1229 4585 1464 4658 familiaritate
1500 4582 1702 4657 coniunctus
1728 4592 1836 4679 esset,

279 4728 355 4778 cunr
383 4713 419 4780 et
437 4708 604 4781 miracula
629 4700 666 4781 in
685 4710 950 4781 resuscitatione
979 4716 1194 4781 mortuorum
1221 4706 1400 4797 stupenda,
1428 4712 1464 4777 et
1483 4706 1582 4776 varia
1607 4706 1678 4778 alia
1702 4708 1837 4779 sancti-
1890 4764 1895 4773 .

279 4830 362 4900 tatis
390 4850 498 4919 opera
531 4830 575 4903 ab
603 4850 643 4902 eo
670 4831 755 4919 fieri,
782 4831 916 4902 carneis
943 4831 1052 4902 oculis
1081 4831 1243 4919 vidisset,
1270 4828 1402 4901 ordinis
1429 4828 1535 4898 etiam
1562 4827 1671 4917 ipsius
1696 4826 1835 4903 mam

278 4950 547 5025 Dominicns
574 4952 886 5043 confirmationem,
922 4972 1012 5024 anno
1040 4952 1179 5024 Domini
1211 4953 1307 5023 1217
1345 4970 1526 5021 asumma
1559 4946 1841 5038 pontificalia·
1885 4946 1889 4951 ’

278 5071 410 5142 nario
438 5091 529 5161 papa
554 5071 780 5162 obtinuisset,
807 5072 883 5145 dari
916 5073 983 5145 sibi
1010 5092 1031 5145 a
1059 5060 1169 5147 Beato
1194 5071 1439 5144 Dominico
1474 5075 1609 5140 certum
1645 5088 1833 5143 nnmerum
1898 5052 1902 5057 ¹

278 5191 444 5282 fratrum,
482 5214 568 5283 quos
595 5213 711 5265 secum
737 5193 773 5265 in
801 5193 979 5267 Poloniam
1006 5194 1211 5283 deduceret,
1245 5199 1281 5265 et
1307 5212 1370 5282 per
1397 5210 1484 5281 qnos
1510 5189 1665 5263 ordinem
1692 5191 1838 5280 praedi·

278 5318 435 5385 catorum
461 5312 497 5383 in
523 5312 687 5387 Poloniae
714 5336 840 5407 regno,
876 5321 911 5387 et
937 5317 1141 5406 praesertim
1178 5317 1214 5387 in
1241 5314 1382 5387 civitate
1418 5308 1641 5385 cracoviensi
1670 5308 1835 5385 ordinem

279 5432 468 5524 plantaret,
496 5435 701 5526 suppliciter
718 5436 860 5526 expetit.
901 5436 950 5509 At
969 5436 1023 5507 vir
1040 5434 1188 5508 Sanctus
1206 5434 1408 5509 Dominicns
1433 5430 1560 5524 spiritu
1586 5430 1683 5503 illum
1708 5428 1854 5507 divino·

277 5555 432 5644 docente,
459 5561 536 5628 oeta
555 5556 681 5631 fratres
709 5558 777 5630 iam
796 5557 952 5630 ordinem
979 5564 1016 5628 et
1034 5556 1188 5648 regulam
1212 5546 1514 5646 suamprofessos
1539 5552 1591 5624 illi
1609 5551 1715 5643 dedit,
1741 5573 1836 5644 quos

277 5674 432 5767 pontifex
458 5675 550 5749 Yvo
586 5675 827 5752 Cracoviensis
863 5698 940 5749 cunr
967 5677 1182 5769 benignitate
1216 5684 1253 5750 et
1285 5675 1457 5767 profunda
1492 5674 1640 5765 caritate
1648 5668 1834 5767 'suscepit

277 5795 313 5867 in
332 5795 511 5868 Poloniam
534 5818 649 5870 secum
668 5819 728 5872 eos
746 5797 903 5888 deduxit,
930 5798 1091 5871 videlicet
1107 5797 1252 5871 fratrem
1270 5798 1292 5871 l
1303 5797 1551 5871 aczkonem
1577 5792 1739 5886 pblonum
1767 5817 1836 5869 no-

277 5917 380 5990 bilem
407 5917 450 5989 de
476 5923 572 5991 tarra
598 5918 818 6010 Oppoliensi,
854 5919 1103 5992 Henricnm
1139 5920 1353 5993 Moravin
1388 5919 1553 5991 lectorem
1580 5916 1700 5991 ambos
1726 5936 1834 6007 prae-
1903 5948 1906 5953 ·

276 6037 449 6112 dicatores
476 6039 630 6112 eximios.
670 6040 710 6111 ln
729 6041 853 6112 itinere
881 6047 1016 6132 autem,
1043 6063 1086 6114 ex
1113 6042 1209 6116 Urbe
1236 6043 1271 6115 in
1299 6041 1478 6114 Poloniam
1505 6036 1700 6128 redeundo,
1731 6036 1833 6113 Yvo

276 6158 428 6249 pontifex
464 6161 557 6252 apud
592 6159 808 6234 carinthiam
844 6163 879 6233 in
916 6162 1108 6236 Frisaco
1142 6163 1269 6255 oppido
1296 6162 1524 6250 constitutus,
1561 6159 1834 6251 deposcentibus

276 6281 457 6371 oppidanis
484 6283 520 6353 in
548 6282 741 6357 Frisaeo
778 6289 814 6356 et
839 6285 932 6358 clero
968 6306 1009 6357 ac
1036 6286 1163 6377 populo
1196 6284 1314 6377 oppidi
1342 6285 1513 6374 ciusdem,
1546 6289 1587 6356 ut
1612 6283 1682 6355 illis
1708 6302 1832 6359 senten

194 6464 205 6483 ,
271 6403 403 6475 ordinis
437 6402 717 6494 praedicatorum
752 6404 990 6498 relinqueret,
1008 6408 1077 6499 ¹pia
1112 6406 1344 6497 benignitate,
1380 6406 1442 6480 sed
1478 6406 1615 6497 polonis
1635 6406 1832 6495 ‚lumime
