4217 8059
891 1668 898 1673 ·
3138 1666 3283 1707 ‚grata

519 1719 1094 1791 venceslaus
1146 1718 1368 1789 frater
1420 1719 1683 1789 ordinis
1737 1717 1973 1789 Sancti
2028 1717 2384 1788 Benedicti
2461 1716 2898 1806 Sclavorum,
2952 1717 3071 1809 quj
3100 1705 3313 1802 sifi:

518 1847 665 1911 tate
720 1846 913 1911 extat
964 1859 1230 1911 morum
1285 1838 1847 1910 commendabilis
1902 1838 2109 1908 debet
2160 1859 2502 1928 praeesse,
2560 1845 2631 1931 et
2683 1838 2955 1909 easdem
3024 1812 3321 1943 “fiis-'isi

519 1961 806 2047 tamdiu,
863 1981 1218 2050 quousque
1271 1960 1765 2030 monasterium
1820 1978 1943 2029 seu
2000 1959 2371 2029 claustrum
2438 1980 2564 2049 pro
2627 1958 2960 2030 fratribus
3023 1928 3119 2030 Sc¹
3140 1962 3167 1975 ·’
3218 1940 3229 1951 ’

521 2080 758 2151 Sancti
830 2079 1186 2150 Benedicti
1255 2080 1628 2169 praedicti,
1700 2079 1951 2149 ibidem
2018 2085 2325 2150 erectum
2395 2078 2606 2151 fuerit
2658 2080 3109 2168 proventibus
3194 2082 3199 2089 '

521 2200 835 2271 dotatum
892 2208 964 2270 et
1015 2200 1330 2271 ditatum.
1386 2199 1606 2271 Vobis
1659 2199 1875 2288 igitur
1929 2199 2196 2270 civibus
2233 2197 2808 2270 Gracoviensibus
2845 2219 2967 2269 seu
3004 2199 3617 2288 theloneatoribus,

524 2321 642 2410 qui
695 2341 824 2410 pro
876 2326 1191 2410 tempore
1244 2320 1516 2391 fueritis
1570 2319 1812 2390 damus
1866 2319 2082 2390 firmis
2137 2321 2396 2390 nostris
2448 2320 2798 2409 regalibus
2850 2321 2921 2390 in
2976 2320 3340 2410 mandatis,
3378 2326 3620 2410 quate-

527 2462 655 2512 nus
708 2441 927 2512 eidem
982 2440 1186 2511 fmtri
1219 2441 1780 2529 -Vencesla0‚
1833 2440 1943 2510 vel
2000 2441 2116 2530 qui
2171 2461 2298 2530 pro
2349 2445 2659 2530 tempore
2711 2439 2923 2511 fuerit
2974 2442 3042 2509 in
3100 2441 3334 2511 eodem
3391 2445 3620 2511 orato-

526 2563 632 2632 rio
704 2562 1026 2632 instituto
1052 2617 1068 2650 ,
1123 2561 1433 2652 quolibet
1504 2581 1683 2632 anno
1754 2562 2002 2650 viginti
2073 2581 2344 2632 marcas
2416 2561 2501 2632 de
2572 2561 2914 2631 theloneis
2968 2562 3258 2649 nostris,
3332 2560 3620 2650 singulis

524 2688 822 2772 quatuor
870 2682 1299 2771 temporibus
1352 2702 1476 2771 per
1533 2682 1829 2770 quinque
1885 2696 2154 2754 marcas
2210 2681 2294 2750 ud
2354 2681 2566 2770 ipsius
2606 2682 3095 2770 quietationem
3137 2681 3305 2751 dare
3343 2686 3414 2751 et
3449 2680 3621 2750 assi-

522 2823 736 2892 gnare
791 2801 1141 2890 debeatis3
1187 2802 1585 2892 praedictae.
1641 2822 1939 2898 namque
1969 2802 2382 2908 'definitionis
2438 2802 2731 2889 intuitu,
2787 2822 2989 2891 quam
3047 2802 3133 2871 ob
3188 2820 3378 2890 spem
3417 2800 3624 2871 retri-

525 2912 851 2993 butionis*
884 2929 1301 3012 perpetuae,
1355 2923 1424 2992 in
1481 2926 1736 2990 eodem
1777 2905 2086 3024 ura-'tofis
2133 2918 2322 3005 duae
2370 2922 2618 2994 missae
2672 2922 2981 3011 qualibet
3035 2922 3441 3010 septimana,
3493 2940 3622 3010 pro

522 3043 746 3113 salute
799 3048 872 3113 et
924 3044 1222 3114 sanitate
1276 3049 1517 3114 nostra
1573 3030 1829 3117 dehent
1869 3035 2037 3138 legi,
2082 3042 2354 3135 harum,
2410 3046 2656 3130 quihus
2711 3042 3008 3131 sigillum
3064 3049 3378 3113 nostrum
3418 3060 3619 3130 prae-

525 3164 836 3234 sentibus
889 3170 998 3234 est
1051 3184 1447 3253 appensum,
1505 3162 1901 3234 testimonio
1942 3162 2334 3246 ''literarum-
2390 3165 2641 3234 Datum
2699 3161 3097 3248 Cracoviae‚
3151 3162 3327 3233 feria
3382 3163 3625 3251 quinta

529 3290 689 3372 post
741 3283 973 3354 Sancti
1028 3283 1274 3354 Jacobi
1330 3285 1649 3373 Apostoli
1709 3298 1885 3354 annu
1941 3282 2214 3354 Domini
2285 3286 2494 3354 1330.

1243 3550 1278 3597 ί

1643 3883 2025 3967 CALVI
2085 3881 2516 3967 MONTIS

600 4113 1201 4192 monasterium
1268 4092 1733 4191 secundum
1797 4110 2122 4191 ordinis
2184 4111 2469 4190 Sancti
2539 4110 2968 4191 Benedicti
3041 4114 3118 4190 in
3185 4110 3564 4191 dioecesi

1809 4264 2388 4346 cracoviensi.

744 4484 1197 4574 Stephani
1267 4483 1587 4555 Sancti
1657 4485 2058 4576 Hungariae
2110 4485 2298 4574 regis
2350 4484 2532 4555 filius
2603 4484 3123 4572 Emericus,
3195 4504 3280 4554 ex
3336 4480 3631 4571 Gill'a,

537 4606 723 4676 Hen
746 4606 925 4701 ric-i
977 4604 1262 4675 Primi
1316 4604 1782 4676 Romanorum
1836 4606 2279 4694 imperatoris
2332 4605 2476 4676 filia
2528 4610 2923 4693 susceptus,
2976 4610 3049 4675 et
3101 4603 3463 4693 pristinam
3521 4622 3632 4672 re-
3721 4602 3727 4607 '

536 4725 775 4796 dolens
827 4726 1302 4813 sanctitatem,
1375 4745 1629 4814 uxore,
1701 4746 1904 4815 quam
1959 4731 2250 4816 paterno
2302 4727 2523 4814 iussu,
2575 4745 2663 4795 ne
2717 4725 3061 4800 successio
3117 4724 3224 4794 sui
3278 4723 3632 4813 sangvinis

537 4847 1015 4917 absumeretur
1033 4901 1049 4934 ,
1131 4853 1525 4935 acceperat,
1576 4847 1753 4917 miro
1806 4846 1938 4917 Dei
1991 4866 2226 4918 amore
2279 4866 2667 4935 succensus,
2723 4847 2794 4916 in
2847 4865 3153 4917 sororem
3198 4848 3634 4917 ,commutata

539 4967 887 5054 coelibem,
942 4971 1013 5037 et
1064 4954 1445 5055 virgineam
1501 4967 1714 5037 vitam
1768 4966 2043 5056 ducens,
2097 4987 2348 5057 corpus
2387 4988 2582 5037 suum
2622 4967 2712 5037 ab
2748 4966 2932 5037 omni
2987 4966 3315 5036 illecebra
3368 4964 3632 5036 carnali

538 5107 784 5176 purum
840 5088 1168 5174 servavit,
1222 5106 1639 5176 servareque
1693 5093 2084 5158 consortem
2140 5108 2357 5177 usque
2410 5089 2479 5158 in
2535 5087 2715 5158 diem
2772 5087 3014 5157 mortis
3067 5086 3320 5175 docuit,
3376 5085 3634 5156 sancti-

540 5212 750 5278 tatem
806 5212 879 5277 et
931 5209 1082 5297 ipse
1137 5207 1227 5277 ob
1278 5214 1518 5277 tautae
1573 5208 2036 5285 abstinentiae
2093 5209 2520 5298 “martyrium
2577 5214 3061 5297 consequutus.
3147 5206 3284 5277 Hic
3336 5227 3487 5277 cum
3543 5205 3631 5276 ad

541 5332 863 5416 patruum
933 5347 1131 5398 suum
1186 5332 1258 5397 et
1311 5333 1676 5416 cognatum
1749 5327 2194 5399 Boleslau
2215 5348 2284 5398 m
2355 5327 2684 5400 Poloniae
2736 5349 2969 5418 regem
2991 5383 3007 5416 ,
3078 5327 3631 5417 cognominatum

542 5446 975 5536 Chrobri,
1028 5447 1100 5518 id
1156 5454 1265 5518 est
1318 5449 1720 5536 animosum,
1773 5453 1939 5518 tunc
1989 5455 2067 5520 ta
2139 5469 2222 5519 en
2278 5448 2520 5520 ducem
2559 5454 2630 5519 et
2662 5448 2994 5521 Poloniae
3046 5448 3490 5518 monarcham
3544 5465 3629 5515 ex

539 5556 916 5638 Pannoniis
971 5555 1041 5637 in
1079 5565 1450 5641 ,Poloniam
1505 5567 1936 5656 advenisset,
1990 5470 2252 5677 etan
2308 5574 2545 5659 parum
2601 5571 2935 5663 temporis
2988 5567 3170 5658 apud
3225 5567 3415 5636 illum
3472 5585 3634 5637 con-

543 5691 850 5776 spectum
907 5688 1250 5758 consortis
1304 5688 1647 5776 devitanS,
1729 5689 2243 5779 absumpsisset,
2297 5696 2370 5761 et
2424 5688 2784 5760 Boleslaus
2837 5709 2959 5759 rex
3015 5686 3344 5759 Poloniae
3398 5687 3633 5774 singu-

542 5807 671 5878 lari
722 5807 920 5877 -illum
972 5813 1513 5898 prosequeretur
1565 5828 1798 5878 amore
1851 5813 1923 5878 et
1974 5811 2285 5898 caritate,
2339 5830 2490 5881 cum
2545 5831 2682 5881 non
2728 5809 2948 5881 solum
3003 5806 3306 5895 affinitas
3360 5806 3634 5895 sangvi-

542 5928 669 6016 nis,
721 5926 843 5999 sed
879 5933 970 5998 et
1020 5929 1173 6018 ipsa
1224 5929 1561 6000 virtutum
1616 5925 2023 5999 excellentia
2074 5937 2148 5999 et
2200 5931 2542 6020 probitas,
2591 5931 2896 6002 faciebat
2947 5930 3137 6000 illum
3190 5929 3252 5999 B
3273 5928 3354 5998 ol
3379 5927 3633 5997 eslao

540 6049 690 6137 regi
742 6054 815 6119 et
867 6049 1039 6156 suis?
1066 6050 1471 6138 proceribus
1525 6054 1595 6119 et
1646 6048 1980 6119 militibus
2034 6049 2362 6120 Poloniae
2416 6052 2779 6122 amabilem
2836 6051 2927 6122 et'
2957 6070 3389 6140 generosum.
3461 6045 3631 6118 Cum

541 6169 776 6258 itaque
828 6190 1046 6259 prope
1100 6170 1424 6258 oppidum
1478 6169 1819 6242 Kelcze
1891 6171 1960 6240 in
2018 6169 2251 6241 densis
2322 6172 2614 6255 saltibus
2654 6173 3021 6243 venationi
3096 6170 3297 6241 ambo
3352 6186 3631 6256 operam

542 6295 898 6379 navarent,
951 6290 1245 6378 contigit
1296 6289 1450 6360 illos
1504 6290 1592 6360 in
1629 6292 1861 6380 iugum
1918 6291 2290 6379 montium,
2346 6293 2463 6382 qui
2516 6291 2673 6362 Gal
2697 6293 3016 6362 variae
3070 6295 3444 6376 vocantur,
3515 6287 3636 6359 ubi

425 6474 458 6505 0
544 6409 887 6499 quondam
940 6409 1282 6481 habitatio
1337 6416 1492 6480 erat
1541 6409 1807 6487 mosa
1860 6414 2216 6513 cyclopum
2234 6466 2252 6503 ,
2322 6433 2601 6485 cervum
2672 6410 2975 6502 fugando
3046 6411 3395 6482 devenire.
3479 6408 3635 6479 mic
