4217 8059
273 1733 398 1804 panes,
425 1694 693 1809 urnurd‘bdtuale
721 1713 898 1785 cervisiae.
939 1711 1024 1784 (ium
1052 1718 1165 1783 autem
1195 1714 1339 1784 ecclesia
1366 1713 1574 1803 parochialis
1602 1715 1636 1784 in
1656 1714 1826 1804 Pyandzi·

274 1855 365 1905 czow
401 1812 839 1924 liumiiisl·-·et'impe'rfecta
873 1834 982 1922 foret,
1017 1835 1160 1904 chorum
1199 1835 1335 1923 quidem
1363 1835 1437 1904 eius
1473 1842 1509 1906 et
1537 1836 1730 1907 sacristiam
1759 1858 1826 1907 non

274 1957 394 2046 movit,
422 1976 532 2045 neque
551 1955 747 2044 ampliavit,
774 1944 842 2025 sed'
855 1963 1006 2026 veterem
1026 1956 1201 2046 supplevit
1220 1961 1256 2026 et
1273 1956 1519 2046 testudinavit,
1548 1978 1692 2047 corpore
1710 1962 1826 2050 tamen

275 2079 383 2148 veteri
412 2077 576 2148 demolito
604 2097 727 2147 novum
756 2074 960 2147 fabricatum
989 2082 1042 2147 est
1061 2079 1169 2166 magis
1196 2078 1300 2147 latius
1328 2083 1364 2148 et
1382 2078 1576 2167 extensius,
1604 2079 1694 2167 quod
1722 2079 1827 2150 etium

274 2198 523 2269 testudinatum
553 2217 628 2266 cum
648 2196 808 2267 sacristia
835 2204 871 2267 et
889 2197 1033 2267 libraria
1059 2195 1262 2287 fabricavit,
1289 2204 1324 2267 et
1338 2197 1457 2286 'lapide
1485 2198 1563 2268 albo
1582 2198 1828 2269 monasterium

275 2319 319 2387 in
338 2317 526 2408 quadrum,
554 2316 590 2386 et
617 2317 867 2406 pulcherrimas
896 2318 1019 2387 stubus
1045 2318 1252 2407 caminatas,
1289 2317 1446 2404 cellaria,
1484 2318 1588 2388 cellas
1615 2323 1650 2388 et
1677 2320 1828 2390 ambitus
1925 2401 1929 2410 ι

274 2439 508 2510 testudinatos
544 2438 744 2527 constituit,
790 2439 986 2508 coemeterii
1024 2458 1178 2529 quoqne·
1204 2438 1422 2508 latitudinem
1458 2459 1556 2509 muro
1593 2440 1828 2510 circumdedit.
1941 2440 1954 2465 ⁹

276 2558 434 2630 Providit
461 2560 604 2647 insuper
629 2559 840 2631 monasterio
860 2558 1035 2647 praelato,
1063 2559 1105 2628 de
1130 2558 1247 2649 libris,
1275 2559 1457 2648 calicibus,
1490 2560 1666 2648 crucibus,
1694 2560 1829 2647 casulis,

176 2687 183 2693 '
276 2682 405 2770 cappis,
432 2679 648 2767 choralibus,
676 2679 861 2768 campanis,
889 2678 1107 2769 imaginibus,
1135 2684 1171 2750 et
1189 2699 1321 2749 omnem
1352 2681 1596 2769 supellectilem
1624 2681 1828 2752 monasterii

277 2799 424 2891 praefati
435 2800 570 2870 efficere
585 2804 736 2870 coriatus.
746 2807 800 2870 est
813 2798 978 2889 fulgidam
997 2806 1037 2881 et
1047 2800 1229 2870 lucentem.
1257 2800 1393 2871 Primus
1408 2807 1522 2872 autom
1537 2800 1604 2871 fnit
1616 2802 1714 2890 prior
1728 2800 1831 2872 Nico-

276 2923 351 2992 laus
378 2922 421 2992 de
441 2922 693 3009 Bounimon,
720 2921 774 2990 vir
802 2926 978 3010 spectatae
997 2922 1157 3010 virtutis,
1184 2908 1278 2991 vitae
1293 2921 1437 3011 pudicae
1464 2927 1501 2992 et
1519 2922 1739 3011 exemplaris,
1768 2923 1826 3012 qui

179 3078 187 3088 ·
277 3044 376 3113 aunis
395 3043 553 3132 pluribus
581 3042 828 3112 monasterium
855 3041 940 3112 illud
965 3042 1224 3130 administram,
1252 3043 1418 3131 plurimus
1446 3042 1512 3132 illi,
1540 3044 1628 3114 etin
1647 3043 1828 3113 vinearum
1925 3027 1927 3030 ⁵

278 3171 313 3234 et
332 3165 365 3233 in
394 3166 624 3252 pomeriorum
653 3163 886 3252 plantatione,
914 3169 949 3232 et
968 3162 1003 3231 in
1031 3164 1139 3233 muris
1166 3169 1203 3232 et
1226 3160 1265 3232 ‘iu
1285 3163 1451 3233 aedificiis
1477 3165 1655 3252 praestitit
1682 3184 1830 3234 commo·

277 3285 422 3372 dbates,
449 3291 484 3354 et
512 3285 665 3373 porticus
693 3285 766 3354 eius
794 3304 835 3353 ac
862 3285 1104 3353 coerneterium
1124 3304 1164 3354 ex
1184 3303 1282 3354 muro
1302 3283 1464 3372 lubricat3
1492 3285 1689 3355 monasterii
1711 3290 1826 3355 autem

278 3404 423 3494 praefati
443 3405 531 3474 tales
550 3405 584 3473 in
605 3405 719 3493 specie
746 3404 918 3475 habentur
937 3403 1103 3494 decimae,
1130 3404 1294 3475 introitus
1313 3411 1349 3474 et
1376 3409 1574 3494 proventus.

384 3525 660 3597 monasterium
691 3523 1073 3618 Pyandziczuvienaa
1101 3545 1223 3595 versus
1250 3530 1383 3614 partem
1408 3525 1610 3597 orientalem
1631 3532 1827 3614 porrectum

278 3648 312 3718 iu
339 3647 452 3736 basso,
480 3653 515 3717 et
542 3647 641 3716 iuxta
668 3646 922 3735 coemeterium,
949 3651 1003 3716 est
1031 3644 1075 3715 ad
1103 3666 1222 3716 onmes
1240 3652 1368 3736 partes,
1388 3647 1532 3717 orientis
1551 3646 1722 3735 videlicet,
1742 3645 1831 3717 occi·
1904 3687 1908 3693 -

278 3767 402 3858 dentis,
429 3769 539 3838 austri
567 3774 603 3837 et
629 3766 888 3857 septentrionis¹
906 3766 1098 3856 aequaliter
1124 3767 1248 3856 situm3
1275 3767 1406 3839 habens
1435 3774 1571 3858 aparte
1590 3763 1829 3838 meriodionali

279 3894 314 3957 et
341 3888 500 3958 orientali
529 3888 683 3977 penuaria
711 3895 746 3957 et
765 3888 897 3977 vineas,
916 3893 1140 3977 caeterasque
1159 3884 1401 3977 plantationes
1429 3908 1449 3958 a
1471 3894 1571 3977 parte
1591 3909 1673 3959 vero
1692 3893 1829 3977 septen-

277 4010 417 4079 trionali
444 4010 576 4079 curiam
604 4009 855 4096 coenobialem,
883 4009 917 4078 in
946 4030 1014 4098 qua
1041 4014 1292 4080 conservantur
1318 4029 1460 4099 pecora,
1491 4030 1572 4080 oves
1601 4018 1636 4079 et
1664 4012 1827 4097 iumenta,

279 4113 483 4220 caeteraque
510 4130 553 4200 ud
581 4151 679 4200 lusum
707 4131 908 4201 mornasterii
936 4130 1148 4219 pertinentia
1175 4130 1436 4220 suppellectilia,
1465 4133 1519 4201 cui
1540 4132 1757 4201 coniunctum
1778 4135 1829 4201 est

280 4236 514 4340 borreuussin
542 4252 633 4341 quod
661 4243 910 4321 frumentorum
939 4257 1015 4322 sata
1042 4257 1078 4321 et
1105 4272 1147 4321 ex
1170 4252 1326 4341 propriis
1355 4272 1516 4342 agrorum
1536 4251 1713 4323 laboribus
1733 4259 1829 4322 etex

279 4373 420 4442 decimis
447 4373 706 4462 provenientia,
736 4372 960 4442 deducuntur.
1002 4360 1162 4481 ,Afparte
1189 4378 1303 4442 autem
1332 4372 1535 4444 occidentali
1564 4373 1670 4443 habet
1698 4391 1829 4443 coeme-
1937 4344 1949 4443 s.
1998 4384 2033 4443 a·

279 4494 415 4582 terium,
440 4514 504 4582 per
531 4493 623 4583 quod
650 4514 758 4584 usque
785 4493 829 4563 ad
857 4493 1044 4587 librariam,
1072 4500 1108 4563 et
1135 4493 1261 4563 abinde
1288 4500 1396 4583 usque
1419 4494 1462 4563 ad
1495 4494 1688 4564 sacristiam
1722 4493 1830 4563 ambi·

198 4633 232 4681 ·.
278 4590 337 4687 tus
363 4635 511 4705 superne
539 4621 685 4700 erectus,
713 4616 866 4704 quietum
895 4620 1052 4704 praestat
1079 4614 1255 4684 monachis
1282 4614 1324 4683 ad
1353 4613 1532 4685 ecclesiam
1550 4635 1592 4684 ex
1612 4613 1832 4701 monasterio,
1875 4700 1880 4707 .

191 4724 197 4736 ’
279 4750 344 4827 pru
372 4755 584 4825 quocumque
612 4743 767 4824 tempore
794 4740 829 4804 et
857 4735 1048 4824 ingressum
1077 4741 1113 4805 et
1139 4755 1325 4825 egressum.
1672 4826 1675 4830 .

263 4886 269 4897 ·
319 4870 321 4875 '
383 4852 555 4949 Oppidum
593 4855 924 4946 Pyandziozow
959 4857 1064 4926 situm
1102 4856 1199 4926 iuxta
1234 4856 1376 4926 fluvium
1412 4855 1546 4944 Nida,
1573 4855 1704 4926 habens
1732 4857 1766 4925 in
1794 4875 1831 4926 se

280 4976 458 5070 eeclesiam
487 4976 718 5067 parochialem
747 4984 782 5046 et
809 4976 1082 5066 conventualem,
1110 4976 1224 5066 lapide
1252 4976 1330 5047 albo
1358 4977 1500 5066 pulchre
1527 4977 1741 5065 fabricatam,
1770 4978 1832 5047 ho·

189 5176 192 5187 ,
244 5189 247 5195 Ι
281 5098 426 5193 nomque
458 5097 576 5168 Sancti
614 5097 783 5168 lobannis
819 5097 1065 5186 Evangelistae
1102 5098 1270 5186 dicatam,
1308 5098 1405 5168 cuius
1441 5098 1564 5168 haeres
1601 5098 1761 5168 Andreas
1788 5097 1832 5169 de

281 5210 622 5311 Olp'escbnicza
650 5218 693 5289 de
720 5219 825 5289 armis
853 5217 1065 5290 Dambno.
1092 5217 1199 5290 Vicus
1221 5219 1267 5288 ibi
1290 5218 1461 5308 quondam
1482 5226 1566 5307 erat,
1585 5219 1619 5288 in
1641 5241 1708 5308 quo
1728 5221 1832 5290 habe-

212 5328 215 5333 ’
236 5368 244 5383 ·
278 5338 409 5433 bantur
433 5339 524 5411 lanei
550 5340 716 5410 hacteuus
735 5339 916 5429 oppidanis
935 5338 1123 5429 distributi,
1142 5339 1224 5409 item
1243 5338 1422 5428 praedium
1442 5346 1627 5429 castrense,
1646 5340 1688 5408 de
1708 5340 1831 5427 quibus

282 5458 490 5550 solvebatur,
517 5481 608 5531 rinno
636 5480 771 5550 quoque
798 5460 946 5531 solvitur
973 5460 1106 5530 decima
1133 5460 1358 5549 manipularis
1386 5459 1550 5529 ecclesiae
1569 5465 1604 5529 et
1623 5460 1832 5529 rrronasterio

281 5578 636 5671 Pyandzyczoviensi,
664 5589 699 5651 et
726 5580 930 5651 conducitur
957 5601 1021 5670 per
1047 5581 1238 5670 oppidanos
1266 5581 1300 5650 in
1328 5564 1490 5650 borreum
1518 5579 1720 5650 monasterii
1748 5601 1830 5669 pro·

282 5703 368 5790 priis
396 5703 563 5791 curribus,
591 5709 626 5772 et
654 5703 752 5773 valor
779 5703 852 5771 eius
880 5702 1083 5771 aestimatur
1111 5701 1154 5772 ad
1183 5701 1298 5772 decem
1327 5721 1470 5771 marcas.
1497 5700 1584 5771 Item
1612 5707 1666 5771 est
1694 5701 1742 5771 ibi
1761 5722 1833 5771 mo·
1940 5698 1942 5703 ’

283 5821 456 5893 leudinum
484 5823 636 5894 notabile
664 5824 699 5892 in
726 5822 864 5892 flumine
892 5808 1029 5914 Nyda,
1057 5823 1194 5893 solvens
1222 5827 1387 5893 metretas
1414 5843 1477 5912 pro
1507 5822 1675 5912 dominio,
1703 5823 1737 5891 in
1766 5843 1833 5911 quo

284 5945 530 6014 monasteriam
549 5943 884 6035 Pyandziczoviense
907 5963 948 6013 ex
964 5943 1147 6032 privilegio
1160 5942 1382 6033 fundationis,
1397 5944 1495 6014 molit
1514 5944 1649 6032 singula
1663 5943 1835 6015 frumenta
1894 6030 1896 6035 ⁴

283 6065 466 6146 cuiuslibet
492 6065 669 6155 germinis
697 6073 733 6135 et
761 6065 866 6135 etiam
894 6064 1028 6153 brasea,
1057 6063 1185 6153 absque
1213 6070 1359 6134 metreta
1386 6047 1591 6153 molendini,
1620 6084 1833 6153 quocumque

284 6193 438 6275 tempore
466 6194 502 6257 ct
530 6207 629 6276 casu,
665 6207 827 6257 mensura
863 6191 979 6255 tamen
1015 6184 1301 6254 molendinatoris
1338 6191 1490 6273 excepta.
1534 6185 1622 6255 Item
1663 6193 1833 6254 monaste-

284 6307 373 6376 rium
401 6305 738 6403 Pyaudziczatieuse
762 6307 868 6377 babet
895 6306 943 6378 ibi
971 6305 1113 6394 propria
1139 6309 1240 6394 prata
1266 6304 1367 6393 bona,
1396 6305 1430 6373 in
1449 6303 1588 6374 flumine
1606 6302 1723 6375 Nida
1751 6306 1835 6395 sita;

284 6427 366 6498 item
403 6418 596 6559 pnqpum
613 6400 879 6531 'Quemnam
914 6427 1021 6498 habet
1055 6427 1234 6517 proprium
1268 6424 1385 6496 lacum·
1416 6424 1507 6496 iuter
1542 6423 1653 6497 undas
1689 6424 1720 6495 N
1731 6425 1835 6497 idae

665 6626 729 6739 ς.
832 6748 873 6794 ,Ι
981 6734 1007 6781 ·
1514 6694 1665 6797 4
