4217 8059
788 1709 988 1807 uovln
1021 1712 1297 1807 savonen.
1439 1836 1444 1841 ¹

373 1934 534 2014 sexeum
572 1943 851 2015 monesterium
887 1944 1033 2017 ordinis
1072 1944 1265 2019 minorum
1294 1945 1329 2017 lu
1360 1946 1530 2020 dioecesi
1561 1944 1814 2027 Orcoovianoi

268 2062 303 2131 in
330 2062 458 2151 oppido
486 2063 609 2133 Nova
637 2063 844 2135 Sandecz
871 2064 975 2136 situm
1002 2070 1075 2154 cst,
1103 2072 1138 2137 et
1165 2086 1228 2156 per
1254 2065 1589 2139 Venczeslaum
1617 2066 1815 2140 Primum

267 2180 432 2251 Poloniae
459 2187 494 2252 et
521 2183 707 2254 Bohemiae
734 2204 850 2273 regem
877 2183 1058 2256 fundatum
1085 2191 1120 2256 et
1146 2191 1309 2275 erectum,
1337 2207 1428 2257 auno
1454 2185 1593 2258 Domini
1612 2241 1752 2257 ......
1781 2188 1815 2259 Is

268 2300 438 2401 siquidem
466 2302 788 2375 Veuczcslaus
815 2303 980 2375 Poloniae
1008 2311 1044 2376 et
1070 2304 1257 2377 Bohemiae
1274 2325 1345 2396 rex,
1365 2326 1440 2377 cum
1459 2311 1642 2397 utrumque
1661 2289 1814 2396 regnum
1907 2378 1910 2383 .
1980 2270 1985 2281 ²

269 2420 463 2510 polonicum
490 2422 653 2495 videlicet
687 2429 723 2494 et
748 2424 966 2495 bohemicum
1003 2423 1249 2496 Vladislao
1283 2423 1465 2497 Loktek
1492 2425 1578 2497 duce
1605 2425 1817 2516 Kuyavieusi

150 2560 153 2565 ·
268 2541 418 2630 erolum,
445 2542 587 2632 pacifice
614 2544 767 2634 sortitus,
794 2550 830 2615 et
855 2543 947 2634 apud
975 2542 1209 2615 Gnesnensem
1237 2545 1414 2617 civitatem
1440 2551 1625 2617 coronatus
1642 2546 1765 2617 fuisset
1783 2549 1818 2617 in
1893 2616 1896 2625 ,

270 2660 434 2733 Poloniae
461 2683 598 2755 regem,
625 2683 668 2737 ex
696 2661 884 2737 Gnezna
910 2666 945 2737 in
972 2663 1244 2738 Oracoviam
1271 2665 1467 2755 divertens,
1492 2671 1529 2737 et
1555 2663 1818 2753 Gracoviensom

268 2782 398 2854 murem
426 2804 635 2875 peragrans,
662 2805 738 2871 cum
766 2768 956 2875 regionem
980 2783 1251 2857 Sandcczensem
1278 2786 1447 2875 venisset,
1474 2786 1706 2876 contemplato
1732 2786 1819 2877 loeo,

271 2922 347 2973 cum
383 2909 477 2975 esset
503 2905 558 2976 vir
584 2904 776 2977 industrius
803 2911 838 2976 et
864 2905 1027 2997 factivus,
1054 2905 1158 2977 villae
1185 2905 1496 2996 Kamyenioza
1521 2906 1728 2995 episcopalis
1754 2927 1819 2998 pro

273 3024 415 3095 civitate
443 3026 631 3115 aptissimo,
659 3047 760 3116 quam
788 3027 856 3097 duo
883 3026 977 3098 fluvii
1012 3024 1253 3117 Duuayecn
1280 3032 1316 3098 et
1342 3026 1648 3117 Kamyenicza
1675 3027 1822 3109 circum:

270 3144 381 3216 fluunt
407 3151 443 3216 et
469 3147 634 3235 ambiunt,
661 3146 746 3217 data
772 3145 994 3219 Cracovleusi
1022 3146 1187 3239 episcopo
1213 3147 1490 3235 commutatione,
1517 3151 1631 3218 castro
1658 3146 1821 3219 videlicet

270 3269 307 3333 et
334 3264 460 3355 oppido
488 3266 645 3356 Byecr,
672 3272 708 3336 et
734 3266 825 3338 villis
852 3264 1142 3338 Rozomberlr
1169 3284 1245 3338 curn
1272 3286 1335 3337 suo
1363 3265 1613 3358 districtu-pro
1640 3265 1722 3337 villa
1740 3264 1819 3337 Ka-

271 3386 517 3475 mycuicza‚
546 3386 714 3458 Novam
742 3386 949 3458 Sandecz
977 3387 1049 3457 illic
1076 3384 1200 3459 fundat
1226 3393 1262 3457 et
1288 3387 1413 3477 erigit,
1439 3406 1542 3476 quam
1568 3386 1638 3459 iem
1663 3385 1821 3458 videmus

269 3508 306 3575 et
332 3524 509 3577 murorum
537 3507 754 3598 turriumque
782 3506 926 3597 ambitu,
953 3512 989 3577 et
1016 3504 1222 3598 populorum
1251 3504 1454 3597 mouentia,
1480 3506 1521 3577 in
1544 3504 1708 3597 oppidum
1737 3507 1820 3577 insi-

271 3644 338 3713 gne
365 3626 568 3697 excrevisse.
604 3624 779 3697 Fundovit
814 3626 930 3717 itaque
957 3632 993 3697 et
1130 3624 1272 3698 condito
1298 3624 1439 3697 civitate
1466 3644 1570 3715 nova,
1597 3646 1722 3697 novum
1749 3647 1821 3696 mo-

270 3745 460 3816 nasterium
487 3745 633 3818 fratrum
661 3745 846 3837 Minorum,
873 3767 982 3838 prope
1009 3762 1050 3819 cu
1086 3750 1138 3816 'm
1166 3744 1307 3837 regiam,
1334 3758 1455 3817 versus
1478 3745 1689 3817 occidentem
1708 3746 1823 3833 sitam,

273 3865 516 3959 etcollegium
546 3866 724 3939 duodecim
752 3868 898 3939 fratrum
932 3864 1003 3938 illic
1029 3865 1175 3969 locavit,
1203 3862 1262 3957 qui
1288 3866 1396 3938 horas
1423 3867 1607 3961 canonicas
1634 3871 1822 3937 nocturnas

272 3991 309 4057 et
335 3986 487 4075 diurnus,
514 4008 571 4058 res
590 4006 726 4079 quoque
753 3988 889 4060 divinas
916 4008 1000 4059 voce
1027 4006 1155 4059 sonora
1180 3988 1371 4080 explerent,
1390 3986 1481 4077 quod
1508 3992 1544 4057 et
1570 3992 1654 4059 tunc
1679 3990 1716 4058 et
1743 4007 1823 4076 pro-

273 4126 371 4178 oessu
397 4108 565 4198 temporis
588 4109 700 4183 uiuus
727 4092 763 4178 et
789 4109 824 4177 in
852 4106 997 4178 ecclesia
1023 4112 1059 4178 et
1086 4109 1121 4179 in
1149 4104 1228 4178 eliis
1254 4108 1363 4178 muris
1389 4106 1615 4179 fabrefactum
1643 4110 1706 4177 est.

745 4604 748 4619 ,
849 4515 1266 4601 nntovrlllvsloc

262 4820 294 4833 ..
380 4738 591 4835 Septimum
621 4741 899 4815 monesterium
928 4741 1076 4814 ordinis
1099 4740 1291 4815 minorum
1319 4738 1356 4839 ln
1377 4736 1548 4811 dioecesi
1569 4732 1824 4811 cracoviensi

275 4862 501 4934 conventuale
529 4863 563 4932 in
591 4861 719 4953 oppido
754 4863 851 4951 regio
878 4861 1040 4934 Lelow'
1057 4862 1181 4951 situm,
1208 4859 1300 4951 quod
1327 4856 1639 4947 excellentissimus
1664 4857 1826 4945 princeps
1932 4862 1965 4919 .“·.

276 4982 533 5057 casimirus
560 4981 800 5055 Secundus
827 4981 992 5053 Poloniae
1019 5002 1082 5053 rex
1107 4980 1268 5053 fundavit
1293 4986 1329 5049 et
1355 4977 1467 5049 erexit
1493 4977 1529 5046 in
1555 4974 1698 5047 civitate
1725 4974 1826 5047 Lelo-

277 5104 397 5195 viensi‚
424 5127 514 5176 anno
543 5104 681 5175 Domini
713 5103 821 5174 1357.
848 5109 885 5174 ct
911 5103 1091 5175 ecclesiam
1119 5097 1383 5173 conventualem
1409 5095 1546 5187 lapideo
1573 5117 1683 5185 muro,
1709 5102 1747 5167 et
1763 5095 1829 5167 ali*

277 5246 379 5316 quam
417 5233 551 5315 partem
589 5225 790 5298 monasterii
826 5224 931 5294 ctiam
958 5217 1302 5314 lapideisbricavit3
1327 5216 1603 5307 absolvissetque
1629 5216 1828 5311 universum

277 5366 365 5435 opus
393 5368 501 5436 muro,
530 5347 594 5417 nisi
623 5346 719 5418 illum
747 5365 840 5416 mors
867 5364 989 5434 parum
1016 5346 1157 5431 sperata
1183 5345 1399 5428 occupasset,
1425 5343 1463 5408 et
1488 5336 1732 5409 conventuales
1758 5336 1829 5407 frc-
1962 5357 1967 5366 ·

277 5472 352 5538 tres
380 5464 536 5538 Minores
563 5488 605 5538 ex
633 5466 845 5538 monasterio
873 5464 988 5537 Sancti
1016 5459 1194 5565 Francisci
1221 5456 1442 5530 Cracovieusi
1461 5464 1626 5545 sumptos,
1645 5457 1679 5526 in
1699 5455 1827 5526 dictum

280 5588 524 5660 monasterium
553 5587 758 5676 introduxit,
786 5586 843 5676 qui
872 5605 945 5655 rem
971 5582 1123 5654 divinam
1150 5588 1187 5651 et
1213 5580 1318 5650 horas
1344 5577 1528 5648 canonicas
1554 5581 1743 5648 nocturnas
1769 5595 1829 5664 pa·

278 5709 365 5779 riter·
401 5716 437 5779 ot
473 5708 615 5779 diurnas
650 5709 884 5778 decantarent.
930 5703 1005 5773 Non
1042 5701 1147 5772 habet
1187 5686 1433 5771 monasterium
1470 5696 1662 5785 praefatum
1695 5695 1830 5785 aliquos

278 5849 401 5901 census
428 5836 488 5899 aut
507 5835 713 5919 (proventus,
740 5825 801 5897 sed
828 5845 870 5905 eu
896 5823 1123 5919 eleemosynis
1150 5827 1186 5890 et
1213 5820 1303 5909 stipe
1328 5818 1483 5907 quotidie
1501 5817 1717 5890 emendicata
1735 5815 1831 5886 vivit
