4217 8059
292 1489 366 1559 oa
417 1430 459 1539 i

290 1692 458 1781 praedicti
484 1689 685 1761 monasterii
712 1687 860 1760 Sanctae
873 1687 1009 1759 Mariae
1036 1689 1080 1758 in
1107 1686 1259 1759 Arena
1284 1684 1465 1773 fundator,
1493 1704 1536 1754 ex
1565 1681 1639 1754 sola
1665 1682 1841 1753 mendica·

288 1813 382 1883 tione
410 1820 445 1882 et
472 1811 716 1901 eleemosynis,
752 1810 999 1881 monasterium
1036 1807 1184 1879 Sanctae
1209 1804 1345 1879 Mariae
1371 1807 1416 1876 in
1444 1805 1612 1892 Arena,
1649 1810 1686 1875 et
1711 1801 1839 1874 fratres
1896 1886 1899 1891 ¹

291 1933 326 2003 in
354 1952 395 2002 eo
423 1933 587 2021 degentes
615 1952 683 2002 non
711 1951 813 2020 posse
841 1930 1041 2018 subsistere,
1069 1929 1184 1999 dotem
1209 1924 1360 2016 aliquam
1386 1925 1437 1996 illi
1465 1927 1693 2015 impensurus,
1720 1923 1846 2014 viginti
1910 1986 1921 2015 ὲ

289 2028 424 2121 ibarcas
452 2051 556 2122 annui
584 2070 706 2121 census
725 2052 759 2120 in
778 2051 900 2140 zuppis
920 2048 1214 2139 Wyeliczensibus
1233 2052 1269 2118 et
1287 2047 1558 2135 Bocbuensibus
1586 2066 1677 2117 auno
1704 2044 1845 2116 Domini

295 2173 404 2259 1413,
433 2171 642 2265 monasterio
670 2169 826 2260 praefato
854 2169 961 2241 donat
978 2177 1015 2240 et
1032 2168 1203 2258 inscribit,
1230 2176 1302 2239 tam
1321 2169 1380 2238 diu
1399 2188 1461 2257 per
1487 2166 1615 2238 fratres
1642 2165 1846 2237 monasterii

175 2294 179 2301 '
290 2292 541 2382 percipiendas,
567 2288 746 2382 quousque
772 2291 843 2362 iliis
872 2292 945 2381 ipse
972 2310 1043 2379 rex,
1072 2290 1126 2361 vel
1154 2291 1208 2361 sui
1235 2310 1453 2360 successores
1471 2287 1636 2359 Poloniae
1662 2306 1773 2376 reges,
1801 2284 1845 2356 de

89 2389 92 2403 ¹
158 2402 205 2481 ··.'.
291 2432 395 2482 cerrsu
431 2416 598 2501 perpetuo
634 2412 758 2501 viginti
794 2430 989 2483 marcarum
1018 2413 1051 2481 in
1081 2410 1191 2481 altero
1228 2410 1304 2481 loco
1331 2407 1574 2499 providerent;
1610 2408 1709 2479 cuius
1737 2408 1845 2479 dona·

148 2510 158 2551 ’·
207 2570 222 2599 e
291 2532 396 2602 tionis
422 2532 493 2604 tale
520 2539 574 2602 est
600 2530 829 2622 privilegium.
1367 2517 1373 2525 ’

396 2759 630 2838 vladislaus
665 2759 741 2839 Dei
775 2762 907 2862 pratia
933 2758 1133 2840 Potentes
1165 2781 1246 2840 rex
1280 2759 1609 2859 Litbvaniasque
1642 2759 1844 2861 princepe

292 2913 472 2981 supremus
499 2900 536 2962 et
563 2892 686 2964 haeres
713 2892 859 2965 Russiae
887 2899 951 2963 etc.
980 2900 1043 2963 etc.
1081 2892 1320 2982 significamus
1357 2900 1478 2963 tenore
1505 2872 1746 2981 praesentium
1768 2891 1845 2981 qui·

291 3015 355 3084 bus
382 3013 524 3101 expedit
552 3012 741 3102 universis,
777 3015 858 3104 quia
883 3013 1005 3085 laudes
1032 3014 1168 3085 divinas
1196 3014 1375 3103 cupientes
1411 3014 1602 3102 adaugere,
1638 3020 1674 3082 et
1699 3010 1845 3083 fundum

292 3135 493 3204 monasterii
519 3128 620 3205 extra
645 3152 763 3205 muros
790 3134 942 3222 ciuitatis
975 3140 1117 3205 nostrae
1148 3126 1407 3223 cracoviensis,
1444 3132 1488 3204 ad
1514 3134 1682 3204 honorem
1709 3130 1844 3204 Visite-

290 3255 397 3324 tionis
425 3253 554 3324 Beatoe
581 3252 716 3325 Mariae
743 3246 925 3326 Gloriosse
952 3252 1115 3345 Virginis
1136 3254 1273 3326 fundati
1301 3263 1337 3327 et
1362 3255 1480 3344 erecti,
1507 3255 1696 3344 gratiosius
1723 3252 1844 3324 adam

291 3375 418 3464 piiare,
446 3382 485 3446 ut
512 3374 639 3445 iratres
665 3374 819 3447 eiusdem
855 3376 1059 3449 monasterii
1085 3382 1127 3447 et
1148 3381 1355 3463 conventus,
1391 3376 1521 3447 nostris
1547 3366 1679 3446 suffuiti
1708 3373 1844 3445 muniti-

291 3496 428 3579 cenciis‚
456 3496 673 3567 orationibus
701 3494 846 3567 liberius
874 3516 999 3581 vacare
1025 3498 1191 3587 poterint,
1218 3506 1255 3568 et
1281 3496 1460 3569 Creatoris
1487 3497 1598 3567 nostri
1625 3494 1843 3567 clementiam

291 3615 419 3704 iugiter
445 3636 509 3702 pro
536 3616 635 3685 nobis
663 3636 818 3705 exorare,
846 3616 987 3705 speciali
1005 3617 1080 3688 zelo
1099 3616 1295 3689 devotionis
1322 3621 1465 3711 recensi,
1492 3616 1732 3707 desiderantes
1760 3636 1844 3705 ope-

292 3736 387 3805 ribus
425 3736 564 3823 pietatis
601 3744 793 3805 extremum
831 3736 991 3807 iudicium
1031 3738 1182 3808 districti
1218 3739 1342 3810 iudicis
1378 3739 1600 3828 praevenire,
1636 3744 1672 3807 et
1708 3737 1845 3824 debis,

292 3876 379 3943 quae
417 3856 515 3924 nobis
552 3854 753 3926 ditissimus
790 3857 824 3926 in
857 3859 962 3927 terris
997 3859 1163 3945 contulit,
1197 3860 1395 3949 centuplum
1430 3860 1607 3949 accipere,
1642 3865 1678 3929 et
1705 3856 1843 3929 demum

292 3983 454 4045 aeternae
484 3975 575 4045 vitae
602 3977 791 4063 praemium
819 3976 995 4065 obtinere,
1026 3976 1194 4055 fratribus
1221 3981 1424 4051 monasterii
1450 3980 1618 4069 praedicti
1646 3979 1690 4051 dc
1717 3978 1842 4067 viginti

292 4094 417 4165 marcis
444 4096 550 4171 auuui
578 4116 711 4184 census,
738 4097 772 4167 ib
792 4096 922 4187 Zuppis
940 4099 1071 4171 nostris
1098 4082 1362 4173 Bocbn'ensibus
1379 4108 1417 4171 et
1434 4098 1730 4189 Wyeliczensibus
1747 4098 1843 4185 saiis,

78 4247 100 4297 ι,
172 4274 188 4315 ‚.
293 4214 505 4304 providimus
541 4223 577 4288 et
609 4217 849 4306 providemus,
876 4224 998 4291 tenore
1033 4218 1266 4309 praesentium
1310 4221 1501 4309 mediante,
1529 4219 1733 4291 mandantes
1775 4220 1841 4291 tibi

100 4322 105 4337 '
152 4330 170 4349 “
292 4331 398 4405 Petro
425 4334 671 4426 Pykarano
697 4336 875 4425 moderno,
902 4345 939 4407 et
964 4338 1052 4427 aliis,
1080 4339 1139 4429 qui
1165 4340 1229 4428 pro
1248 4349 1404 4430 tempore
1431 4341 1600 4431 praedicti
1627 4341 1710 4411 salis
1737 4339 1843 4412 inerit

293 4457 501 4547 zupparius,
538 4464 708 4546 quatenus
744 4458 892 4546 receptis
935 4457 1204 4545 quittationibus
1248 4459 1394 4531 fratrum
1433 4461 1601 4550 praedicti
1638 4461 1842 4533 monasterii

295 4577 426 4649 Beatae
451 4576 604 4668 Mariae,
641 4580 735 4667 ipsis,
763 4576 914 4671 singulis.
933 4586 1084 4668 quatuor
1110 4581 1324 4668 temporibus
1350 4583 1534 4653 cuiuslibet
1563 4583 1664 4671 antri,
1691 4582 1845 4672 quinque

293 4719 427 4769 marcas
454 4697 498 4769 ad
526 4700 696 4770 rationem
733 4694 930 4771 nostrarum
966 4719 1157 4789 supparum
1192 4700 1449 4788 praedictarum
1480 4702 1565 4773 dare
1591 4711 1628 4773 ct
1653 4705 1843 4793 assignare,

270 4820 387 4893 ¹sulla
414 4821 578 4891 obmittas
605 4821 740 4891 ratione
768 4827 839 4890 tanr
868 4820 938 4909 diu,
965 4840 1145 4909 quousque
1171 4840 1287 4893 annua
1304 4823 1469 4911 pensione
1495 4844 1556 4896 seu
1584 4843 1687 4894 ceusu
1715 4823 1842 4911 viginti

292 4959 495 5027 marcarum,
521 4939 699 5029 praedicto
728 4941 937 5011 monasterio
969 4942 1147 5029 perpetuis
1174 4942 1387 5031 temporibus
1414 4944 1679 5032 incorporando,
1704 4943 1842 5014 curabi-

225 5104 233 5117 ·
295 5082 368 5131 mus
396 5057 588 5148 providere.
623 5058 775 5145 Harum,
812 5059 937 5150 quibus
963 5060 1114 5149 sigillum
1151 5069 1307 5133 nostrum
1344 5083 1533 5152 appensum
1560 5072 1615 5134 est
1641 5063 1843 5135 testimonio

292 5180 480 5248 literarum.
507 5178 634 5251 Datum
661 5181 696 5249 in
724 5176 952 5270 Zarnowyecz
987 5181 1075 5254 feria
1102 5183 1208 5254 tertia
1235 5189 1315 5272 post
1342 5184 1548 5255 dominicam
1575 5183 1723 5255 Laetare
1749 5204 1843 5253 anno

292 5298 432 5371 Domini
464 5301 570 5371 1413.
