4217 8059
1745 1529 1818 1624 ((0

365 1733 655 1824 Garamanta
683 1735 747 1805 sub
773 1735 935 1825 parochia
966 1734 1009 1805 de
1038 1732 1295 1825 Wyszolrye
1323 1736 1399 1807 sita.
1427 1714 1531 1806 cuins
1551 1733 1719 1806 haeredes
1749 1733 1815 1807 Pe·

263 1865 339 1927 trus
367 1855 491 1948 Dzyk
519 1856 562 1929 de
590 1857 690 1927 domo
719 1855 921 1946 Uolucre,
949 1862 983 1926 et
1014 1856 1223 1947 Zegoth'a
1250 1858 1372 1956 haeres
1392 1856 1434 1926 de
1450 1911 1564 1927 .....
1591 1856 1631 1926 lu
1651 1863 1817 1947 quasunt

240 1978 351 2048 'larici
380 1978 630 2067 cauedmualm,
667 1978 709 2048 de
738 1978 862 2068 quihus
891 1978 1050 2049 omnihus
1079 1978 1226 2048 sol'ritur
1254 1985 1288 2048 et
1317 1977 1520 2066 conducitur
1548 1975 1681 2048 decima.
1710 1978 1818 2048 mani-

263 2099 393 2188 pularis
420 2106 456 2169 et
483 2091 658 2190 canapalis
686 2119 748 2188 pro
776 2099 985 2169 monasterio
1014 2097 1295 2186 Wauchoczeusi
1324 2105 1358 2168 et
1386 2098 1586 2169 valarsius
1615 2099 1819 2170 aestimatur

263 2220 305 2289 ad
326 2274 573 2290 ..........
601 2239 734 2290 marcas
763 2219 850 2289 item
878 2220 1041 2308 taberna,
1069 2220 1151 2290 item
1181 2218 1375 2309 hortulani,
1413 2219 1495 2290 item
1524 2219 1702 2310 praedium
1717 2219 1819 2291 'mili-

263 2349 340 2410 tare
367 2349 421 2412 est
448 2363 561 2430 uniam,
589 2342 632 2412 de
660 2362 726 2432 orno
754 2341 900 2411 solvitur
927 2341 1062 2411 decima
1080 2341 1307 2431 manipularis
1335 2341 1501 2411 ecclesiae
1528 2341 1563 2410 iu
1592 2339 1818 2430 Wiszolrye.
1887 2343 1889 2347 ’

262 2487 265 2492 ·
345 2461 557 2551 danuam),
585 2462 664 2533 villa
695 2462 759 2533 suh
778 2463 944 2552 parochia
972 2462 1014 2532 de
1041 2461 1260 2551 Kaualye
1288 2463 1365 2550 sita,
1393 2462 1490 2552 cuius
1517 2462 1641 2534 haeres
1668 2460 1823 2532 Jacohus·

265 2584 636 2675 Starospedtsuy
664 2584 790 2654 nohilis
818 2583 860 2654 de
888 2583 989 2654 domo
1017 2582 1251 2654 Hahdaulr.
1279 2583 1318 2654 lu
1348 2602 1412 2673 qua
1442 2591 1523 2654 siant
1550 2581 1638 2653 lanei
1668 2564 1818 2654 ematho-

263 2705 367 2794 uales,
395 2706 437 2775 de
466 2706 590 2795 quihus
618 2707 777 2777 omnihus
805 2705 952 2775 solvitur
979 2711 1014 2779 et
1041 2702 1246 2776 conducitur
1274 2705 1406 2775 decima
1434 2703 1676 2794 manipularis,
1703 2710 1739 2774 et
1756 2724 1820 2794 per

264 2835 414 2917 quatuor
441 2828 580 2916 ierugas
608 2826 793 2916 canapalis
834 2848 897 2916 pro
925 2826 1135 2897 monasterio
1163 2824 1445 2913 Wauchoczeusi,
1473 2831 1509 2895 et
1538 2824 1634 2895 valor
1661 2826 1735 2896 eius
1763 2843 1820 2895 ae·
1924 2906 1926 2911 4

247 2949 428 3019 ’stimatur
455 2948 497 3019 ad
518 3004 525 3018 .
545 3003 551 3016 .
571 3003 604 3018 ..
632 2949 717 3018 ltem
747 2953 801 3018 est
827 2948 874 3018 ihi
902 2968 991 3019 unus
1019 2967 1169 3039 campus,
1198 2947 1256 3038 qui
1283 2946 1411 3017 dicitur
1438 2944 1749 3036 Zaruouislra,
1768 2945 1819 3018 de

264 3070 331 3158 qino
359 3069 505 3140 solvitur
532 3069 665 3140 decima
693 3044 918 3160 manipularis
945 3068 1111 3139 ecclesiae
1138 3066 1327 3158 parochiali
1356 3068 1390 3138 in
1418 3067 1708 3156 Wprzhiczaj
1730 3066 1818 3138 Item

195 3203 197 3206 ·
265 3195 346 3261 sunt
363 3191 420 3293 ihi
448 3196 595 3280 quatuor
622 3182 798 3278 tabeinae
826 3190 994 3261 hahentes
1023 3210 1145 3281 agros,
1187 3187 1229 3260 de
1257 3189 1381 3279 quihus
1409 3188 1558 3260 solvitur
1585 3187 1717 3258 decima
1744 3208 1816 3259 ma-

265 3284 431 3400 naphtam
467 3311 678 3383 monasterio
715 3310 986 3382 Wauchoczeusi
1022 3311 1057 3381 iu
1082 3306 1297 3404 ⁸papiliorum:
1342 3309 1429 3381 ltem
1457 3309 1694 3399 hortulanus,
1734 3310 1818 3396 item

264 3431 441 3522 praedium
470 3433 619 3505 militare
647 3439 701 3504 est
729 3433 777 3503 ihi
806 3454 928 3520 unum,
956 3431 999 3503 de
1027 3453 1094 3523 qrru
1123 3431 1272 3502 solvitur
1297 3431 1429 3503 decima
1456 3422 1684 3522 manipularis
1711 3429 1818 3500 eccle·
1858 3510 1864 3516 .

265 3554 337 3623 siae
365 3553 553 3642 parochiali
585 3555 620 3625 iu
648 3552 871 3646 Oowalye.
1051 3535 1058 3545 ⁵
1573 3641 1577 3650 ι
1788 3564 1790 3573 ’

370 3671 524 3764 Guaour,
565 3675 647 3746 villa
675 3676 744 3747 suh.
767 3674 931 3767 parochia
968 3674 1011 3746 de
1039 3672 1250 3766 Oowalye
1286 3675 1373 3761 sita,
1414 3675 1510 3744 ruins
1538 3675 1662 3745 haeres
1690 3673 1817 3745 Petrus

266 3795 391 3885 Daph
420 3795 545 3867 nobilis
573 3795 616 3867 de
643 3796 745 3867 domo
772 3795 967 3887 Dolyua.
993 3795 1604 3886 10000000110001(0011000100,
1631 3794 1675 3866 de
1693 3795 1819 3885 quihus

188 3968 190 3977 ι
265 3917 423 3988 omnihus
450 3917 600 3988 solvitur
627 3924 662 3988 et
689 3916 894 3988 conducitur
921 3914 1053 3988 decimu
1081 3915 1305 4007 manipularis
1333 3925 1369 3987 et
1394 3916 1583 4007 cauapnlis,
1609 3936 1673 4007 pro
1700 3920 1819 3987 moria·

265 4038 371 4107 sterio
399 4036 678 4127 Wanchoczensi,
705 4045 743 4108 et
770 4037 867 4109 valor
894 4037 969 4110 eius
996 4038 1202 4110 aestimatur
1220 4037 1361 4109 adorto
1380 4037 1523 4127 marcas,
1551 4021 1634 4110 item
1660 4039 1818 4125 tahema

265 4159 345 4228 item
374 4158 561 4229 hortulani.
589 4159 675 4230 ltem
703 4158 882 4249 praedium
911 4146 964 4231 est
993 4159 1040 4230 ihi
1068 4159 1203 4231 unicum
1233 4157 1395 4246 militare,
1424 4142 1473 4230 de'
1494 4180 1561 4249 quo
1589 4159 1721 4231 derium
1747 4178 1819 4232 rna·

266 4277 434 4368 uipularis
461 4279 609 4350 solvitur
634 4299 697 4370 pro
726 4280 873 4352 ecclesia
899 4281 935 4351 in
962 4278 1195 4371 Kowalya.

371 4397 662 4472 Gonanuowsun
691 4400 848 4492 Wourn,
875 4402 959 4473 uilla
978 4402 1041 4472 suh
1061 4401 1224 4492 parochia
1243 4400 1408 4471 ecclesiae
1427 4400 1470 4472 de
1497 4399 1623 4472 Nora
1649 4401 1817 4473 Radom

266 4519 343 4609 sita,
370 4521 467 4591 cuius
494 4523 690 4613 proprietas
709 4528 745 4592 et
764 4522 953 4595 dominium
982 4523 1024 4595 ad
1045 4522 1203 4594 consules
1222 4528 1258 4593 et
1277 4522 1439 4612 oppidum
1468 4520 1817 4594 Norae'lladom

265 4642 426 4731 pertinet.
452 4641 492 4712 lu
522 4664 589 4733 qna
617 4650 698 4714 suut
724 4644 814 4714 lanei
843 4644 1086 4735 cmethouales
1114 4643 1301 4736 dequibus
1325 4634 1484 4715 omnihus
1511 4643 1659 4714 solvitur
1686 4642 1819 4717 decima

267 4763 489 4853 manipularis
524 4758 566 4834 et·
587 4763 783 4855 canapalis,
820 4772 856 4836 et
882 4766 1086 4838 conducitur
1121 4787 1185 4857 pro
1217 4766 1429 4838 monasterio
1457 4760 1747 4846 Wauchocaensi‚
1782 4771 1818 4836 et

266 4884 363 4954 valor
390 4886 463 4955 eius
491 4887 695 4965 aestimatur
731 4886 774 4958 ad
803 4888 924 4977 viginti
952 4892 1102 4978 quatuor
1129 4907 1272 4958 marcas.
1317 4883 1402 4982 ltem
1441 4907 1508 4958 uon
1545 4894 1596 4958 est
1634 4888 1670 4959 in
1697 4886 1817 4958 eadem

266 5004 347 5075 villa
375 5006 553 5096 praedium
581 5006 730 5098 aliquod,
758 5009 839 5086 item
868 5029 936 5109 non
960 5013 1041 5079 snut
1068 5008 1245 5099 tammus,
1271 5008 1354 5079 item
1383 5016 1450 5077 nou
1479 5014 1559 5080 suut
1586 5008 1832 5098 hortulauiaa-
1864 5048 1869 5055 -

159 5140 165 5146 ·
264 5127 347 5197 item
376 5149 444 5198 non
473 5133 527 5198 est
553 5128 796 5201 molendinum.

369 5247 714 5339 Mraonoczmpvilla
740 5249 805 5321 suh
832 5250 997 5342 parochia
1024 5248 1068 5322 de
1094 5249 1312 5342 Kowalye
1339 5248 1416 5339 sita,
1435 5248 1541 5320 'cuius
1567 5249 1690 5322 haeres
1713 5249 1817 5321 Nico·
1915 5339 1917 5342 Α
1985 5226 1988 5240 ’

266 5367 340 5437 laus
368 5369 452 5438 alias
480 5369 581 5440 Nihel
611 5369 916 5461 Mlodoczsky
949 5371 992 5443 de
1019 5373 1126 5444 armis
1154 5360 1439 5463 ¹l‘olnlrozya.
1483 5368 1522 5441 ln
1551 5368 1619 5462 qua
1646 5379 1727 5442 suut
1754 5392 1815 5443 sex

266 5487 356 5558 lanei
386 5490 628 5580 cmethouales,
655 5492 690 5563 01
718 5491 760 5563 de
788 5488 946 5564 omnibus
971 5493 1120 5566 solvitur
1146 5499 1181 5564 ct
1208 5493 1411 5564 conducitur
1438 5491 1571 5564 decima
1594 5492 1817 5581 manipularis

267 5614 302 5677 et
330 5611 515 5701 canapalis,
542 5632 606 5703 pro
633 5613 843 5684 monasterio
867 5613 1147 5705 Wauchoczensi,
1174 5619 1210 5684 et
1237 5611 1334 5685 valor
1362 5613 1436 5684 eius
1463 5611 1668 5687 aestimatur
1694 5605 1794 5684 adse

266 5751 408 5801 marcas.
437 5732 523 5803 ltam
551 5740 632 5805 sunt
659 5733 708 5804 ihi
737 5736 886 5826 quinque
913 5736 1090 5806 tabernae.
1117 5734 1204 5807 ltem
1230 5739 1378 5826 quatuor
1405 5728 1633 5823 hortulanine
1660 5733 1719 5805 sed
1747 5734 1816 5813 non

264 5851 394 5922 habeut
421 5873 533 5942 agros.
578 5854 665 5926 Item
694 5861 774 5926 srmt
802 5855 871 5926 tria
891 5855 1040 5946 praedia
1067 5854 1251 5947 militaria,
1292 5856 1335 5927 de
1363 5858 1507 5946 qnorum
1536 5855 1630 5946 agris
1658 5855 1816 5945 omnihus

267 5972 415 6045 solvitur
442 5971 574 6075 decima
602 5973 826 6067 manipularis
854 5976 1018 6047 ecclesiae
1045 5976 1234 6068 parochiali
1263 5977 1298 6049 iu
1325 5974 1554 6067 Koualpe.
1808 5970 1812 5977 '

372 6093 563 6185 Turonum,
590 6095 672 6167 villa
699 6098 763 6168 suh
791 6098 955 6188 parochia
983 6096 1025 6168 de
1053 6096 1402 6169 Wauchoczsho
1429 6099 1507 6187 sita
1535 6096 1633 6168 cuius
1660 6096 1818 6188 proprie·

265 6220 320 6283 tas
347 6221 382 6285 et
408 6214 597 6287 dominium
625 6216 668 6288 ad
696 6219 894 6309 episcopum
921 6216 1184 6289 Gracoriensem
1212 6219 1373 6307 pertinet.
1400 6216 1440 6288 lu
1464 6236 1532 6308 qua
1550 6223 1632 6289 sunt
1658 6216 1817 6289 undecim

265 6334 356 6407 lanei
385 6337 635 6425 cmethonales‚
671 6337 714 6408 de
742 6339 866 6428 quihus
893 6338 1051 6410 omnihus
1079 6337 1229 6410 solvitur
1255 6343 1290 6408 et
1317 6335 1521 6410 conducitur
1548 6337 1681 6410 decima
1704 6336 1818 6411 urani·-

265 6454 396 6544 pnlaris
424 6464 459 6528 et
487 6456 662 6551 canapalls
689 6476 753 6548 pro
780 6457 991 6535 monasterio
1017 6456 1299 6549 Wanchoczenst
1326 6463 1364 6531 et
1388 6458 1490 6532 valor
1515 6459 1589 6531 eius
1612 6459 1817 6534 metiuntur
1888 6493 1891 6498 ·

602 6838 607 6857 (
