4217 8059
1750 1479 1822 1549 275

272 1695 335 1769 per
353 1730 360 1748 .
380 1729 388 1746 .
406 1705 424 1746 .·
441 1676 579 1766 ierngas
594 1677 783 1766 canapalis
808 1675 1018 1749 monastario
1032 1675 1356 1768 dacczachovieusi,
1377 1682 1419 1775 et
1444 1678 1548 1751 valor·
1569 1680 1644 1752 eius
1662 1683 1824 1755 aestima-

271 1801 331 1878 tnr
358 1796 403 1867 ad
429 1799 561 1886 septam
587 1816 729 1873 marcas.
756 1792 844 1868 Item
871 1796 1050 1887 praedium
1077 1804 1133 1869 est
1159 1799 1295 1869 unicum
1322 1799 1483 1889 militare,
1510 1800 1647 1891 dequo
1675 1803 1823 1874 solvitur

271 1915 405 1989 decima
429 1916 655 2007 manipularis
681 1918 846 1989 ecclesiae
873 1917 1066 2010 parochiali
1092 1917 1273 1991 irrNova
1299 1917 1533 2009 Ozerlrew3
1559 1922 1645 1993 item
1663 1923 1821 2013 taberna,

271 2037 354 2107 item
382 2036 568 2110 hortulani.

373 2155 691 2248 Zsrsoronrcza,
718 2157 802 2229 villa
828 2160 904 2237 suh·
920 2159 1087 2248 parochia
1112 2158 1157 2231 de
1182 2158 1310 2233 Nova
1336 2158 1583 2251 Ozerlryew
1609 2164 1696 2251 sita,
1723 2164 1821 2234 cuius

270 2278 396 2349 haeres
421 2277 586 2351 Nicolaus
611 2277 736 2368 Dzyk
762 2278 889 2351 nobilis
915 2279 958 2351 da
985 2280 1092 2351 armis
1119 2278 1314 2371 Dolywa.
1339 2281 1381 2351 In
1407 2302 1476 2372 qua
1504 2289 1586 2354 sunt
1611 2283 1702 2354 lanei
1729 2304 1820 2355 cme-

253 2398 440 2488 thonales,
466 2397 510 2470 da
538 2398 662 2489 quihus
688 2398 847 2473 omnibns
874 2394 1024 2471 solvitur
1049 2400 1184 2472 decima
1209 2401 1435 2492 manipularis
1461 2409 1498 2474 et
1524 2424 1587 2494 per
1606 2458 1613 2473 .
1631 2458 1639 2473 .
1657 2459 1666 2474 .
1684 2405 1822 2494 ierugas

271 2517 447 2608 canapalis
481 2519 693 2592 monastario
731 2519 1053 2609 Szecrachoviensi,
1080 2526 1117 2592 et
1143 2520 1241 2594 valor
1275 2521 1350 2593 eius
1385 2522 1592 2609 aestimatur
1618 2525 1663 2595 ad
1690 2530 1822 2615 septeni

271 2658 414 2713 marcas
441 2638 530 2711 ltam
557 2640 746 2730 praedium,
774 2641 858 2714 itam
885 2641 1039 2732 taberna,
1067 2641 1151 2713 item
1178 2642 1364 2714 hortulani.

273 2885 473 3003 Docimus
507 2887 790 2991 manipulares
830 2890 1075 2968 monasterii
1108 2888 1521 2969 Szaczaclrovlansls
1555 2892 1594 2968 ln
1627 2821 1820 2971 districtu

886 3023 1221 3131 czyrzyczansl.

254 3341 264 3348 η
374 3242 611 3335 Pszauoszli,
639 3243 723 3317 villa
756 3244 821 3316 suh
856 3244 1022 3335 parochia
1057 3243 1101 3316 de
1128 3242 1352 3317 Orzidlna
1376 3245 1463 3336 sita,
1489 3245 1587 3317 ouius
1622 3248 1820 3337 proprietas

272 3363 317 3436 ad
343 3363 617 3454 Johannem,
644 3363 855 3454 Marcum,
882 3363 1150 3455 Georgium,
1177 3365 1461 3437 Ratholdum
1486 3365 1615 3439 fratres
1641 3367 1685 3438 da
1712 3369 1819 3441 aruris

217 3496 220 3502 ·
270 3485 501 3577 Sryarzya
526 3487 688 3577 pertinet
714 3486 756 3558 In
783 3506 852 3577 qm
877 3491 961 3559 sunt
986 3485 1079 3558 lanei
1106 3486 1350 3577 cmethonales,
1376 3493 1414 3559 et
1431 3486 1476 3559 dc
1493 3487 1652 3559 omnibus
1670 3489 1818 3563 solvitur

270 3605 404 3679 decima
436 3606 665 3698 manipularis
700 3613 737 3678 et
771 3606 966 3697 canapalis,
993 3611 1031 3679 et
1057 3606 1261 3678 conducitur
1287 3626 1351 3697 pro
1377 3608 1589 3680 monasterio
1615 3606 1821 3681 Saeczecho-

270 3726 390 3817 vienni,
416 3733 453 3799 at
477 3727 575 3800 valor
602 3727 677 3799 eius
704 3727 908 3799 aestimatur
936 3726 981 3799 ad
1000 3779 1114 3798 .....
1141 3726 1229 3799 ltam
1256 3726 1441 3817 tabernae,
1469 3727 1553 3799 item
1580 3727 1820 3817 hortulaniaa3

270 3848 354 3920 item
380 3847 561 3938 praedium
588 3869 657 3920 non
683 3854 746 3919 est.
1257 3864 1260 3869 ·

371 3968 683 4059 Raczraosznnr,
710 3969 793 4041 villa
818 3969 883 4041 suh
909 3968 1077 4059 parochia
1101 3966 1270 4041 ecclesiae
1296 3967 1340 4039 de
1366 3966 1589 4041 Grzidlna
1615 3969 1692 4060 sita,
1720 3970 1818 4041 cuins

270 4091 394 4162 haeres
420 4089 599 4163 Johannes
625 4089 871 4181 Swyeczka
897 4089 1070 4197 dedomo
1096 4096 1134 4161 ot
1158 4087 1291 4161 familia
1316 4087 1559 4179 Szyaraya
1586 4088 1627 4160 ln
1654 4111 1722 4180 qua
1740 4096 1821 4165 sunt

268 4211 361 4282 lanei
386 4211 628 4302 cmethonales,
656 4218 692 4283 et
718 4211 761 4282 de
788 4211 947 4284 omnihus
974 4206 1123 4283 solvitur
1149 4215 1186 4281 et
1210 4209 1415 4282 conducitur
1441 4208 1575 4281 decima
1593 4211 1820 4301 manipularis

267 4337 303 4402 et
329 4333 505 4423 canapalis
532 4353 596 4422 pro
623 4333 834 4403 monasterio
859 4329 1162 4404 Szeczaohoviensi
1188 4336 1225 4408 ct
1250 4329 1348 4402 valor
1374 4329 1449 4400 eins
1477 4330 1522 4402 ad
1540 4382 1709 4400 .......
1729 4331 1816 4402 Item

267 4451 442 4545 tabernae.
468 4453 558 4525 ltam
583 4451 812 4525 hortulaniae.
847 4452 935 4524 ltern
962 4450 1144 4542 praedium
1169 4457 1226 4522 est
1251 4450 1300 4522 ihi
1326 4449 1481 4541 unicum,
1507 4450 1551 4522 da
1577 4470 1646 4540 quo
1673 4450 1820 4522 solvitur

268 4572 401 4644 decima
426 4572 653 4664 manipularis
679 4572 843 4645 ecclesiae
870 4572 906 4645 in
933 4570 1173 4643 Krzidlna.
1925 4670 1928 4677 Ι

371 4694 610 4785 Jsuowrczr,
639 4695 721 4786 villa
748 4695 813 4767 suh
830 4694 997 4785 parochia
1014 4692 1058 4765 da
1077 4691 1231 4765 Dobra
1256 4691 1333 4783 sita,
1351 4691 1449 4763 arrius
1467 4692 1591 4764 haeres
1608 4690 1818 4782 Lyaszelr

269 4814 312 4885 W
321 4816 580 4907 yernlronis
606 4814 650 4888 da
677 4816 779 4888 domo
804 4822 842 4888 et
866 4815 998 4888 familia
1022 4813 1205 4888 lamina
1231 4813 1272 4885 ln
1298 4832 1369 4904 qna
1394 4824 1477 4886 sunt
1502 4813 1594 4885 lanei
1621 4815 1819 4885 cmethona-

266 4936 333 5027 les,
360 4943 397 5009 et
423 4937 466 5010 de
494 4937 652 5032 omnibns
688 4937 834 5008 solvitur
869 4941 906 5009 et
931 4935 1135 5009 conducitur
1161 4934 1295 5007 decima
1311 4933 1548 5024 manipularis
1574 4939 1614 5005 et
1638 4935 1818 5025 canapalis

266 5077 328 5144 pro
355 5054 904 5145 monasterioSzeczochoviensi,
930 5061 967 5128 et
993 5054 1092 5129 valor
1117 5055 1193 5127 eius
1210 5107 1219 5125 .
1238 5107 1246 5124 .
1265 5106 1272 5124 .
1290 5053 1379 5125 Item
1404 5053 1562 5125 taberna
1588 5052 1818 5131 ltemhortn

152 5264 156 5271 Ι
268 5177 347 5246 lani.
387 5177 475 5249 llam
510 5176 689 5267 praedium
724 5184 779 5250 est
813 5177 952 5249 unicum
986 5176 1054 5266 ibi,
1081 5175 1126 5247 de
1161 5192 1229 5265 quo
1255 5173 1404 5247 solvitur
1430 5172 1564 5247 decima
1589 5175 1816 5264 manipularis

268 5296 431 5368 ecclesiae
458 5298 494 5394 in
521 5297 757 5369 Krnidlna.
1574 5301 1578 5307 '

371 5416 549 5508 Mrszss,
576 5417 659 5491 villa
685 5419 750 5489 suh
777 5417 942 5508 parochia
967 5417 1011 5489 da
1037 5415 1430 5501 Raczechowiczo
1455 5417 1541 5505 sita,
1567 5415 1665 5487 cuius
1693 5416 1815 5486 haeres

267 5534 495 5629 Slawyecz
523 5537 566 5610 de
593 5537 986 5630 Tappolpa-nohilis
1012 5536 1055 5610 de
1083 5536 1185 5610 domo
1211 5540 1248 5608 at
1272 5535 1659 5627 tamillaSzyarzya.
1686 5535 1813 5625 lnqua

267 5663 348 5729 sunt
373 5657 465 5729 lanai
492 5659 736 5749 cmethonales,
762 5665 799 5731 et
825 5657 868 5730 de
894 5658 1054 5733 omnibus
1081 5658 1230 5732 solvitur
1254 5661 1292 5729 at
1317 5654 1521 5728 conducitur
1546 5655 1679 5727 decima
1705 5655 1815 5725 mani-
1945 5702 1956 5713 „

266 5777 398 5866 pularis
424 5785 462 5850 et
485 5778 670 5870 campalis,
695 5800 760 5871 pro
788 5781 995 5852 monastario
1021 5778 1332 5868 Szeozechovieusi,
1349 5783 1386 5849 et
1404 5775 1501 5849 valor
1519 5776 1593 5849 eius
1610 5776 1814 5848 aestimatur

266 5897 390 5970 ad...
416 5918 562 5973 marcas.
586 5899 675 5973 Item
699 5901 876 5973 tabernae.
901 5898 990 5973 ltem
1016 5897 1359 5973 hortolanus-lton
1385 5897 1569 5988 praedium¹
1591 5903 1647 5971 est
1672 5897 1721 5971 ihi
1739 5896 1815 5968 uni·

267 6039 344 6090 cum
371 6020 539 6110 militare,
565 6020 608 6093 dc
641 6021 739 6093 cuius
774 6021 867 6111 agris
894 6020 1042 6094 solvitur
1068 6021 1201 6093 decima
1227 6018 1454 6111 manipularis
1481 6019 1646 6092 acclesiae
1673 6019 1710 6089 in
1737 6015 1816 6089 Ra÷

267 6159 314 6211 cz
382 6142 406 6211 h
490 6141 497 6156 ’
586 6182 638 6211 .·
1313 6205 1316 6211 .
1409 6202 1412 6207 Α
1541 6204 1545 6211 .

324 6158 597 6353 θοΚέεζιίῑῦεΖοΣ,
623 6262 707 6335 villa
732 6264 797 6337 snb
822 6263 987 6355 parochia
1012 6262 1067 6337 da·
1081 6262 1354 6354 Skrzydlna·
1370 6261 1450 6353 sita,
1475 6260 1572 6333 cuius
1599 6261 1722 6332 haeres
1744 6258 1814 6331 Pe-

266 6386 343 6455 trus
369 6381 716 6473 Kostrzeozslry
743 6382 787 6457 ds
812 6384 915 6471 domo
943 6383 1188 6479 Saparaya
1213 6380 1550 6476 loona-santleooi
1568 6380 1841 6500 cmethonales,¹
