4217 8059
1751 1476 1821 1547 127
1900 1540 1903 1545 .

278 1676 314 1745 in
341 1673 690 1767 Olyeschniezu
729 1633 818 1753 Item
845 1698 915 1749 unu
941 1684 1024 1751 eunt
1050 1678 1233 1769 tabernae,
1259 1679 1617 1770 nequehortulaniae.
1658 1680 1745 1751 Item
1772 1687 1827 1751 eat

275 1795 324 1885 ibj
352 1817 441 1867 nnuc
468 1794 730 1901 molendinantur,
757 1797 816 1889 qni
843 1818 907 1889 pre
935 1819 1050 1871 annun
1077 1820 1181 1873 ceusu
1208 1797 1313 1871 solvit
1339 1821 1443 1873 unam
1469 1794 1629 1893 marcam.

379 1915 713 2032 Bruunauowrczn,
740 1916 824 1989 villa
842 1918 909 1991 sub
925 1920 1090 2009 parochia
1115 1918 1158 1991 de
1177 1918 1378 2010 Czyrnin
1406 1921 1483 2007 cita,
1511 1921 1609 1993 cuiue
1626 1921 1825 2012 proprietas

274 2045 312 2115 et
323 2036 512 2123 dominium
532 2036 577 2109 ad
590 2037 742 2129 priorem
760 2044 797 2110 et
810 2045 1016 2111 conuentum
1035 2041 1237 2139 monasterii
1254 2042 1415 2131 pertinet
1442 2040 1482 2113 Iu
1497 2061 1566 2133 qua
1578 2049 1659 2113 suut
1674 2042 1824 2134 quinque

274 2157 366 2229 lanei
383 2158 630 2267 emethonales,
657 2158 700 2231 de
719 2159 844 2250 quibus
867 2159 1015 2233 solvitur
1032 2181 1155 2233 census
1174 2161 1271 2251 varie
1288 2182 1352 2253 pro
1370 2183 1485 2234 annuo
1503 2182 1626 2250 censu,
1653 2183 1733 2234 nam
1751 2168 1823 2235 tres

154 2334 156 2339 .
276 2299 340 2369 per
359 2278 484 2369 uiginti
503 2285 643 2383 scottus,
660 2287 697 2351 et
715 2302 803 2355 unus
821 2288 896 2369 tres
914 2280 1078 2370 fertones,
1104 2290 1251 2373 quartus
1269 2304 1373 2355 unum
1390 2282 1559 2356 fertonem
1577 2284 1725 2357 solvunt.
1760 2282 1826 2363 Eat

275 2399 556 2475 ibiebstaculnm
574 2399 610 2471 in
628 2399 762 2490 virle,
789 2401 834 2474 ad
853 2403 950 2475 cuine
968 2402 1106 2475 labores
1124 2403 1324 2475 emethnues
1341 2402 1547 2494 obligantur.
1585 2404 1674 2474 Item
1692 2403 1825 2476 decima

274 2518 535 2609 diversificatur
552 2527 633 2612 pont
645 2525 718 2595 tres
733 2543 837 2613 agros
855 2524 891 2595 in
908 2522 1208 2614 Przeczslaw,
1225 2524 1261 2597 in
1280 2523 1335 2595 Gz
1344 2547 1366 2616 y
1377 2525 1481 2597 ruin
1500 2532 1580 2615 post
1592 2524 1680 2596 duos
1697 2524 1825 2597 laneos.

275 2640 359 2712 Item
387 2663 456 2713 nou
484 2647 551 2734 est,
564 2642 612 2714 ibi
640 2643 832 2732 praedium,
858 2665 969 2735 neque
997 2644 1225 2733 hortulaniae‚
1253 2666 1363 2735 neque
1389 2646 1544 2717 taberna.

339 2784 346 2797 ·
378 2756 550 2835 Onnrrcz
577 2783 724 2852 eanum,
762 2763 845 2835 villa
881 2765 946 2837 sub
974 2765 1141 2856 parochia
1175 2766 1340 2837 eeclesiae
1377 2765 1738 2845 deBanschowa.
1757 2766 1825 2839 sita

253 2883 370 2978 ‘cuiue
386 2883 592 2978 prupm‘ctae
619 2889 655 2954 et
671 2882 859 2961 dominium
887 2885 932 2957 ad
949 2885 1169 2976 magnifieum
1195 2885 1370 2958 domiuum
1396 2885 1591 2961 dohannem
1618 2886 1661 2958 de
1687 2887 1823 2976 Rpth·

273 3024 416 3095 wauy,
452 3004 602 3077 nubilem
629 3004 672 3077 de
699 3006 804 3077 armis
837 3012 873 3076 et
899 3006 1038 3079 familia-
1058 3006 1350 3097 Accipitrum
1378 3008 1538 3099 pertinet
1578 3007 1619 3078 In
1647 3012 1823 3100 quaeunt

273 3123 347 3219 dun
373 3123 481 3214 lanei,
516 3125 601 3197 item
636 3132 690 3199 est
716 3126 765 3198 ibi
792 3148 861 3199 une
887 3127 1051 3216 taberna,
1087 3127 1170 3199 item
1204 3127 1292 3201 alica
1328 3127 1508 3200 duodecim
1545 3126 1663 3201 laneus
1699 3128 1823 3199 haeres

275 3243 436 3337 deposuit
461 3245 497 3317 iu
524 3245 704 3336 praedium
730 3268 847 3339 suum,
883 3253 920 3319 et
946 3246 1048 3319 datur
1076 3247 1209 3319 decime
1242 3268 1286 3319 ex
1313 3248 1471 3320 omnibus
1507 3248 1601 3339 apris
1633 3254 1705 3319 tam
1733 3268 1822 3321 cme·

277 3364 479 3447 theudibus
506 3386 607 3457 qnam
634 3366 869 3458 praedialibue
897 3368 1108 3441 monasterio
1135 3368 1170 3440 in
1198 3367 1502 3458 Banschowa‚
1538 3367 1620 3438 item
1647 3389 1715 3439 non
1743 3372 1824 3439 suut

273 3485 502 3559 hortulaniae.

375 3606 549 3681 Oenuncz
575 3607 739 3697 Maure,
776 3608 859 3681 villa
896 3609 959 3681 nub
995 3608 1163 3699 parochia
1198 3609 1241 3681 de
1272 3608 1462 3682 Zbornu·
1479 3611 1484 3620 '
1499 3610 1586 3700 sita,
1620 3610 1717 3681 cuius
1744 3629 1823 3699 pru

173 3792 179 3803 .
271 3727 403 3819 prietes
435 3734 472 3809 et
497 3729 686 3827 dominium
722 3730 767 3802 ad
798 3729 1016 3827 magnificum
1052 3730 1228 3803 dominum
1262 3730 1457 3804 Johennem
1494 3730 1536 3801 de
1567 3730 1824 3824 Rpthwani,

140 3849 142 3853 ’
272 3848 421 3921 nabilem
457 3849 635 3923 decumis
670 3850 1133 3924 destruambczonnm
1167 3851 1328 3941 pertinet.
1368 3851 1408 3923 In
1446 3848 1707 3941 quaundecim
1744 3856 1824 3923 sunt

238 4063 242 4071 ,
271 3968 361 4041 lanei
388 3969 640 4061 emethunales,
671 3971 753 4043 item
781 3977 836 4044 est
861 3972 910 4044 ibi
937 3993 1006 4045 una
1040 3973 1188 4045 taberna
1214 3971 1344 4073 habens
1371 3993 1493 4062 agros,
1528 3971 1612 4044 item
1646 3993 1715 4043 non
1743 3977 1824 4043 eunt

271 4090 508 4181 hortulaniae,
543 4113 654 4183 neque
682 4091 832 4182 praedia
876 4092 962 4165 Item
1001 4098 1081 4183 pust
1106 4114 1226 4165 omnes
1252 4113 1356 4183 agros
1384 4092 1530 4165 solvitur
1557 4092 1690 4164 decima
1717 4091 1824 4165 mani-

273 4211 405 4303 pularis
432 4212 599 4285 ccclesiae
627 4219 662 4284 et
679 4213 890 4307 monasterio
917 4214 953 4284 in
976 4214 1262 4285 Banschuwa
1288 4218 1325 4284 et
1340 4219 1505 4285 tenentur
1531 4233 1607 4285 eam
1626 4212 1824 4284 emethuncn

273 4332 437 4405 inducere
464 4332 500 4406 in
519 4334 681 4405 horreum
708 4333 866 4424 apricre
893 4333 1092 4423 locandum,
1119 4341 1156 4404 et
1173 4333 1271 4405 valor
1298 4334 1372 4406 cius
1399 4333 1603 4407 aestimetur
1629 4331 1674 4405 ad
1693 4339 1825 4423 septem

272 4474 416 4551 marcas.
562 4536 565 4541 ,

374 4573 583 4665 Lunurccn,
619 4574 702 4646 villa
737 4576 801 4647 sub
828 4574 996 4665 paroehia-
1019 4573 1185 4647 ecclesiae
1220 4572 1263 4645 de
1291 4573 1473 4645 Bausch
1487 4594 1580 4645 ewa
1607 4574 1691 4662 sita,
1727 4574 1824 4645 cuine

139 4704 142 4709 '
269 4695 467 4786 proprietas
501 4701 537 4766 et
562 4695 750 4767 dominium
776 4694 821 4767 ad
838 4695 1034 4775 dohanuem
1062 4695 1105 4767 de
1123 4694 1155 4767 R
1161 4694 1388 4787 pthwani,
1415 4694 1514 4787 regni
1542 4692 1706 4766 Pnloniae
1734 4714 1824 4765 mar·

269 4815 442 4889 schaldum
470 4815 631 4906 pertinet.
671 4816 712 4887 In
732 4837 799 4907 qua
818 4823 900 4891 sunt
917 4823 1067 4908 quatuor
1084 4810 1176 4901 lanei
1202 4815 1454 4904 emethuuales,
1481 4815 1564 4887 item
1592 4834 1662 4885 uua
1678 4813 1826 4885 taberna
1976 4886 1978 4891 .

269 4937 400 5009 habeus
428 4958 545 5027 egros,
574 4937 657 5009 item
684 4944 739 5009 eat
766 4938 815 5010 ibi
843 4938 1010 5030 optimum
1039 4937 1239 5028 praedium3
1265 4937 1348 5010 item
1361 4941 1455 5027 ¹pust
1481 4956 1600 5009 omnes
1627 4956 1730 5027 agros
1753 4939 1824 5007 tam

270 5061 500 5146 emethonum,
527 5059 771 5148 tabernaturis,
798 5059 985 5148 hortulani,
1013 5079 1115 5149 quam
1141 5058 1356 5149 praediales,
1383 5057 1531 5135 solvitur
1556 5056 1690 5129 decima
1715 5056 1824 5129 mani·

269 5178 401 5268 pulcris
428 5179 593 5251 ecclesiae
620 5200 682 5251 seu
708 5180 919 5264 monasterio
946 5180 983 5251 in
1001 5178 1240 5252 Lubnicza
1265 5185 1303 5251 et
1328 5178 1497 5251 inducunt
1523 5198 1598 5285 eam
1625 5178 1824 5249 emethcnes

268 5301 419 5391 propriis
454 5301 614 5373 curribus
641 5301 677 5373 in
705 5302 867 5373 horreum
903 5278 926 5372 a
950 5300 1069 5391 priore
1094 5300 1296 5391 locandum,
1330 5305 1367 5372 et
1392 5299 1490 5371 valer
1516 5299 1592 5371 eine
1618 5300 1823 5372 aestimatur

270 5420 315 5491 ad
342 5421 428 5494 duas
454 5442 599 5523 marcac
1036 5406 1038 5411 ’
1348 5514 1351 5519 ¹

371 5543 525 5629 Lucznu
551 5543 634 5635 villa
658 5544 721 5616 sub
746 5542 914 5634 parochie
932 5543 1099 5617 eeclesiae
1125 5541 1168 5616 de
1195 5542 1481 5616 Bannchcwa
1506 5541 1594 5631 sita,
1620 5539 1717 5613 euius
1744 5561 1823 5631 pru·

268 5664 399 5753 prietas
434 5670 471 5735 et
506 5663 695 5741 dominium
729 5663 774 5736 ad
809 5665 1027 5755 magnificum
1064 5664 1239 5737 deminum
1269 5662 1464 5736 Joucnnem
1497 5660 1539 5732 de
1566 5660 1822 5753 Rythwani,

267 5784 366 5875 regni
402 5783 566 5857 Poloniae
601 5785 825 5873 marsalcum‚
864 5785 1014 5857 nobilem
1049 5784 1093 5856 de
1124 5785 1231 5856 armis
1266 5783 1288 5856 J
1299 5783 1737 5857 astruambczonum.
1781 5780 1821 5853 In

269 5925 338 5995 qua
364 5911 445 5977 sunt
479 5912 552 5978 tres
587 5905 679 5977 lanei
706 5905 958 5995 emethonales,
994 5906 1080 5977 item
1115 5927 1184 5979 nou
1211 5912 1266 5977 est
1292 5906 1409 5996 alique
1442 5905 1608 5994 taberna,
1642 5904 1726 5975 item
1752 5924 1820 5974 nnn

268 6032 348 6096 suut
385 6025 621 6114 hortulaniae‚
657 6027 741 6098 item
777 6047 846 6097 uon
883 6032 937 6097 est
969 6026 1165 6116 praedium,
1200 6026 1283 6097 item
1311 6025 1445 6098 decima
1480 6024 1706 6117 manipularis
1741 6028 1821 6113 poet
1895 6046 1901 6063 ·

267 6166 385 6219 omnes
420 6168 524 6238 agros
551 6148 785 6219 emethonules
822 6147 969 6221 soluitur
996 6147 1162 6221 ecclesiae
1193 6148 1386 6220 coenobiali
1412 6147 1449 6219 in
1475 6145 1759 6219 Banechowa
1786 6151 1821 6216 et

266 6266 433 6339 inducunt
460 6289 535 6341 eam
555 6269 706 6359 propriis
725 6269 885 6347 curribus
906 6270 948 6341 du
966 6268 1128 6340 horreum
1156 6268 1314 6360 aptiore
1340 6266 1541 6358 lucendum,
1568 6272 1603 6338 et
1620 6266 1820 6445 'was

266 6385 470 6462 aestimatur
496 6388 541 6461 ad
568 6390 653 6461 duas
680 6410 831 6493 mareau...
1740 6378 1759 6405 ⁶
