4217 8059
1680 1503 1684 1515 ¹
1725 1516 1795 1587 135

252 1708 361 1779 sacris
389 1707 595 1779 lectionibus
621 1710 866 1799 intrudentem,
893 1711 989 1784 illum
1016 1713 1096 1809 incu
1123 1802 1127 1811 Ι
1155 1721 1271 1786 entem
1289 1717 1516 1806 orationibus,
1535 1719 1626 1792 hunc
1644 1719 1707 1809 p'ro
1726 1700 1799 1792 suis

251 1830 450 1901 excessibus
486 1829 775 1919 lachrymantem,
811 1831 907 1902 illum
935 1714 1163 2035 ieiff'b,
1189 1841 1227 1905 et
1254 1835 1366 1907 officia
1391 1838 1532 1926 pietatis
1559 1840 1625 1910 sibi
1652 1841 1797 1913 invicem

238 1955 370 2022 xsancto
401 1951 554 2039 quodam
582 1950 753 2023 desiderio
780 1951 945 2024 invidere.
1103 1934 1333 2046 ¹consurgunt
1359 1958 1470 2032 media
1498 1959 1541 2030 ad
1568 1961 1796 2034 confitendum

249 2071 448 2159 Altissimo,
477 2092 639 2161 vespere,
666 2093 765 2143 mane
801 2077 838 2143 et
863 2073 1007 2144 meridie
1043 2080 1189 2147 narrant
1215 2081 1251 2147 et
1277 2063 1487 2149 annuntiant
1513 2079 1633 2151 laudes
1662 2083 1735 2152 eius
1763 2088 1799 2153 et

249 2193 359 2263 omnis
386 2212 504 2263 eorum
532 2191 698 2263 sedulitas
734 2193 769 2267 in
797 2194 916 2265 orbem
943 2200 1081 2266 rotatur
1108 2195 1264 2285 obsequii
1288 2196 1405 2267 divini.
1433 2197 1529 2269 Haec
1554 2199 1708 2288 proiecto
1735 2202 1796 2273 illa

249 2319 304 2393 est
329 2313 450 2402 tellus,
477 2313 512 2382 iu
549 2333 617 2402 qua
652 2312 702 2383 illi
739 2321 928 2385 nascuntur
954 2314 1106 2405 lapides,
1133 2315 1176 2386 de
1203 2317 1327 2406 quibus
1355 2318 1390 2387 in
1418 2318 1642 2408 Apokalipsi:
1667 2321 1797 2393 (livitus

250 2434 342 2523 regis
370 2433 484 2522 magui
512 2433 744 2504 constituitur.
772 2434 867 2505 Haec
894 2440 948 2506 cst
975 2436 1036 2505 illa
1053 2436 1209 2507 sublimis
1229 2458 1354 2526 mensa,
1374 2438 1408 2508 in
1429 2460 1496 2527 qua
1514 2439 1606 2511 Deus
1625 2448 1661 2511 et
1679 2442 1798 2513 cibans

249 2560 320 2642 est,
349 2559 385 2625 et
411 2554 526 2641 cibus;
562 2575 748 2625 munerans
775 2559 812 2625 et
838 2576 961 2626 munus
989 2555 1136 2628 offerens
1163 2563 1199 2628 et
1226 2558 1400 2646 oblatum3
1435 2561 1582 2629 conviva
1618 2566 1654 2631 et
1681 2563 1797 2632 convi-

216 2738 218 2748 .
249 2675 350 2749 viimi.
377 2661 444 2745 Hic
471 2681 653 2765 congestae
681 2681 762 2746 sunt
788 2677 1034 2765 omnipotentis
1070 2676 1333 2749 Patrislamilias
1361 2677 1574 2769 divitiae,⁴et
1603 2681 1735 2753 divisae
1762 2682 1807 2761 in,

250 2797 422 2887 singulos,
456 2802 560 2886 prout
595 2795 739 2886 singulis
776 2798 935 2886 congruit
970 2796 1014 2866 ad
1051 2798 1217 2888 salutem,
1256 2808 1426 2888 quatenus
1464 2802 1728 2891 negotiarentur
1752 2807 1799 2874 -ct

124 2965 126 2968 v
248 2919 379 2989 talento
407 2917 597 3005 commisso,
627 2915 736 2987 donec
763 2917 878 2988 veniet
904 2917 1073 2988 rationem
1100 2919 1314 3009 spiritualem
1334 2940 1411 2991 cum
1428 2922 1587 2994 omnihus
1605 2923 1798 3012 positurus3

249 3046 285 3111 et
310 3039 391 3110 hinc
417 3038 573 3109 effectum
600 3044 664 3126 est,
684 3045 722 3107 ut
749 3038 829 3127 quia
855 3039 912 3108 hic
939 3038 1086 3110 mundus
1113 3040 1148 3109 in
1176 3041 1326 3130 maligno
1352 3040 1487 3130 positus
1514 3047 1578 3131 cst,
1605 3050 1641 3114 et
1668 3042 1703 3113 in
1730 3064 1798 3133 quo

250 3184 316 3233 nou
345 3161 478 3248 timere,
505 3181 572 3231 uon
600 3158 792 3249 periclitari
819 3159 1031 3248 impossibile
1058 3167 1121 3248 est,
1143 3161 1273 3233 habens
1291 3162 1514 3252 asperitatem
1534 3183 1661 3251 veram,
1680 3165 1798 3236 iucun-
1907 3198 1915 3215 ·

251 3283 392 3354 ditatam
420 3280 552 3368 falsam,
579 3286 724 3351 certum·
740 3278 903 3368 dolorem,
930 3280 1097 3351 incertam
1124 3280 1347 3371 voluptatem,
1375 3283 1498 3354 durum
1525 3283 1688 3371 laborem,
1706 3283 1799 3376 timi-

252 3404 331 3474 dam
358 3403 518 3492 quietem,
546 3422 619 3472 rem
639 3401 774 3490 plenam
801 3401 971 3490 miseriae,
1000 3422 1094 3490 spem
1122 3402 1347 3473 beatitudinis
1374 3404 1522 3492 inanem,
1550 3405 1594 3474 ab
1623 3425 1663 3475 eo
1691 3404 1800 3476 veluti

249 3525 383 3595 amasi
411 3523 569 3612 (limam,
597 3528 633 3593 θῖ
659 3523 694 3592 i¹¹
723 3522 899 3612 ur0⁸oeris
929 3535 1141 3612 syrenarum
1168 3523 1403 3595 blandimento
1430 3522 1588 3613 fallente,
1616 3525 1711 3595 etin
1739 3524 1799 3596 ad·
1918 3482 2014 3611 ..Ι-’ὑ

250 3645 359 3716 versis
395 3643 528 3734 Scyllae
565 3642 816 3733 Charibdisqne
853 3642 1017 3731 voragine
1054 3644 1275 3734 absumente,
1302 3642 1347 3715 ad
1382 3644 1495 3715 locum
1529 3644 1627 3716 illum
1665 3645 1801 3735 quietis,
1932 3630 1960 3641 ”

250 3775 412 3857 tauquam
450 3764 493 3834 ad
530 3765 652 3835 salutis
688 3770 826 3853 portum
863 3763 952 3835 fidus
989 3763 1186 3859 hominibus
1221 3764 1327 3835 datur
1361 3785 1532 3836 recursus.
1576 3765 1642 3836 Hic
1675 3766 1801 3837 etenim
1865 3792 1867 3797 ·

249 3908 400 3977 expanso
429 3907 491 3974 per
518 3886 635 3956 orbem
664 3886 861 3955 universum
889 3884 1019 3974 triplici
1045 3883 1259 3974 deceptionis
1286 3886 1396 3966 hostis
1433 3886 1619 3958 insidiatur
1645 3885 1801 3975 reticulo,

250 4008 321 4079 illic
356 4007 400 4077 ad
436 4004 648 4077 illudendum
684 4007 735 4093 ei,
761 4005 891 4095 triplici
918 4005 1045 4076 milites
1072 4005 1203 4077 Christi
1230 4027 1249 4077 e
1284 4007 1427 4096 regione
1454 4013 1633 4079 armantur
1658 4006 1804 4094 aunulo;
1894 4002 1903 4013 ’

135 4208 137 4213 y
251 4128 411 4218 quoniam
440 4127 613 4216 scriptura
639 4133 739 4216 teste,
766 4124 933 4215 quidquid
951 4125 987 4195 in
1006 4126 1134 4198 mundo
1152 4133 1215 4215 est,
1234 4133 1296 4198 aut
1314 4128 1591 4216 concupiscentia
1610 4128 1802 4215 caruisset,

251 4255 312 4322 aut
329 4249 515 4337 oculorum,
535 4253 596 4318 aut
614 4247 777 4336 superbia
796 4246 903 4333 vitae;
930 4245 978 4315 ibi
998 4267 1098 4318 omne
1117 4248 1208 4336 quod
1226 4252 1288 4335 est,
1304 4252 1364 4318 aut
1384 4247 1612 4319 sanctimonia
1626 4248 1718 4321 vitae
1737 4254 1800 4335 est,
1920 4310 1925 4314 .

251 4377 311 4442 aut
328 4370 502 4442 abdicatio
521 4367 755 4458 proprietatis,
770 4373 831 4437 arrt
849 4365 1017 4454 professio
1033 4366 1247 4438 humilitatis.
1266 4368 1306 4437 ln
1321 4368 1447 4439 mundo
1462 4367 1622 4457 equidem
1641 4367 1800 4457 avaritie,
1938 4442 1942 4455 ,

251 4491 420 4563 idolorum
434 4491 595 4578 servitus,
609 4511 710 4578 quam
727 4487 895 4559 latissimo
914 4488 1001 4577 sinu,
1016 4487 1132 4588 omniu
1150 4487 1292 4576 invasit;
1310 4488 1358 4558 ihi
1373 4488 1514 4559 calcatis
1533 4488 1700 4577 omnibus,
1712 4508 1802 4578 ¹quem

252 4611 369 4683 mundi
388 4617 478 4698 suut,
499 4619 538 4681 ut
555 4609 732 4682 Christum
751 4607 976 4696 lucrifaciant,
994 4608 1121 4679 nudam
1140 4629 1274 4679 crucem
1294 4608 1377 4679 nudi
1396 4613 1602 4699 sequuntur3
1617 4609 1655 4679 iu
1675 4609 1801 4680 mundo

250 4731 430 4819 connubia,
459 4739 497 4801 ut
523 4731 680 4820 repleant
707 4737 836 4801 terram
864 4751 886 4800 a
912 4728 993 4801 tiliis
1020 4729 1216 4803 hominibus
1244 4734 1457 4818 repetuntur,
1484 4729 1534 4801 ibi
1559 4730 1704 4800 castrati
1722 4750 1801 4819 pro·

251 4860 329 4943 pter
365 4852 539 4924 coelorum
575 4872 736 4941 rognum,
765 4851 927 4929 castitate
954 4855 990 4921 et
1016 4850 1232 4921 continentia
1246 4849 1395 4940 replent
1421 4848 1563 4921 coelum.
1603 4847 1799 4921 inmundo
1917 4935 1924 4941 Ι

250 4980 365 5045 tumor
393 4973 503 5043 inanis
531 4973 663 5043 animos
689 4972 801 5062 ipsum
830 4970 993 5042 mundum
1021 4969 1210 5073 amantium
1237 4966 1387 5041 fdtiliter
1404 4969 1520 5056 inflat3
1546 4968 1596 5041 ihi
1613 4976 1802 5060 perpetuae

250 5093 417 5182 prolessio
444 5093 661 5164 obedientiae
685 5091 832 5163 feliciter
858 5092 1035 5182 perdurat.
1064 5089 1205 5180 Triplex
1232 5090 1366 5162 medius
1393 5089 1495 5162 lidius
1521 5089 1712 5179 funiculus,
1742 5091 1801 5181 qui

252 5222 287 5285 et
322 5214 461 5284 difficile
497 5213 669 5302 rumpitur
701 5218 737 5284 et
773 5212 905 5293 animas
940 5212 1117 5283 hominum
1153 5211 1224 5282 alto
1261 5216 1385 5321 potens
1419 5217 1472 5282 est
1498 5209 1671 5282 advehere
1698 5211 1802 5282 coelo.

252 5334 401 5407 Proinde
428 5357 491 5407 nos
518 5335 750 5425 Sbigneus
776 5338 987 5407 memoratus
1014 5332 1160 5403 Sanctae
1179 5331 1319 5402 Priscae
1338 5337 1476 5402 saumae
1495 5331 1671 5402 Romanae
1690 5330 1796 5402 eccle·

254 5457 325 5527 siae
353 5458 534 5548 presbyter
561 5455 757 5544 cardinalis,
785 5454 985 5544 praemissis
1013 5453 1192 5525 attentiori
1220 5451 1496 5524 consideratione
1519 5451 1663 5539 libratis,
1682 5456 1801 5523 notum
1916 5527 1919 5532 ,

252 5598 328 5649 esse
365 5579 521 5666 cupimus
557 5577 715 5651 omuibus
742 5583 778 5647 et
804 5574 950 5665 singulis
982 5573 1222 5664 praesentibus
1249 5577 1285 5644 et
1310 5572 1456 5661 futuris,
1484 5570 1576 5662 quod
1603 5577 1741 5642 matura
1767 5579 1803 5644 et
1876 5586 1879 5591 ·

251 5698 408 5788 diligenti
444 5698 693 5807 deliberatione
730 5698 822 5767 iuter
858 5717 923 5767 nos
959 5696 1107 5786 primum
1147 5694 1258 5782 lacta,
1285 5699 1322 5766 et
1357 5692 1492 5765 demum
1520 5693 1557 5763 in
1583 5693 1802 5783 generalibus
1933 5758 1936 5763 ,

251 5819 420 5909 capitulis,
448 5841 524 5891 cum
553 5816 808 5889 venerabilibus
834 5817 1012 5889 fratribus·
1029 5815 1159 5887 nostris
1187 5815 1330 5905 capituli
1348 5813 1597 5905 Oracoviensis,
1616 5821 1652 5884 et
1670 5813 1802 5903 magni·
1875 5833 1880 5849 ¹
1967 5815 1970 5822 “

253 5941 316 6009 lico
344 5940 483 6011 dominu
509 5939 670 6021 Johanne
693 5938 749 6008 de
776 5936 1120 6027 Olyeschnicza
1154 5937 1309 6026 palatino
1338 5935 1609 6012 Sandomiriensi
1636 5953 1803 6025 germano

252 6067 370 6132 nostro
397 6061 577 6131 carissimo
604 6059 763 6150 repetita
792 6058 921 6130 habitis
948 6058 1165 6146 uenatibus,
1193 6056 1483 6147 contemplatione
1510 6055 1623 6127 leudis
1652 6055 1800 6141 divinae,

182 6226 186 6233 -
252 6186 288 6250 et
314 6187 353 6252 ut
379 6182 533 6255 uberiori
560 6203 702 6253 nrrmero
726 6181 860 6252 animas
891 6178 1147 6269 preciosissimo
1179 6177 1344 6267 sangvine
1375 6176 1567 6248 Salvatoris
1603 6177 1713 6247 nostri
1751 6194 1805 6246 re·

252 6301 409 6392 demptas
445 6302 719 6391 lucrifaciamus,
746 6325 809 6393 pro
847 6307 986 6389 nostro,
1013 6299 1342 6389 progenitorumque
1378 6302 1574 6368 nostrorum
1603 6296 1805 6387 praedeces·-

252 6444 367 6496 sorum
397 6423 548 6497 remedio
576 6396 946 6512 salutari,'ccclosiam
968 6419 1217 6515 parochialem·
1241 6417 1359 6519 Sancti
1385 6417 1556 6493 Johannis
1583 6417 1744 6511 Apostoli
1769 6423 1806 6489 et
