4217 8059
318 1457 399 1529 ,214

323 1663 493 1751 laborant,
519 1661 601 1735 item
628 1681 766 1754 oaezyep
792 1680 861 1733 non
879 1656 1042 1751 'solvunt3
1078 1660 1161 1732 item
1187 1659 1338 1732 tabema
1361 1679 1430 1732 una
1451 1643 1737 1750 babens'agros,
1763 1659 1870 1733 noluit

322 1803 425 1854 unam
453 1801 670 1871 sexagenam,
696 1781 778 1851 item
805 1781 1024 1853 hortulaniae
1039 1801 1119 1871 non
1148 1788 1249 1872 sunt,
1275 1780 1358 1853 item
1386 1779 1566 1870 praedium
1592 1799 1664 1853 nors
1688 1787 1760 1871 est,
1785 1782 1871 1855 item

264 1928 282 2000 ‘.
321 1903 460 1975 laborat
485 1901 604 1973 eadem
622 1901 707 1973 -rilla
724 1902 760 1972 in
788 1901 982 1992 septimana
1007 1907 1082 1973 tres
1108 1901 1183 1972 dies
1209 1901 1353 1992 proprio
1378 1905 1499 1982 aratro
1524 1907 1587 1973 aut
1613 1921 1738 1991 corrup
1763 1903 1872 1977 babet

318 2043 386 2113 pro
403 2044 442 2095 sc
468 2029 505 2094 et
522 2022 665 2113 praedio
683 2043 746 2107 suo
763 2021 882 2094 laneos
900 2028 937 2094 et
954 2021 1060 2094 solvit
1077 2022 1285 2094 decimam...
1305 2021 1391 2094 item
1409 2040 1529 2093 omues
1546 2022 1623 2112 agri
1640 2023 1871 2097 totius-villae

177 2151 179 2155 ‘
321 2144 462 2218 solvunt
487 2143 654 2214 decimam
682 2143 929 2234 manipularem
955 2149 994 2242 et
1018 2142 1236 2234 canapalem‚
1262 2143 1306 2214 de
1333 2162 1401 2213 uno
1429 2160 1550 2233 eampo
1575 2163 1641 2233 pro
1667 2144 1871 2243 episcopatu

318 2263 559 2352 cracoviensi,
585 2267 623 2334 et
648 2282 712 2353 pro
739 2262 885 2334 ecclesia
912 2263 947 2333 in
974 2262 1240 2353 Xaegnicze
1265 2263 1406 2335 eteius
1431 2261 1579 2353 plebano
1606 2263 1650 2335 de
1675 2263 1872 2355 utera-ac

322 2385 420 2457 valor
453 2385 530 2457 eins
565 2385 769 2454 aestimetur
805 2382 849 2454 ad
886 2383 1004 2455 decem
1035 2403 1170 2455 marcas
1205 2382 1248 2455 de
1284 2403 1352 2455 uno
1387 2403 1508 2474 campo
1544 2383 1598 2456 rel
1624 2385 1787 2458 aestivali
1811 2386 1870 2459 vel

321 2505 490 2596 hyemali3
516 2525 606 2576 anno
633 2509 748 2576 autem
776 2503 882 2575 tertio
915 2503 1017 2575 tellit·
1034 2509 1145 2575 totam
1172 2505 1393 2595 episcopatus
1420 2501 1870 2579 &immensuratum

321 2649 398 2701 cum
425 2626 746 2717 Moykowicze
773 2624 1058 2715 Bialsupicne
1085 2632 1122 2698 et
1145 2625 1421 2717 Xengnicae.
1554 2664 1558 2673 «

425 2748 592 2838 Domana
613 2745 702 2832 ¹villa
727 2746 792 2818 sub
819 2747 984 2836 parochia
1011 2746 1054 2818 de
1082 2746 1348 2838 Xangnicze
1375 2749 1452 2839 sita,
1478 2749 1576 2821 cuius
1602 2747 1871 2839 proprietas-ad

321 2869 569 2962 monasterinm
597 2866 822 2962 Tbincniense
847 2868 1010 2958 pertinet.
1046 2864 1087 2939 In
1115 2888 1183 2959 qua
1209 2889 1277 2940 non
1304 2876 1386 2941 sunt
1411 2870 1503 2942 lanei
1529 2853 1792 2959 mesomelas-,-
1807 2869 1871 2953 aad

320 2990 560 3064 antummodo
586 2993 664 3061 octo
690 2988 919 3083 hortulaniae,
945 2995 981 3061 et
1008 2989 1161 3079 quilibet·
1180 2988 1285 3060 solvit
1309 2994 1388 3061 octo
1414 3010 1554 3081 grecam
1572 3010 1770 3082 proconsu,
1785 2991 1869 3076 item

179 3134 183 3141 ’
321 3133 389 3185 osa
423 3133 492 3184 non
528 3110 684 3200 solvunt,
710 3109 795 3180 item
820 3109 931 3199 galles
958 3130 1028 3180 nen
1054 3109 1211 3199 solvunt,
1239 3110 1320 3185 item
1347 3130 1467 3184 caseos
1493 3130 1562 3183 nou
1589 3111 1747 3212 solvam
1782 3112 1870 3185 itan

317 3233 482 3305 laborant
508 3250 612 3302 unum
641 3228 730 3302 diem
759 3231 794 3300 in
822 3230 1015 3320 septimana
1040 3231 1183 3321 proprio
1210 3250 1315 3302 curru
1341 3239 1402 3302 ant
1428 3237 1565 3320 aratr03
1592 3232 1673 3304 item
1691 3230 1870 3326 powoboes
1916 3229 1919 3236 '

322 3374 391 3426 uon
417 3354 596 3443 laborant,
624 3352 708 3423 item
734 3372 872 3446 mezyep
898 3372 967 3422 non
996 3352 1154 3440 solvont3
1180 3353 1263 3423 item
1291 3352 1438 3425 taberna
1465 3359 1520 3425 est
1544 3353 1594 3425 ibi
1621 3373 1709 3444 una,
1726 3353 1867 3427 meane

321 3495 434 3567 agros,
461 3493 549 3564 quae
574 3472 682 3543 solvit
706 3491 770 3561 pro
797 3488 903 3543 censu
930 3492 1032 3545 unam
1061 3492 1288 3562 sexagenamr
1314 3475 1395 3545 item
1424 3473 1632 3563 bortulauia,
1658 3475 1740 3547 item
1768 3494 1869 3565 pne
1955 3537 1963 3554 ,

321 3595 415 3667 dium
443 3599 498 3665 cst
521 3592 733 3682 coenobiale,
760 3591 803 3664 cle
830 3613 899 3684 quo
925 3593 1173 3665 monesterium
1191 3592 1284 3665 tollit
1302 3613 1366 3684 pro
1384 3614 1422 3666 se
1439 3594 1617 3669 eminam.
1641 3594 1731 3667 item
1749 3614 1869 3673 cuca

321 3718 398 3807 agri
424 3714 528 3786 villae
562 3712 703 3785 solvunt
736 3718 774 3784 et
806 3713 1003 3785 conducunt
1038 3713 1205 3786 decimam
1232 3715 1481 3805 manipularem
1516 3722 1554 3788 et
1578 3715 1778 3808 muapulem
1803 3736 1870 3807 pre

322 3836 466 3908 ecclesia
492 3833 684 3926 parochiali
709 3834 746 3904 in
773 3833 1050 3924 Xangnicze,
1075 3841 1113 3906 et
1138 3835 1238 3907 valor
1262 3835 1338 3908 eius
1355 3837 1562 3910 aestimatur
1578 3837 1623 3908 acl
1640 3836 1758 3910 ocrem
1777 3857 1869 3911 mar-

322 3978 391 4028 cas.
418 3954 578 4027 Confluat
604 3937 678 4025 cnm
706 3939 730 4025 J
739 3954 943 4044 akaicze‚
970 3953 1350 4047 Scireslawicze,
1376 3957 1661 4048 xanguine,
1687 3956 1870 4050 Merke-

321 4078 470 4167 wicze,
498 4074 792 4165 Bislrnpicze.
1699 4093 1700 4097 ’
1972 4052 1976 4059 ’

325 4212 354 4249 -·
424 4196 759 4286 Wnnnrcwilla
785 4197 849 4267 sub
875 4197 1042 4287 parochia
1068 4197 1111 4268 de
1135 4195 1345 4270 Ozir'lsew
1371 4199 1448 4289 site,
1474 4198 1572 4271 cuiue
1598 4200 1796 4290 proprietas
1821 4201 1867 4273 ad

248 4309 250 4313 ’
320 4318 565 4394 monasterium
603 4316 808 4388 Thinciense
841 4317 1003 4406 pertinet.
1041 4317 1082 4387 In
1120 4323 1299 4407 quaeunt
1333 4324 1406 4391 tres
1441 4317 1538 4390 lanei.
1559 4319 1804 4410 emethonales
1827 4327 1868 4392 et

320 4438 459 4512 solvunt
483 4459 548 4529 pro
575 4459 680 4511 ceusu
706 4438 793 4509 duas
819 4457 953 4509 marcas
980 4438 1101 4528 simul,
1128 4438 1212 4510 item
1239 4459 1307 4510 ova
1331 4438 1495 4529 triginta,
1521 4439 1604 4513 item
1631 4441 1742 4531 gallos
1769 4439 1867 4531 duos,

315 4563 405 4633 item
432 4581 568 4633 caseum
605 4567 731 4648 nnum3
765 4559 848 4631 item
883 4558 1021 4630 labores
1049 4558 1185 4650 aliquos
1212 4580 1280 4631 nou
1306 4559 1456 4650 faciunt,
1482 4560 1565 4633 item
1591 4558 1771 4655 pomulam
1797 4540 1866 4643 nen

316 4682 489 4772 laborant,
516 4681 598 4752 item
625 4700 762 4775 oeazyep
789 4700 859 4751 non
885 4679 1039 4769 solvunt3
1066 4681 1148 4751 item
1167 4681 1334 4753 tabernae
1351 4682 1419 4752 non'
1438 4686 1529 4772 sunt,
1546 4681 1631 4753 item
1648 4658 1868 4757 aaronitae

320 4825 389 4874 nen
416 4808 506 4891 sunt
533 4803 617 4872 item
644 4800 824 4890 praedium
850 4799 1049 4870 coenobiale
1076 4819 1143 4869 nou
1171 4805 1234 4872 est.
1261 4799 1347 4871 Item
1374 4819 1495 4872 omnes
1510 4801 1589 4892 agri
1607 4800 1710 4873 villae
1725 4801 1868 4875 mma
1998 4878 2000 4885 ,

316 4923 488 4994 decimam
514 4921 763 5022 manipularem
790 4940 854 5010 pro
879 4919 1025 4991 ecclesie
1050 4924 1087 4989 et
1113 4919 1261 5010 plebano
1288 4921 1323 4991 in
1351 4921 1615 5013 Lapsnicze,
1641 4923 1739 4995 cuius
1769 4923 1868 4995 calor

321 5043 366 5115 ad
390 5049 543 5133 quatuor
568 5061 723 5130 marcas3
749 5041 833 5112 item
861 5047 927 5112 est·
940 5040 989 5111 ibi
1017 5040 1176 5112 scoltetia
1201 5041 1333 5114 babens
1351 5042 1438 5115 duos
1458 5044 1586 5117 laneos.
1612 5041 1774 5116 Oenflmt
1789 5063 1867 5117 cam

228 5185 231 5190 ¹
323 5162 1010 5252 Wauszewiene,1l·ambrowka,
1037 5161 1391 5254 Bratbuczicze,
1419 5160 1869 5255 Bogucziczellnir·

321 5283 425 5373 ᾖον,
452 5282 680 5354 Banszow.

422 5403 642 5475 liauomczn
668 5401 829 5492 linens,
865 5402 947 5473 villa
973 5403 1105 5474 babens
1132 5403 1311 5475 ecclesiam
1338 5404 1572 5495 parochialem
1598 5405 1633 5475 in
1660 5425 1708 5496 se,
1735 5404 1865 5491 Sancto

320 5523 598 5615 Stephane-regi
624 5523 782 5614 dicatam,
809 5524 906 5595 cuius
919 5512 1179 5615 proprietasad
1196 5525 1444 5598 monasterium
1472 5524 1677 5598 'l'biucieuse
1703 5526 1868 5618 pertinet,

187 5671 194 5677 ·
320 5645 449 5717 donata
474 5644 685 5717 monasterio
711 5663 774 5735 per
800 5642 823 5715 J
832 5644 965 5715 uditb
991 5643 1156 5747 Poloniae
1182 5646 1347 5735 reginam.
1373 5642 1414 5716 In
1433 5665 1501 5736 qua
1527 5651 1608 5718 sunt
1634 5646 1753 5719 docem
1771 5648 1865 5720 lanei

320 5765 571 5855 cnretlneneles,
606 5766 650 5837 de
677 5786 821 5856 quorum
849 5764 1004 5855 quolibet
1029 5764 1176 5839 solvitur
1211 5786 1275 5856 pro
1301 5785 1405 5838 censu
1433 5785 1548 5839 annuo
1584 5787 1655 5839 una
1679 5786 1865 5859 sexagena

320 5888 404 5959 item
432 5906 498 5958 ova
522 5886 687 5985 triginta¹
703 5886 799 5968 item,
813 5884 897 5976 galli
923 5885 1011 5974 ‹luo;
1047 5886 1129 5959 item
1157 5906 1276 5958 caseos
1302 5907 1371 5957 nou
1398 5886 1557 5974 solvunt3
1592 5887 1677 5960 item
1703 5888 1867 5961 laborant
1960 5968 1962 5973 Α

319 6013 393 6079 tres
419 6006 495 6078 dies
522 6007 557 6076 in
585 6007 787 6096 septimana,
826 6008 968 6096 proprie
995 6027 1100 6078 curru
1127 6012 1192 6078 aut
1213 6012 1350 6096 aratro,
1386 6007 1469 6077 item
1491 6005 1674 6101 pomulam
1700 6028 1773 6081 non·
1796 6009 1866 6081 aol-

320 6134 424 6217 uunt,
459 6126 542 6198 item
577 6127 724 6197 taberna
759 6146 827 6196 una
862 6127 1016 6216 plebani
1034 6128 1166 6198 habens
1201 6146 1322 6216 agros,
1349 6131 1384 6196 et
1410 6126 1515 6199 solvit
1548 6133 1696 6218 quatuor
1722 6149 1866 6221 marcas,

319 6248 403 6318 item
429 6247 519 6319 duae
545 6240 763 6318 bo'rtulaniae
789 6247 947 6338 plebani,
977 6252 1021 6317 et
1047 6247 1208 6318 laborant
1234 6246 1343 6336 diem,
1378 6247 1461 6320 item
1492 6248 1711 6323 hortulaniae
1747 6271 1866 6322 mone

317 6369 421 6439 sterii
446 6375 535 6458 omn,
561 6367 668 6467 sol&
682 6367 857 6459 quaelibet
874 6373 1023 6457 quatuor
1038 6384 1182 6454 gnosum
1199 6371 1237 6437 et
1253 6387 1359 6438 unum
1371 6367 1469 6441 ,diem
1485 6369 1666 6458 pedestres
1691 6369 1867 6444 laborant.
