4217 8059
273 1439 347 1513 278

271 1643 488 1733 coenobiale,
512 1641 557 1714 da
592 1640 690 1713 cuius
725 1640 821 1730 agris
842 1639 942 1712 nulli
977 1638 1083 1713 soluit
1108 1637 1293 1726 decimam,
1319 1634 1382 1709 sed
1406 1654 1483 1709 eam
1510 1654 1573 1724 pru
1599 1653 1639 1707 sa
1664 1633 1759 1709 tollit
1783 1639 1819 1707 et

272 1766 309 1837 Iu
335 1766 499 1837 horreum
525 1782 626 1838 suum
651 1760 794 1834 inducit.
1824 1809 1828 1815 .

373 1883 578 1973 dummoc,
604 1881 688 1964 uilla
714 1881 779 1955 sub
804 1880 971 1972 parochia
997 1879 1041 1970 de
1067 1878 1298 1971 Lapanow
1325 1877 1403 1969 sita,
1430 1876 1530 1950 cuias
1551 1876 1675 1951 baares
1692 1875 1818 1951 Petrus

271 1999 614 2094 Lubomirzslry
649 2001 693 2075 de
720 2002 885 2075 domaret
909 1999 1041 2072 familia
1065 1998 1308 2072 DrusnIua
1342 1998 1383 2070 In
1410 2019 1479 2089 qua
1504 2003 1587 2071 suut
1611 1997 1704 2073 lanei
1729 2017 1820 2070 cme-

270 2125 438 2214 tbonales,
465 2129 502 2196 et
527 2124 572 2195 de
597 2123 756 2196 omnibus
782 2121 929 2196 solvitur
955 2128 991 2193 et
1017 2120 1223 2193 conducitur
1248 2118 1631 2210 decima-manipularis
1656 2127 1693 2192 et
1714 2139 1821 2192 caua·

270 2245 360 2336 palis
386 2265 450 2335 pro
477 2244 688 2319 monasterio
716 2241 1027 2331 Szeczecbovieusi,
1054 2246 1091 2312 et
1117 2240 1216 2313 valor
1233 2240 1308 2313 eiua
1325 2240 1531 2312 amtimatur
1545 2239 1660 2312 uda.
1676 2258 1820 2313 marcas.

270 2365 361 2443 Item
383 2365 538 2437 taberna
564 2364 652 2436 Item
677 2363 864 2437 hortulani.
889 2362 978 2436 Item
1005 2360 1185 2453 praedium
1211 2360 1358 2451 unicum,
1384 2360 1524 2452 dequo
1550 2359 1685 2435 decima
1708 2361 1819 2433 mani·

271 2486 403 2576 palaris
429 2485 595 2558 ecclesiae
621 2485 660 2558 in
684 2483 923 2575 Lapauow.
1703 2534 1726 2577 .·

375 2605 500 2678 vam
526 2603 731 2695 Sarsnoms,
757 2604 840 2676 villa
866 2602 930 2677 sub
957 2603 1122 2693 parochia
1236 2603 1313 2692 sita.
1349 2601 1389 2673 Iu
1416 2621 1485 2692 qua
1510 2605 1592 2675 suut
1611 2601 1704 2675 laurei
1729 2619 1820 2674 cme-

272 2725 441 2816 tbonales,
468 2730 505 2796 et
530 2724 575 2798 de
600 2725 760 2797 omnibus
786 2723 935 2796 solvitur
961 2728 997 2795 et
1024 2721 1228 2795 conducitur
1254 2721 1387 2794 decima
1411 2721 1638 2812 manipularis
1664 2726 1702 2794 ot
1719 2741 1820 2794 caua·

273 2846 362 2938 paIIs
388 2866 452 2937 pro
478 2844 689 2919 monasterio
705 2842 1026 2933 'Szeczechoviensi
1052 2847 1089 2915 et
1114 2823 1213 2915 valor
1239 2843 1315 2915 eius
1332 2842 1534 2916 aestimatur
1552 2843 1597 2915 ad
1610 2896 1619 2914 .
1678 2861 1821 2914 marcas.

273 2966 362 3041 Item
388 2965 577 3056 praedium
603 2964 691 3037 Item
718 2964 872 3036 taberna.
899 2963 990 3053 Item
1014 2963 1202 3037 hortulani.
1277 3028 1280 3037 ,

375 3082 654 3177 Marcomons,
682 3085 765 3157 villa
789 3086 854 3158 sub
880 3084 1047 3175 parocbia·
1069 3084 1112 3156 de
1130 3064 1251 3158 Gora
1276 3085 1352 3157 sila
1378 3083 1419 3156 In
1437 3104 1507 3175 qua
1523 3089 1605 3156 sunt
1620 3083 1713 3157 lanei
1729 3101 1819 3155 amc-

212 3285 215 3289 ,
272 3209 440 3304 mundes
466 3214 502 3281 et
527 3206 572 3281 de
597 3206 756 3280 omuibus
782 3206 930 3289 solvitur
956 3211 993 3278 et
1018 3205 1222 3279 conducitur
1247 3205 1381 3278 decima
1406 3205 1631 3296 manipularis
1656 3210 1695 3278 et
1718 3223 1822 3277 caua-

273 3328 363 3419 palis
388 3349 453 3420 pro
480 3328 690 3401 monasterIo
717 3327 1028 3417 Szecnecbovieusi,
1046 3332 1083 3399 et
1101 3327 1199 3405 valor
1216 3326 1292 3399 eius
1310 3326 1516 3420 aestiuatur
1533 3325 1578 3403 ad
1595 3380 1605 3399 .
1622 3380 1631 3399 .
1649 3343 1820 3399 ‚marcaa

169 3452 171 3455 ’
274 3449 362 3523 Item
387 3449 545 3523 taberna
571 3448 660 3521 Item
685 3447 873 3521 hortulani.
899 3446 987 3519 Item
1013 3446 1203 3537 praedium.

378 3569 515 3660 Lucra,
542 3569 625 3642 vllla
650 3569 715 3643 sub
742 3558 908 3658 parocbia
933 3567 977 3640 de
1004 3564 1125 3642 Gora
1150 3566 1229 3658 sita,
1255 3567 1353 3641 cuius
1370 3568 1494 3643 haeres
1510 3567 1705 3654 Stauislaus
1720 3564 1823 3658 Lyp

274 3689 357 3782 sky
392 3689 518 3763 nobilis
553 3688 733 3762 dedomo
767 3687 1009 3760 Drusniua
1048 3687 1090 3766 Iu
1115 3707 1185 3779 qua
1211 3694 1293 3760 sunt
1318 3687 1411 3761 lanei
1431 3687 1695 3778 -cmetnoucloa,
1713 3691 1753 3759 at
1776 3685 1821 3759 de
1912 3736 1917 3747 .

275 3809 434 3883 omuibus
469 3809 617 3883 solvitur
641 3815 678 3882 et
704 3807 909 3883 conducitur
933 3807 1067 3881 decima
1092 3807 1318 3899 manipuffluis
1343 3814 1382 3881 et
1406 3809 1594 3900 cauapalis.
1608 3828 1673 3900 pro
1702 3824 1822 3880 meua·

269 3930 381 4003 sterio
408 3928 719 4019 Szeczecbovieusi,
746 3935 783 4000 et
809 3929 907 4001 valor
933 3928 1007 4000 eius
1026 3929 1231 4000 aestimatur
1248 3928 1294 4000 ad
1308 3982 1316 3998 .
1334 3982 1343 3999 .
1362 3983 1376 3999 ,Α
1387 3949 1532 4002 marcas.
1557 3929 1646 4001 Item
1663 3928 1821 4012 taberna

275 4050 364 4122 Item
390 4049 575 4122 hortulani
601 4049 690 4122 Item
716 4049 897 4140 praedium
922 4049 1072 4140 unIcum,
1098 4049 1142 4121 da
1169 4070 1237 4141 quo
1264 4049 1412 4123 soluitur
1438 4049 1572 4123 decima
1588 4047 1822 4140 manipularis.

378 4169 694 4261 Sauosnawuczu,
717 4169 805 4243 uilla
839 4170 904 4243 sub
930 4169 1097 4261 parocbia
1123 4168 1167 4242 de
1193 4167 1315 4244 (iura
1340 4171 1429 4260 sita,
1455 4171 1553 4243 cuins
1579 4150 1703 4243 haeres
1729 4168 1821 4242 Sla-

277 4311 422 4382 wyecn
453 4289 497 4363 de
533 4289 772 4383 Toppolya
805 4290 933 4363 nobilis
968 4289 1141 4364 dedomo
1168 4289 1378 4382 Szyarna
1417 4291 1507 4363 Item
1529 4295 1613 4364 suut
1637 4291 1676 4364 in
1700 4288 1821 4365 cadem
1865 4352 1870 4361 .

273 4403 360 4485 ¹villa
384 4411 476 4485 lanei
502 4412 744 4502 cmetbonales,
771 4416 808 4484 et
828 4411 878 4483 de
903 4411 1062 4484 omnibus
1088 4411 1237 4484 solvitur
1262 4418 1299 4485 et
1325 4411 1527 4485 conducitur
1553 4410 1688 4484 damma
1711 4409 1821 4508 mani·

276 4533 407 4623 pularis
434 4537 470 4605 et
496 4533 679 4624 canapalis,
706 4552 769 4623 pro
796 4532 1006 4605 monasterio
1034 4530 1347 4624 Szeczechoviensi,
1373 4538 1409 4605 et
1434 4533 1533 4607 valor
1559 4533 1633 4604 eius
1659 4530 1822 4604 aesbma
1854 4570 1861 4584 =

257 4660 335 4726 tur
360 4653 406 4725 ad
423 4706 564 4725 ......
581 4646 726 4726 marcas.
752 4652 842 4725 Item
867 4654 1024 4726 taberna
1049 4652 1138 4725 Item
1155 4653 1343 4727 hortulani.
1368 4654 1457 4727 Item
1475 4653 1654 4745 praedium
1671 4672 1740 4726 non
1759 4657 1824 4724 est.

380 4773 742 4864 Sauoauuuowuczn,
769 4773 852 4845 villa
877 4773 941 4846 sub
967 4774 1133 4865 parochia
1158 4773 1203 4847 de
1229 4771 1351 4848 Gora
1375 4775 1454 4866 sita,
1480 4775 1579 4848 cuiue
1603 4775 1729 4849 haeres
1746 4772 1823 4845 Sbi-

276 4915 385 4985 gneus
411 4893 726 4986 Stadniczalry
753 4894 879 4967 nobilis
905 4892 949 4966 de
977 4893 1078 4968 domo
1105 4901 1142 4968 et
1168 4893 1300 4968 familia
1324 4894 1568 4980 Druszina
1594 4895 1823 4987 Inquasuut

276 5015 368 5087 lanai
395 5014 638 5105 cmetbonales,
664 5021 701 5087 et
725 5013 770 5087 da
796 5014 954 5087 omnibus
980 5015 1127 5088 solvimur
1153 5021 1189 5088 et
1214 5016 1418 5090 conducitur
1441 5016 1576 5089 decima
1597 5015 1823 5105 manipularis

224 5126 227 5132 ’
277 5141 314 5207 et
339 5135 513 5226 canapalis
540 5155 604 5225 pro
630 5136 841 5208 monasterio
867 5136 1178 5227 Sneczecboviensi,
1204 5143 1242 5209 et
1267 5137 1366 5209 valor
1383 5138 1459 5210 eius
1475 5138 1680 5210 aestimatur
1697 5136 1742 5211 ad
1760 5188 1768 5206 .
1787 5187 1821 5205 ..

278 5274 422 5326 marcas
460 5255 548 5328 Item
582 5254 738 5328 taberna
779 5256 867 5328 Item
894 5256 1080 5329 hortulani
1119 5256 1208 5331 Item
1234 5257 1414 5349 praedium
1440 5265 1495 5331 est
1519 5258 1570 5330 ibi
1597 5258 1753 5346 unicum,
1779 5255 1823 5326 de

278 5396 346 5466 quo
373 5374 520 5449 soluitur
546 5375 680 5449 decima
704 5376 930 5467 manipularis
956 5370 1207 5467 praebendario
1233 5378 1398 5451 eeclesiae
1423 5379 1461 5450 iu
1487 5374 1633 5450 Gdow.

382 5495 526 5588 Sanus,
553 5497 636 5570 uilla
663 5497 728 5570 sub
753 5498 919 5588 parocbia
945 5496 989 5568 da
1015 5495 1237 5570 Grusnow
1264 5499 1343 5589 sita
1369 5499 1466 5572 culus
1492 5497 1823 5572 haeredes-Suau-

278 5617 495 5689 thoslaus
530 5617 683 5690 Knoth
719 5625 756 5689 et
791 5617 1030 5689 lohannes
1066 5616 1192 5690 iratres
1227 5617 1270 5691 de
1297 5621 1402 5691 armis
1437 5624 1474 5690 et
1499 5619 1631 5692 familia
1655 5617 1823 5710 Starzy

280 5720 417 5828 liouy.¹
434 5716 475 5807 Iu
501 5757 570 5828 qua
595 5743 677 5809 sunt
702 5737 794 5809 lanei
819 5737 1065 5828 cmetbonales,
1091 5744 1129 5812 et
1153 5738 1197 5812 de
1223 5739 1381 5811 omnibus
1403 5738 1552 5812 solvitur
1568 5744 1606 5811 et
1622 5720 1824 5813 conducitur
1944 5766 1947 5771 *

279 5855 411 5929 decima
445 5857 670 5947 manipularis
704 5862 741 5929 et
775 5857 951 5948 cauapulis
986 5877 1050 5947 pro
1078 5859 1289 5933 monasterio
1315 5859 1635 5952 SzeczechovieusI,
1662 5865 1700 5934 et
1713 5859 1823 5934 ¹valor

279 5976 353 6049 eius
379 5977 582 6049 aestimatur
607 5975 674 6047 ad.
693 6028 701 6046 .
720 6029 728 6046 .
746 6030 754 6046 .
772 5996 916 6049 marcas
942 5978 1031 6050 Item
1058 5979 1213 6057 taberna
1239 5979 1328 6052 Item
1354 5980 1539 6052 hortulani.
1566 5981 1655 6054 Item
1680 5980 1824 6072 praedIa

279 6094 348 6169 duo
383 6097 565 6188 militaria,
591 6094 760 6188 depositis
795 6098 1033 6179 cmetbonibus
1060 6099 1198 6180 noviter
1222 6088 1315 6171 iacta
1340 6105 1432 6190 sunt,
1457 6121 1547 6191 quae
1573 6120 1748 6192 uunquam
1774 6101 1823 6176 ibi

279 6215 419 6291 inarum
450 6224 486 6290 et
521 6216 694 6291 decimant
729 6218 970 6310 decimamque
1005 6223 1169 6292 tenentur
1204 6221 1414 6294 monasterIo
1450 6218 1752 6297 Szeczecboriensi
1787 6223 1823 6293 in
1940 6258 1945 6263 ·

277 6335 492 6436 pupillarum.
557 6400 564 6406 .
