4217 8059
317 1435 387 1507 116

313 1643 510 1711 cmelhones
538 1638 793 1710 molendinator
820 1644 856 1707 et
883 1638 1125 1707 tabernatores
1153 1636 1316 1707 inducere
1344 1637 1377 1706 in
1406 1637 1578 1723 borreum,
1605 1655 1625 1705 a
1651 1635 1861 1705 monasterio

312 1760 501 1833 locandum.
529 1759 615 1830 Item
644 1758 809 1828 decimam
838 1757 959 1846 canapi
987 1757 1229 1827 tabernatores
1258 1757 1520 1833 cmetboneset
1539 1754 1808 1825 rnolendiuator.
1828 1810 1862 1823 ..

414 1882 637 1967 Dnnruuuuu,
664 1877 747 1947 uilla
774 1878 837 1949 sub
864 1878 1030 1967 parochia
1057 1877 1222 1948 ecclesiae
1250 1876 1293 1947 de
1320 1876 1518 1966 Rupella
1545 1876 1630 1964 sita,
1658 1877 1754 1945 cuius
1783 1896 1861 1965 pro-

313 2002 446 2091 prietas
475 1996 525 2069 ‘ad
555 1998 809 2069 serenissimum
839 1999 1013 2070 dominum
1040 2018 1156 2089 regem
1185 1998 1346 2087 pertinet.
1386 1996 1424 2067 In
1454 2018 1521 2087 qua
1548 2002 1602 2067 est
1628 2016 1715 2065 unus
1743 1995 1862 2065 laneus

312 2120 444 2191 babens
472 2125 582 2209 pratu,
610 2120 653 2189 ab
682 2120 772 2188 ourrri
802 2139 916 2206 censu,
944 2119 1065 2189 labore
1093 2125 1129 2189 et
1155 2119 1288 2189 tributo
1314 2116 1413 2206 liber,
1442 2118 1498 2207 qui
1519 2123 1687 2206 perpetua
1706 2116 1862 2186 donatio-

310 2260 353 2311 ne
380 2239 529 2311 donatus
555 2244 609 2309 est
635 2238 799 2308 ecclesiae
826 2238 1016 2328 parochiali
1043 2238 1086 2309 de
1112 2236 1327 2327 Rupella,
1354 2258 1416 2328 per
1450 2236 1732 2307 Heliaabeth
1768 2236 1859 2323 regi-

310 2382 389 2431 nam
416 2360 572 2430 relictam
599 2356 758 2430 Caroli
785 2358 984 2449 Hungariae
1012 2360 1114 2448 regin,
1142 2366 1287 2430 matrem
1307 2379 1389 2430 vero
1409 2357 1632 2429 Ludovici
1662 2356 1861 2444 Hungariae

310 2488 346 2551 et
373 2480 557 2569 Poloniae,
585 2487 621 2550 et
657 2499 811 2550 sororem
846 2500 1045 2569 germanam
1074 2478 1295 2551 Casimiri
1322 2477 1487 2549 Poloniae
1516 2499 1652 2567 regum,
1679 2478 1722 2547 ab
1750 2497 1791 2546 ea
1817 2477 1860 2546 ab

309 2602 401 2672 omni
428 2601 547 2671 labore
575 2606 612 2670 et
639 2621 742 2670 ornere
770 2600 952 2671 libertatus
980 2622 1069 2670 auno
1097 2599 1234 2670 Domini
1267 2600 1384 2687 13713
1412 2600 1469 2688 quui
1489 2599 1625 2688 quidem
1644 2598 1764 2669 laneus
1783 2603 1860 2667 erat

309 2728 409 2792 vetus
437 2720 617 2811 praedium
656 2720 715 2789 sed
753 2726 935 2809 arrgrrstum
973 2719 1138 2790 ecclesiae
1166 2720 1208 2790 de
1235 2719 1450 2809 Rupella,
1479 2725 1581 2789 tenue
1609 2719 1652 2790 ad
1680 2718 1860 2804 culturam,

310 2840 401 2931 quod
429 2840 641 2911 inonasterio
669 2839 703 2908 iu
732 2837 906 2908 Skalka
932 2838 1086 2926 fundato,
1113 2839 1265 2910 lacobus
1294 2840 1336 2909 de
1355 2838 1744 2929 Bogumilowicze
1772 2838 1861 2907 eius-

310 2957 385 3029 dem
416 2958 617 3031 monasterii
645 2958 741 3048 prior
768 2958 990 3049 provincialis
1019 2958 1266 3049 ampliaturus,
1295 2959 1401 3029 alium
1438 2960 1573 3030 laneum
1600 2957 1860 3044 cmethonalem,

309 3079 453 3170 antiquo
489 3080 589 3150 laneo
626 3079 821 3168 contiguum
859 3085 895 3148 et
931 3079 1098 3168 vicinum,
1135 3079 1327 3149 censualem
1364 3085 1478 3149 tamen
1515 3083 1551 3149 et
1581 3078 1741 3148 servilem
1769 3075 1859 3166 apud

308 3197 501 3270 Johanuem
529 3197 712 3268 Swinka
738 3198 953 3269 cmethonem
982 3218 1072 3268 anno
1100 3198 1239 3269 Domini
1263 3201 1359 3270 1474
1380 3200 1486 3270 salvis
1505 3198 1678 3287 oneribus
1697 3198 1859 3268 censibus

308 3324 345 3390 et
378 3318 520 3388 tributis
557 3317 680 3405 regiis,
717 3318 899 3387 accedente
937 3318 979 3387 ad
1016 3318 1051 3387 id
1088 3339 1256 3388 consensu
1285 3319 1425 3409 speciali
1462 3318 1681 3390 Gasimiri
1710 3317 1859 3387 Tertii

310 3436 475 3507 Poloniae
512 3436 622 3525 regis,
650 3454 713 3524 pro
751 3436 894 3524 triginta
930 3437 1055 3506 marcis
1084 3438 1273 3507 communis
1309 3440 1473 3528 pecuniae
1501 3440 1644 3527 coemit,
1671 3445 1707 3508 et
1734 3459 1859 3507 novum

306 3557 441 3627 laneum
471 3555 662 3646 praefatum
691 3556 872 3626 habentem
901 3557 1004 3626 etiam
1032 3563 1143 3647 prata,
1172 3560 1279 3629 veteri
1308 3560 1463 3650 iungens
1491 3559 1671 3650 praedium
1690 3560 1856 3649 optimum

309 3676 439 3766 effecit,
466 3676 727 3764 construxitque
764 3675 834 3746 illic
870 3678 998 3746 curiam
1028 3678 1256 3767 praedialem‚
1285 3682 1494 3751 monasterio
1523 3681 1565 3751 de
1593 3679 1789 3770 Rupella
1817 3700 1859 3749 ex

310 3797 569 3887 propinquitate
604 3796 670 3866 loci
709 3795 828 3866 utilem
858 3803 893 3866 et
920 3799 1169 3888 necessariam,
1197 3799 1231 3868 in
1260 3820 1328 3890 qua
1354 3807 1472 3873 servat
1498 3802 1646 3891 plurima
1673 3821 1798 3889 pecora
1826 3805 1861 3870 et

309 3923 467 3989 armenta
502 3916 546 3987 ad
582 3918 868 3987 sustentationem
904 3919 1105 3988 monasterii
1142 3924 1347 4009 opportuna.
1393 3922 1491 3993 Unus
1527 3928 1642 3991 autem
1679 3940 1721 3991 ex
1749 3919 1859 3990 laneis

307 4038 471 4131 praefatis
499 4039 586 4107 situs
614 4044 666 4107 est
694 4037 790 4107 iuxta
816 4037 952 4108 laneum
982 4038 1335 4132 Koaarzowsky‚
1353 4042 1443 4113 alter
1463 4063 1544 4112 vero
1563 4042 1660 4111 iuxta
1678 4040 1731 4111 Vi
1746 4041 1859 4111 siam

306 4164 342 4231 et
369 4180 528 4248 maguum
557 4158 677 4229 lacum.
706 4158 792 4228 ltem
820 4159 862 4228 dc
890 4157 1056 4248 praelatis
1084 4159 1217 4232 duobus
1245 4160 1354 4233 laneis
1381 4162 1415 4232 in
1444 4162 1712 4253 Dambnilcy,
1739 4161 1860 4232 taliter·

307 4280 517 4350 monasterio
546 4280 579 4349 in
608 4278 781 4348 Skalka
808 4278 1058 4369 incorporatis,
1086 4281 1190 4352 solvit
1217 4281 1418 4373 solvereque
1445 4290 1585 4354 tenetur
1614 4284 1859 4354 monasterium

245 4424 247 4431 ·
308 4398 470 4470 decimam
500 4398 747 4489 rnarripularem
775 4399 939 4470 ecclesiae
976 4399 1167 4490 parochiali
1195 4402 1238 4471 de
1264 4401 1521 4494 Drogynya.
1562 4404 1648 4475 ltem
1677 4404 1711 4473 in
1739 4404 1858 4473 eadem

308 4520 390 4590 villa
417 4518 685 4609 Dambnyky
712 4525 766 4589 est
793 4519 915 4590 hortus
943 4520 1106 4611 optimus,
1134 4521 1223 4592 liber
1251 4523 1294 4593 ab
1322 4524 1413 4593 omni
1443 4526 1611 4595 servitute
1630 4531 1666 4596 et
1685 4544 1799 4613 censu,
1817 4522 1859 4593 de

308 4662 375 4731 quo
403 4662 466 4731 pro
494 4661 607 4710 annuo
644 4660 747 4710 ceusu
785 4640 1011 4713 solvebantur
1046 4648 1199 4732 quatuor.
1223 4664 1378 4732 marcae3
1412 4645 1472 4715 sed
1500 4646 1637 4716 hortum
1667 4645 1860 4735 praelatum

308 4781 398 4832 nunc
425 4760 673 4831 monasterium
701 4759 793 4830 colit.

412 4880 654 4969 Sraanourm,
692 4880 854 4969 oppidum
891 4880 1115 4951 suburbinale
1151 4882 1268 4973 oppidi
1306 4882 1576 4974 Casimiriensis‚
1605 4886 1668 4955 sub
1697 4885 1860 4974 parochia

307 4998 465 5073 Omnium
494 4999 696 5071 Sanctorum
724 4999 759 5070 in
787 4997 1014 5072 Cracovia
1040 5001 1154 5093 situm,
1182 5005 1278 5075 cuius
1307 5006 1500 5095 proprietas
1527 5005 1571 5075 ad
1600 5006 1855 5076 serenissimum

307 5121 482 5194 dominum
509 5142 624 5211 regem
653 5120 818 5191 Poloniae
845 5122 1004 5211 pertinet.
1032 5122 1070 5193 ln
1101 5145 1168 5212 quo
1194 5123 1261 5195 fuit
1288 5126 1409 5196 hortus
1437 5127 1600 5197 notabilis
1627 5148 1669 5197 ex
1697 5126 1857 5214 opposito

308 5242 491 5332 hospitalis
518 5241 665 5313 Sanctae
692 5241 859 5332 lledvigis
888 5242 975 5314 situs
1003 5264 1066 5333 per
1092 5244 1300 5315 Stanislaum
1325 5246 1454 5318 dictum
1474 5246 1622 5336 Czaya
1649 5246 1858 5336 oppidanum

309 5364 352 5434 de
380 5362 649 5435 Stradomia
684 5363 848 5434 ccclesiae
885 5363 927 5434 de
955 5362 1153 5454 Rupella
1188 5366 1374 5438 donatione
1408 5375 1577 5458 perpetua
1603 5389 1693 5438 anno
1721 5367 1858 5437 Domini

313 5485 409 5555 1378
438 5485 605 5575 donatus;
632 5484 667 5555 in
694 5484 790 5554 cuius
819 5484 956 5574 quidem
985 5485 1078 5557 horti
1106 5487 1229 5576 spatio,
1251 5488 1417 5578 temporis
1437 5509 1608 5578 processu,
1628 5488 1670 5559 de
1690 5509 1859 5559 consensu

308 5612 481 5677 rectorum
511 5605 677 5676 ecclcsiae
704 5603 746 5675 de
774 5604 981 5696 Rupella,
1009 5606 1143 5678 locatae
1169 5614 1251 5677 sunt
1273 5614 1404 5698 septem
1423 5608 1555 5699 domus,
1572 5609 1741 5681 babentes
1760 5629 1859 5679 areas

308 5728 417 5799 bonas
453 5726 518 5797 sibi
555 5726 701 5797 invicem
738 5726 936 5817 contiguam,
973 5726 1036 5797 sub
1065 5747 1181 5799 annua
1206 5728 1371 5818 pensione
1398 5730 1563 5803 ecclesiae
1589 5729 1632 5801 de
1660 5729 1860 5821 Rupella

299 5854 475 5941 „perpetuo
503 5845 675 5917 solvenda
703 5846 821 5918 Prima
839 5846 960 5918 domus
980 5847 1238 5920 Bartlrolomaei
1256 5848 1285 5919 Z
1292 5851 1487 5942 ywczak‚
1515 5851 1548 5921 in
1568 5851 1711 5922 sinistra
1728 5850 1860 5922 liabens

309 5971 446 6042 domum
474 5967 572 6039 Pauli
601 5967 748 6039 sartoris
776 5968 862 6038 alias
889 5966 1079 6058 Papinlr,
1107 5990 1195 6058 quae
1220 5970 1327 6043 solvit
1353 5972 1564 6042 monasterio
1583 5993 1646 6061 pro
1666 5992 1771 6043 censu
1790 5992 1858 6041 me-

309 6091 401 6161 diam
439 6109 656 6179 sexagenum.
692 6088 850 6160 Secunda
878 6086 999 6159 domus
1027 6094 1081 6159 est
1108 6088 1270 6163 Andreae
1296 6090 1405 6183 Fax,
1434 6092 1525 6181 apud
1554 6093 1706 6163 Blasium
1735 6099 1861 6182 empta,

249 6232 397 6303 ·quae
424 6210 529 6281 solvit
555 6210 765 6280 monasterio
793 6206 939 6279 mediam
967 6229 1183 6299 sexagenam.
1217 6208 1304 6281 item
1331 6212 1439 6283 tertia
1465 6212 1586 6284 domus
1614 6220 1668 6283 est
1695 6212 1861 6283 Stauislai

311 6330 540 6421 capellan,
569 6351 656 6420 quae
693 6328 796 6400 solvit
823 6330 1034 6400 monasterio
1063 6329 1180 6400 decem
1206 6348 1355 6419 grossus.
1391 6332 1478 6403 Item
1506 6340 1631 6423 quarta
1657 6332 1779 6404 domus
1806 6338 1861 6403 est
