4217 8059
295 1466 343 1535 26

295 1674 338 1744 de
366 1672 491 1761 quibus
527 1670 684 1739 omnibus
720 1668 868 1739 solvitur
902 1676 939 1737 ct
965 1667 1169 1737 conducitur
1197 1668 1329 1737 decima
1357 1667 1582 1756 manipularis
1607 1675 1644 1739 ct
1669 1668 1846 1757 canapalis

295 1792 505 1864 monasterio
532 1788 802 1880 lllyeeboviensi,
829 1796 865 1859 et
892 1788 989 1857 valor
1016 1788 1091 1860 eius
1118 1788 1323 1858 aestimatur
1350 1788 1395 1857 ad
1423 1797 1571 1877 quatuor
1598 1808 1742 1859 marcas.

399 1912 738 1999 Kazrzasowreza‚
776 1910 858 1979 villa
893 1910 1025 1979 habens
1062 1910 1294 1998 parochialem
1331 1909 1510 1979 ecclesiam
1546 1910 1581 1979 in
1618 1930 1672 1998 se,
1699 1908 1847 1981 Sanctae

299 2035 434 2105 Mariae
470 2040 505 2104 et
541 2031 708 2103 Omnibus
744 2032 880 2103 Sanctis
915 2030 1084 2119 dicatam,
1112 2032 1209 2101 euius
1236 2032 1360 2101 haeres
1387 2031 1776 2123 Crziszanowshy
1801 2031 1847 2104 de

300 2156 409 2227 armis¹
432 2154 644 2233 Dambuo.
671 2154 711 2223 ln
739 2174 806 2242 qua
834 2159 915 2223 sunt
942 2153 1032 2222 lanei
1061 2153 1314 2239 cnmtlronales,
1341 2152 1420 2221 item
1449 2153 1594 2223 taberna
1620 2174 1690 2223 uua
1716 2153 1847 2224 habeus

296 2298 409 2366 agros,
436 2277 478 2346 cle
506 2275 632 2365 quibus
660 2275 817 2345 erunibus
846 2275 993 2344 solvitur
1020 2282 1055 2344 et
1073 2274 1278 2344 conducitur
1296 2274 1430 2343 decima
1448 2274 1673 2362 manipularis
1690 2280 1727 2345 et
1744 2295 1846 2345 caua-

295 2398 382 2488 palis
410 2418 473 2487 pro
501 2396 712 2465 monasterio
740 2394 1010 2485 blyeclmviensi,
1038 2402 1075 2464 et
1102 2394 1200 2463 ralor
1224 2394 1299 2463 eius
1318 2394 1523 2464 aestimatur
1542 2394 1584 2464 ad
1605 2400 1738 2483 septem
1756 2415 1847 2465 mar-

211 2538 216 2546 ·
296 2540 364 2590 eas.
387 2518 491 2589 -Item
531 2515 579 2588 ibi
615 2537 721 2587 unum
757 2516 934 2606 praedium
964 2516 1132 2604 militare,
1161 2536 1231 2585 nna
1256 2516 1422 2603 taberna,
1450 2520 1486 2585 et
1512 2515 1600 2585 drrae
1627 2515 1847 2586 hortulaniae

295 2641 464 2711 habentes
491 2659 605 2727 agros,
632 2640 675 2710 de
704 2638 828 2728 quibus
855 2637 1047 2707 decimatur
1070 2637 1236 2707 ecelesiae
1256 2636 1446 2725 parochiali
1463 2635 1623 2707 Omnium
1642 2638 1848 2709 Sanctorum

297 2762 333 2831 in
361 2760 773 2839 Grziszauowiczc.

396 2881 595 2953 Notandum
623 2886 738 2951 autem
766 2888 801 2950 et
829 2901 892 2969 pro
921 2880 1087 2949 memoria
1112 2878 1307 2949 futurorum
1335 2887 1389 2949 est
1407 2878 1636 2967 scribendum,
1655 2878 1747 2968 quod
1765 2879 1847 2950 reli-

296 3003 355 3092 gio
394 3002 490 3073 Sacri
526 3000 705 3090 Sepulchri
742 3000 913 3071 Dominici
951 2999 1267 3091 Hyerosolimitani,
1295 3000 1359 3071 sub
1385 2999 1507 3088 regula
1533 3000 1633 3071 Beati
1661 3000 1849 3091 Augustini

299 3124 463 3211 militans,
489 3123 642 3193 habebat
667 3120 790 3211 priscis
818 3121 1031 3210 temporibus
1060 3121 1215 3191 habitum
1243 3142 1265 3191 a
1292 3121 1457 3207 moderno
1484 3121 1607 3192 habitu
1633 3121 1735 3193 valde
1752 3121 1847 3193 elon·

294 3253 414 3333 gutum
453 3250 489 3315 et
524 3224 718 3331 diversum,
754 3243 917 3312 humilem
954 3250 990 3311 et
1025 3241 1394 3331 1·eligiosum‚singuli
1429 3242 1521 3312 enim
1547 3241 1674 3312 iratres
1701 3241 1847 3331 professi

217 3362 223 3371 ’
295 3364 426 3435 ordinis
454 3363 630 3453 praedicti,
658 3361 864 3435 incedebant
891 3362 1049 3432 adinstar
1067 3361 1216 3433 fratrum
1234 3362 1366 3433 ordinis
1384 3362 1503 3433 Sancti
1523 3362 1713 3451 Benedicti,
1730 3363 1849 3435 tunica

295 3487 405 3574 nigra,
432 3485 567 3557 duabus
594 3484 753 3555 cruribus
781 3483 898 3553 rubeis
926 3484 1073 3572 signata,
1093 3504 1203 3573 cappo
1220 3484 1505 3574 superimposita:
1534 3484 1736 3574 patriarcha
1752 3486 1845 3571 ordi·

295 3608 349 3677 nis
384 3605 531 3695 praelati
569 3604 906 3695 Hyerosolimitanus
939 3612 975 3675 et
1002 3605 1037 3674 in
1065 3604 1391 3695 Hyerosolima
1427 3606 1558 3676 habens
1587 3606 1721 3697 sedem,
1747 3612 1785 3677 ct
1812 3607 1848 3676 iu

298 3728 331 3799 H
342 3726 628 3819 yerosolima
654 3726 822 3816 residens,
850 3727 884 3795 in
913 3726 991 3797 albo
1019 3726 1140 3797 habitu
1168 3726 1359 3816 incedebat,
1386 3726 1520 3799 cluebus
1546 3729 1662 3799 aureis
1688 3729 1848 3801 crucibus
1936 3752 1945 3765 ⁸

294 3851 440 3939 signam,
467 3855 503 3920 et
530 3849 775 3920 monasterium
804 3846 1071 3938 Myechoriense
1097 3853 1174 3918 erat
1201 3847 1253 3917 illi
1279 3849 1478 3921 immediate
1504 3850 1707 3939 subiectum,
1734 3849 1848 3922 solra·

296 3972 425 4059 batque
464 3969 684 4059 patriarchae
719 3968 877 4057 praelato
913 3968 1230 4059 Hyerosolimitauo
1266 3970 1366 4041 atritis
1402 3969 1547 4059 singulis
1582 3990 1645 4059 pro
1672 3970 1849 4061 pensione,

296 4090 478 4179 sexaginta
511 4090 680 4177 florenos;
714 4110 804 4159 nunc
840 4110 921 4159 vero
957 4090 1158 4177 patriarcha
1192 4090 1326 4161 ordinis
1361 4089 1508 4181 praefati
1544 4090 1710 4163 Romae
1741 4092 1848 4163 habet

296 4210 431 4299 sedem,
458 4216 494 4281 et
529 4230 566 4281 se
602 4210 824 4307 nihilominus
852 4210 1087 4299 patriarcham
1114 4209 1468 4301 Hyerosolimitanum
1495 4212 1637 4300 scribit,
1664 4212 1784 4284 titulat
1810 4220 1847 4284 et

294 4333 459 4421 nominat,
485 4336 616 4421 tenura,
644 4338 747 4421 atque
775 4333 881 4403 statui
909 4352 971 4425 suo
1000 4352 1120 4421 parum
1148 4332 1271 4421 dignos
1299 4332 1430 4419 habens
1449 4340 1649 4423 proventus
1667 4354 1731 4405 nec
1748 4334 1844 4405 illum

296 4455 514 4543 praepositus
541 4460 578 4525 et
604 4455 851 4525 monasterium
879 4452 1149 4551 Myechorionsc
1175 4454 1293 4543 aliqua
1319 4454 1493 4543 pensione,
1512 4463 1574 4526 aut
1590 4455 1709 4545 aliqua
1726 4477 1774 4545 re,
1792 4455 1858 4527 vel·

297 4575 513 4665 ohedientia,
551 4582 612 4647 aut
647 4575 878 4665 subiectione,
904 4576 1140 4665 patriarcham
1177 4596 1276 4646 suum
1312 4585 1349 4647 et
1376 4578 1429 4647 sui
1456 4577 1607 4666 ordinis,
1634 4575 1753 4649 multis
1780 4578 1849 4649 iam

122 4748 126 4755 .
170 4734 195 4783 ·.
294 4696 393 4766 annis
420 4695 617 4782 transactis
644 4700 905 4781 recognoscunt.
933 4693 1141 4783 Asseritque
1168 4697 1388 4784 praepositus
1414 4695 1702 4787 blyecbom'ensia,
1724 4697 1784 4787 qui
1802 4699 1847 4769 ab

78 4881 82 4904 ,
154 4800 179 4889 s
296 4816 471 4885 ordinario
499 4815 719 4897 Grae-,oriensi
748 4815 954 4905 instituitur,
981 4814 1025 4888 ad
1053 4818 1368 4905 praesentationem
1396 4815 1432 4888 et
1459 4818 1663 4889 electionem
1689 4819 1848 4907 fratrum,

296 4942 331 5006 et
358 4936 469 5006 eredit
496 4936 762 5025 patriarchalem
791 4937 882 5027 apud
911 4959 947 5007 sc
975 4936 1164 5009 consistere
1190 4938 1401 5009 facultatem.

556 5198 820 5302 Privllapiurn
855 5221 932 5304 pro
968 5203 1228 5283 monastario
1262 5200 1596 5307 Myocboviaual.

399 5420 437 5489 ln
468 5421 602 5489 rromine
630 5422 774 5491 Sanctae
802 5417 1072 5497 et'Jueividuae
1100 5421 1293 5511 Trinitatis,
1320 5422 1436 5495 Patris
1463 5429 1499 5495 et
1524 5424 1606 5495 Filii
1633 5434 1670 5497 et
1696 5423 1849 5515 Spiritus

297 5541 414 5612 Sancti
432 5542 553 5611 Amen.
583 5542 807 5615 hlonacbus
834 5544 898 5613 Dei
916 5544 1030 5633 gratia
1056 5544 1204 5617 Sanctae
1231 5544 1510 5618 Resurrectionis
1536 5544 1713 5619 Ecclesiae
1739 5546 1851 5637 patri-

296 5663 418 5745 archa,
446 5670 618 5734 ettotam
655 5664 808 5735 eiusdem
837 5664 1014 5735 Ecclesiae
1043 5665 1232 5753 capitulum
1260 5667 1430 5739 universis
1458 5666 1746 5758 archiepiscopis,
1772 5668 1846 5759 epi·

296 5786 418 5873 scopia,
447 5785 641 5874 abbatibus,
668 5785 878 5875 praepositis
906 5793 942 5857 et
969 5786 1115 5857 caeteris
1135 5785 1356 5859 eeclesiarum
1373 5788 1551 5878 praelatis,
1569 5789 1849 5879 ducibus„comi·

294 5906 405 5991 tinus,
433 5906 641 5995 baronibus,
668 5907 852 5996 militibus,
878 5912 915 5977 et
941 5909 1088 5978 caeteris
1123 5908 1270 5979 Sanctae
1297 5908 1425 5981 blattis
1451 5909 1627 5981 Ecclesiae
1655 5910 1756 5999 liliis,
1783 5932 1847 6000 per

295 6026 455 6097 ducatum
487 6026 650 6097 Poloniae
678 6026 885 6116 constitutis,
913 6034 949 6098 et
976 6029 1009 6097 iu
1039 6036 1214 6117 posterum
1243 6031 1505 6119 ermstituendia
1531 6032 1576 6103 ad
1594 6052 1740 6122 qnorum
1758 6032 1851 6103 noti·

296 6147 379 6215 tiam
408 6148 605 6234 praesentia
633 6149 763 6237 scripta
790 6152 1023 6239 pervenerint,
1052 6151 1197 6222 salutem
1221 6157 1258 6224 et
1276 6152 1544 6241 patriarchalem
1562 6152 1850 6235 benedictionem,

296 6264 379 6335 Cum
417 6266 531 6337 labilis
568 6270 614 6339 sit
642 6270 806 6341 menmria
833 6271 1027 6361 bominum,
1056 6272 1111 6345 cui
1138 6294 1206 6343 uon
1234 6272 1445 6363 suffragatur
1473 6275 1689 6365 perpetuitas
1715 6275 1850 6347 littera-

296 6408 382 6476 rum,
412 6387 629 6462 universitati
657 6397 795 6463 restrae
822 6394 1064 6484 praesentibus
1091 6390 1218 6467 litteris
1245 6394 1449 6467 innotescat.
1476 6395 1575 6485 Quod
1593 6418 1670 6469 cum
1689 6396 1850 6469 dominus
