4217 8059
324 1467 414 1573 eas

324 1692 389 1762 eos
415 1670 637 1755 falcasmato,
664 1686 769 1755 quam
803 1685 848 1736 ex
870 1662 962 1733 aliis
1000 1660 1136 1732 duobus
1172 1658 1367 1748 sumptibus
1393 1656 1599 1727 monasterii
1623 1653 1878 1744 falcastraudis,

325 1789 428 1862 foena
453 1788 609 1880 propriis
641 1783 802 1858 curribus
838 1782 881 1853 ad
910 1781 1073 1852 horreum
1100 1777 1302 1850 monasterii
1328 1776 1491 1847 inducere
1516 1779 1691 1869 tenentur.
1726 1773 1816 1851 Item
1835 1773 1878 1846 >in

324 1909 446 1982 eodem
473 1907 617 1999 praedio
644 1909 700 1978 est
725 1923 796 1975 nna
822 1901 996 2005 piscinula
1016 1920 1137 1990 parva,
1165 1898 1259 1971 dicta
1284 1893 1529 1985 ccbedzewke,
1554 1894 1599 1966 ad
1626 1880 1901 1982 monasterinm,

325 2029 512 2120 pertinens.
611 2100 615 2105 ,
698 2092 704 2099 .
1696 2100 1699 2105 ,

431 2146 555 2232 Horti.
598 2146 687 2218 Item
723 2145 759 2216 in
785 2143 907 2216 eadem
933 2140 1017 2212 villa
1043 2138 1319 2213 Growodrza
1355 2141 1435 2209 snnt
1461 2135 1579 2208 decem
1605 2143 1643 2209 et
1669 2136 1878 2240 odoberti,

329 2270 374 2341 ad
392 2267 639 2343 monasterinm
666 2264 850 2356 hospitalis
870 2244 1023 2334 Sanctae
1041 2260 1162 2332 Crucis
1189 2261 1422 2349 pertinentes,
1448 2258 1509 2348 qni
1525 2257 1624 2328 iuxta
1649 2257 1879 2348 quantitatem

326 2410 468 2463 suornm
495 2388 706 2479 spatiorum,
741 2391 803 2456 ant
830 2382 997 2471 maiores,
1031 2387 1093 2453 ant
1117 2360 1356 2452 'restrictiores
1392 2399 1516 2450 census
1552 2398 1617 2469 pro
1643 2377 1733 2477 festo
1759 2377 1878 2449 Sancti

328 2508 474 2580 Martini
505 2507 664 2598 solvunt,
695 2511 733 2577 et
758 2510 879 2576 tenent
913 2503 991 2574 illos
1022 2502 1221 2574 cmethones
1253 2500 1296 2571 de
1315 2498 1590 2572 Crowodrza
1612 2497 1731 2574 laneis
1758 2519 1879 2572 eornm

326 2629 525 2700 adiacentes
560 2633 598 2698 et
623 2626 834 2719 assignatos,
870 2629 906 2694 et
932 2623 1062 2713 primo:
1097 2621 1263 2693 Nicolans
1297 2619 1577 2693 Stawownik
1603 2618 1751 2691 mediam
1778 2641 1877 2691 sexa-

330 2769 454 2840 geuam
493 2747 607 2820 solvit
658 2744 1046 2834 ltemSczepanek
1093 2763 1197 2814 nuum
1242 2741 1422 2813 fertonem.
1478 2740 1567 2813 Item
1602 2739 1739 2812 Sledz
1774 2761 1879 2812 unam
1939 2737 1947 2748 ‘

329 2889 489 2940 marcam.
528 2868 617 2940 Item
635 2866 767 2939 Bartek
785 2864 1076 2957 Woytowycz
1099 2868 1173 2935 tres
1190 2861 1353 2934 fertones
1392 2860 1737 2943 ItemLatossek
1755 2883 1879 2934 novem

328 2993 468 3060 scottos.
516 2987 604 3059 Item
639 2985 856 3078 Dzadyek
891 3004 1052 3057 marcam.
1091 2983 1180 3055 Item
1216 2983 1350 3078 Bartek
1385 2979 1686 3073 Wangredyn
1719 3003 1879 3055 marcam.
1984 3072 1990 3076 ,

276 3149 282 3159 ι
329 3109 416 3180 Item
442 3107 589 3180 Maczelr
622 3104 920 3199 Wangrodyn
947 3125 1109 3176 marcam.
1147 3105 1237 3176 Item
1264 3102 1334 3176 Jan
1369 3102 1751 3195 Pyal-kaIertonem.
1790 3102 1879 3176 Item

327 3227 565 3301 Sledzowa
590 3247 750 3316 marcam.
786 3227 873 3314 Item
892 3224 1067 3316 Grzegorz
1086 3245 1246 3296 marcam.
1281 3225 1370 3295 Item
1388 3224 1578 3296 advocatus
1596 3245 1756 3303 marcam.
1791 3224 1879 3297 Item
1958 3293 1963 3300 ,

327 3348 480 3420 Baran
516 3347 663 3420 mediam
698 3367 860 3420 marcam.
903 3346 991 3417 Item
1017 3345 1040 3417 J
1050 3366 1262 3418 ancnowa
1289 3350 1439 3437 quatuor
1464 3365 1615 3437 grossos.
1659 3345 1747 3419 Item
1773 3343 1802 3415 P
1809 3367 1880 3437 yn

328 3468 436 3540 trel<
462 3467 692 3539 Komarei
719 3487 936 3557 sexagenam.
962 3467 1051 3539 Item
1077 3465 1294 3537 Haonnsz
1325 3473 1399 3540 tres
1415 3464 1579 3538 fertones.
1618 3467 1707 3538 Item
1735 3465 1880 3538 Kacbna
1957 3494 1960 3502 ⁴

332 3587 673 3678 Pyenczorowa
698 3608 859 3670 marcam.
886 3588 972 3659 Item
990 3587 1143 3659 Passzek
1171 3587 1399 3678 Balinsky
1427 3588 1685 3678 dnasmarcas,
1712 3589 1757 3660 ab
1775 3587 1879 3660 horto

333 3708 401 3781 sito
429 3713 530 3780 euna
554 3713 691 3799 portam
719 3713 895 3799 sutorum,
921 3728 964 3780 ex
991 3709 1150 3800 opposito
1175 3708 1364 3781 molendini
1390 3708 1527 3781 ibidem.

432 3828 635 3919 Pacem,
658 3829 746 3900 'villa
771 3830 836 3903 snb
853 3829 1020 3921 parochia
1045 3829 1212 3902 ecclesiae
1240 3829 1448 3920 parochialis
1475 3829 1659 3920 hospitalis
1685 3830 1729 3902 de
1755 3829 1881 3902 Sancta

328 3949 439 4022 Grnce
473 3949 510 4021 in
545 3948 774 4022 Gracovia
810 3950 896 4040 sita,
940 3950 1048 4022 cuins.
1073 3951 1270 4041 proprietas
1306 3958 1342 4023 et
1377 3948 1566 4024 dominium
1601 3951 1645 4022 ad
1681 3951 1880 4043 episcopum

291 4059 592 4144 'cracoviensem
618 4071 780 4162 pertiuet.
827 4071 869 4142 In
896 4092 965 4163 qna
989 4072 1240 4157 monasterinm
1267 4072 1450 4163 hospitalis
1478 4072 1521 4144 de
1539 4070 1667 4144 Sancta
1692 4070 1813 4163 Crnce,
1838 4094 1881 4144 ex

230 4204 240 4220 ⁸
328 4191 516 4264 donatione
543 4190 751 4283 episcopali,
777 4198 875 4265 tenet
900 4197 936 4264 et
961 4191 1068 4266 habet
1094 4193 1165 4265 tria
1190 4193 1388 4265 molendina
1414 4194 1450 4264 in
1476 4193 1615 4278 flumine
1640 4191 1880 4272 Pranduik

328 4311 468 4385 situata.

431 4433 585 4531 PrImpm
611 4434 846 4507 molendinum
881 4434 1084 4507 monasterii
1120 4435 1303 4526 hospitalis
1329 4435 1477 4521 Sanctae
1505 4436 1626 4509 Crucis
1647 4435 1697 4508 ad
1723 4437 1880 4529 proprie-

327 4548 438 4627 tatem
473 4556 676 4628 monasterii
712 4557 908 4649 pertinent,
951 4556 1083 4629 habens
1119 4577 1223 4648 agros
1260 4557 1434 4648 specIales'
1460 4563 1498 4630 et
1532 4563 1651 4649 prata,
1688 4558 1780 4649 quod
1815 4580 1879 4651 pro

327 4696 444 4748 annua
469 4677 636 4766 pensione
662 4697 725 4768 per
741 4677 987 4768 *praepositum
1014 4682 1051 4748 et
1069 4684 1274 4759 conventum
1306 4679 1508 4751 monasterii
1534 4679 1757 4769 arendatnm,
1784 4685 1879 4754 tenet

327 4795 561 4868 haereditarie
580 4796 788 4889 Gyerztn,
799 4818 895 4882 man
915 4798 1033 4870 consul
1052 4796 1309 4888 Gracovieusis,
1338 4799 1381 4871 de
1398 4821 1467 4891 qno
1486 4807 1629 4873 censuat
1646 4800 1798 4873 annatim
1817 4822 1880 4892 pro
1947 4786 1950 4790 ⁵

327 4917 539 4988 monasterio
566 4916 712 5016 Sanctae
740 4916 860 4990 Crucis
887 4925 1037 5008 quatuor
1064 4939 1198 4991 marcas
1224 4917 1292 4992 tusi
1319 4928 1356 4992 et
1381 4921 1461 5012 pnri
1488 4921 1643 5012 argenti,
1672 4927 1734 4993 ant
1759 4941 1879 4993 earum

328 5037 503 5126 valorem;
529 5058 593 5128 pre
621 5036 710 5109 festo
737 5059 806 5109 nno
825 5037 940 5110 Sancti
959 5038 1104 5111 Martini
1131 5047 1272 5114 tenetur
1298 5042 1433 5116 solvere
1446 5043 1547 5121 ‚duas
1574 5063 1708 5116 marcas
1734 5044 1881 5134 argenti,

327 5179 391 5249 pro
418 5158 506 5230 festo
534 5166 649 5231 autem
678 5159 795 5233 Sancti
822 5160 977 5233 Floriani
1004 5161 1090 5232 alias
1118 5162 1204 5235 duas
1231 5142 1375 5249 §aas
1415 5164 1502 5237 Item
1530 5165 1723 5256 praefatum
1750 5164 1879 5264 molen·

326 5277 445 5351 diuum
471 5280 609 5352 eteius
636 5300 832 5372 possessor,
868 5287 1007 5354 tenetur
1028 5283 1157 5358 ,omnia
1183 5283 1356 5356 lrnmenta
1390 5292 1428 5357 et
1454 5287 1570 5357 omnia
1594 5300 1705 5378 grana
1731 5284 1880 5377 praelati

269 5394 277 5416 '
328 5399 532 5473 monasterii
567 5400 749 5492 hospitalis
781 5399 928 5475 Sanctae
954 5400 1075 5475 Crucis
1104 5405 1253 5496 molere,
1289 5413 1325 5478 et
1351 5407 1489 5480 nonnisi
1524 5407 1671 5480 mediam
1697 5412 1881 5480 metretam

326 5521 480 5612 recipere
507 5542 571 5613 pro
598 5543 717 5594 eorum
744 5523 931 5596 molitione.

429 5640 625 5715 Secundum
643 5643 876 5717 molendinum
902 5645 938 5717 iu
956 5645 1095 5718 flumine
1114 5646 1239 5719 Prad
1250 5648 1328 5721 nik
1355 5650 1540 5739 situatum,
1567 5650 1664 5722 errius
1682 5648 1880 5741 proprietas

175 5854 178 5859 ¹
328 5768 364 5834 et
382 5763 571 5870 dominium
597 5765 642 5837 ad
659 5768 907 5843 monasterinm
935 5767 1084 5852 Sanctae
1102 5768 1223 5841 Crucis
1250 5773 1417 5862 pertinet,
1443 5773 1576 5854 babens
1593 5790 1697 5863 agros
1715 5778 1752 5843 et
1769 5779 1881 5863 prata,

331 5885 424 5974 qnod
450 5906 542 5957 nnnc
567 5891 665 5964 tenet
689 5886 843 5962 Iacobus
869 5888 1045 5979 Kopacz
1072 5890 1108 5959 iu
1135 5891 1266 5963 arendo
1291 5892 1544 5982 haereditaria,
1571 5892 1614 5965 de
1641 5914 1709 5984 quo
1735 5893 1882 5984 siugulis

326 6006 426 6076 annis
462 6011 603 6079 tenetur
639 6008 776 6079 solvere
801 6010 1012 6081 monasterio
1039 6010 1222 6102 bospitaIIs
1257 6012 1405 6085 Sanctae
1441 6012 1562 6086 Crucis
1589 6014 1626 6085 iu
1652 6013 1882 6087 Oracevia

325 6145 389 6215 pro
416 6147 522 6199 censu
556 6149 683 6222 annno,
703 6134 852 6221 quatuor
877 6150 1031 6223 marcas,
1072 6154 1135 6224 pro
1171 6134 1383 6224 quibuslibet
1418 6135 1581 6208 videlieet
1615 6141 1765 6227 quatuor
1791 6141 1880 6208 tem-

328 6247 471 6335 poribus
516 6270 681 6322 marcam.
729 6250 817 6323 Item
858 6252 1058 6342 praelatum
1098 6254 1285 6329 secuudum
1319 6255 1554 6330 molendinum
1589 6263 1729 6330 tenetur
1763 6256 1882 6328 omnia
