4217 8059
1766 1496 1838 1571 173

291 1699 501 1788 appropriat,
529 1699 727 1789 privilegiat
753 1704 789 1770 et
814 1700 991 1787 inscribit;
1019 1699 1192 1789 ordinans,
1219 1701 1358 1789 patroni
1375 1699 1521 1789 praelati
1539 1699 1709 1771 Iohannis
1726 1702 1837 1793 Rap-

290 1819 477 1909 stinslry
512 1839 680 1891 consensu
715 1820 857 1909 speciali
892 1818 1170 1911 accedente‚·ut
1196 1822 1375 1892 vacatione
1402 1821 1593 1910 praepositi
1620 1806 1833 1913 occurrente,

289 1939 418 2010 fratres
453 1948 516 2010 aut
550 1961 592 2010 ex
620 1960 656 2009 so
684 1941 807 2010 autin
835 1937 1005 2011 defectum
1032 1940 1167 2029 idonei,
1195 1941 1430 2030 praepositum
1457 1961 1499 2011 ex
1525 1940 1692 2012 fratribus
1718 1963 1837 2013 mona-

292 2061 390 2130 sterii
419 2058 583 2149 Corporis
618 2059 750 2130 Christi
786 2060 820 2129 in
856 2057 1039 2131 CasImirIa
1065 2061 1213 2150 eligant,
1240 2067 1275 2130 et
1301 2060 1467 2132 fratribus
1494 2061 1657 2150 praelatis
1684 2062 1838 2151 corporis

292 2180 422 2251 Christi
450 2182 484 2251 in
513 2180 764 2251 Casimiria
790 2201 827 2251 se
853 2181 889 2250 in
915 2180 1056 2270 habitu,
1084 2181 1153 2251 ritu
1187 2188 1223 2252 et
1250 2182 1485 2270 caerimoniis,
1512 2183 1727 2272 caeterisque
1754 2202 1835 2253 con-

293 2299 541 2390 suetudinibus,
559 2301 725 2372 ecclesiae
744 2321 826 2372 vero
845 2300 1067 2373 Cracovieusi
1086 2301 1122 2370 in
1148 2301 1288 2371 rubrica
1315 2321 1352 2371 se
1380 2303 1415 2371 in
1441 2302 1599 2372 omnibus
1616 2301 1837 2376 conforment.

290 2420 447 2512 Eratque
481 2421 684 2491 monasterii
719 2420 867 2511 praefati
902 2422 938 2491 in
965 2419 1203 2512 Grasznyk
1230 2422 1415 2509 primarius
1442 2422 1659 2511 praepositus
1686 2429 1722 2492 et
1747 2422 1836 2512 lapis

289 2540 467 2612 Iohannes
493 2541 536 2611 de
563 2536 798 2631 Bey'thom,
824 2541 934 2613 frater
961 2541 1092 2612 ordinis
1119 2546 1155 2612 et
1183 2542 1380 2612 monasterii
1409 2541 1568 2630 praelati,
1587 2542 1645 2631 qui
1664 2562 1739 2612 curn
1759 2542 1836 2613 aliis

289 2660 456 2732 iratribus
483 2682 525 2731 ex
552 2662 762 2733 monasterio
789 2660 954 2752 Corporis
980 2660 1110 2734 Christi
1138 2662 1180 2732 de
1207 2659 1458 2733 Gasimiria
1486 2662 1520 2731 in
1539 2661 1748 2733 adiutorium
1768 2661 1833 2733 sibi

290 2801 353 2870 per
378 2780 522 2852 fratrem
548 2780 766 2853 Iacobum
793 2783 1028 2872 praepositum
1055 2781 1220 2870 Corporis
1238 2781 1369 2852 Christi
1388 2781 1489 2872 datis,
1507 2782 1638 2871 primus
1664 2787 1837 2854 monaste·

288 2903 379 2971 rium
397 2902 433 2971 in
451 2899 688 2991 Crasanyk
714 2901 814 2972 anule
831 2902 988 2991 pluribus
1007 2903 1109 2991 rexit,
1127 2909 1164 2971 et
1181 2900 1313 2972 utiliter
1330 2902 1546 2991 gubernavit.
1573 2899 1680 2972 Cuius
1698 2900 1836 2990 quidem

290 3022 371 3091 novi
397 3022 597 3092 monasterii
625 3022 661 3091 in
688 3019 929 3110 Crasznilr,
956 3043 999 3092 ne
1027 3023 1232 3111 ignorentur
1257 3027 1455 3112 proventus,
1483 3028 1588 3092 etue
1616 3042 1637 3091 a
1664 3041 1833 3110 quoquam

289 3142 324 3210 in
351 3147 530 3231 posterum
557 3143 693 3231 possint
719 3141 906 3232 supprimi,
932 3139 1134 3213 scribendos
1161 3141 1337 3231 duximus,
1364 3148 1400 3211 et
1427 3123 1653 3212 describimus
1680 3141 1716 3211 in
1745 3141 1835 3212 hunc

290 3261 438 3332 modum.

665 3594 705 3670 ln
738 3592 1081 3673 archidiaconatu
1113 3593 1463 3673 lewichostenei.

334 3890 343 3901 ·
392 3861 599 3952 Cunszuru,
627 3864 788 3953 oppidum
816 3864 948 3935 hahens
975 3864 1011 3934 in
1037 3883 1076 3935 se
1102 3864 1334 3954 parochialem
1361 3863 1558 3952 ecclesiam,
1587 3865 1683 3932 cuius
1710 3862 1835 3935 chorus

290 3990 326 4054 et
360 3985 521 4056 sacristia
554 3983 724 4054 fabricata
759 3991 841 4055 sunt
875 4004 939 4074 per
968 3982 1413 4074 JohannemGalinsky
1440 3983 1611 4055 dedomo
1638 3983 1834 4073 Bippeu-

289 4106 416 4194 nium,
443 4111 526 4177 tunc
552 4105 627 4176 eius
653 4104 910 4195 plebanum‚··et
936 4124 976 4176 co
1000 4111 1141 4176 ¹mortuo
1167 4105 1339 4199 translata
1363 4109 1419 4175 est
1446 4104 1480 4173 in
1500 4104 1680 4175 ecclesiam
1698 4103 1834 4194 regula-

289 4246 371 4314 rem,
398 4232 435 4297 et
460 4226 641 4297 habitatur
667 4231 772 4315 atque
801 4225 1065 4297 admimstratur
1091 4246 1112 4295 a
1137 4225 1254 4314 priore
1282 4230 1317 4295 ct
1334 4230 1412 4296 octo
1431 4223 1598 4296 fratribus
1616 4222 1834 4314 regularibus
1972 4303 1976 4313 Ι

290 4345 391 4416 Beati
419 4345 616 4436 Augustini,
644 4348 741 4418 cuius
768 4346 965 4436 proprietas
992 4352 1028 4416 et
1053 4345 1242 4416 dominium
1269 4343 1313 4415 ad
1338 4342 1533 4416 Johannem
1559 4342 1889 4441 Myelsthin-„m

290 4466 373 4557 shy
408 4468 558 4538 nobilem
595 4468 638 4539 de
674 4467 775 4538 domo
811 4471 847 4537 et
880 4465 1011 4537 familia
1047 4465 1355 4555 Bippenninm
1389 4465 1549 4554 pertinet.
1589 4464 1630 4535 In
1659 4486 1726 4555 quo
1753 4464 1834 4536 sunt
1880 4458 1884 4467 '

290 4587 436 4676 triginta
469 4588 561 4659 lanei
598 4587 867 4678 oppidanorum,
894 4607 1039 4677 quorum
1068 4586 1190 4675 viginti
1218 4586 1357 4656 solvunt
1390 4584 1557 4656 decimam
1583 4584 1832 4675 manipularem

290 4709 498 4778 nronasterio
534 4709 571 4778 iu
598 4707 841 4798 Crasznilr,
867 4707 911 4778 de
938 4706 1092 4797 quolibet
1125 4706 1224 4776 laneo
1251 4724 1314 4795 pro
1340 4704 1430 4778 sesto
1457 4703 1575 4775 Sancti
1599 4703 1748 4777 Martini
1772 4724 1835 4795 per

289 4848 350 4897 sex
376 4848 536 4917 grossos3
563 4828 606 4899 de
634 4828 782 4899 residuis
809 4848 891 4900 vero
919 4827 1036 4899 decem
1063 4827 1191 4916 laneIs,
1219 4827 1367 4898 solvitur
1393 4832 1430 4897 et
1456 4824 1543 4896 solvi
1570 4825 1674 4896 debet
1700 4824 1834 4896 decima

289 4949 477 5037 pecunialis
504 4948 730 5020 scholastriae
757 4949 1046 5045 SandomIriensi‚
1074 4949 1178 5019 etiam
1205 4968 1269 5038 per
1295 4968 1356 5018 sex
1381 4967 1522 5036 grossos
1549 4945 1715 5036 pecuniae
1742 4966 1833 5017 com-

289 5070 400 5140 munis
427 5076 463 5139 et
488 5070 626 5139 usualis.
653 5069 739 5139 Item
767 5089 885 5140 omnes
920 5067 1068 5159 praelati
1094 5068 1242 5157 triginta
1267 5067 1358 5138 lanei
1384 5066 1635 5157 oppidanorum
1663 5064 1705 5136 de
1732 5064 1834 5136 Cra-

289 5190 421 5259 sznik
456 5189 596 5261 solvunt
630 5189 797 5260 decimam
833 5189 1082 5279 manipularem
1116 5188 1212 5258 ultra
1237 5187 1450 5277 pecunialem
1475 5187 1641 5259 coenobio
1668 5186 1704 5256 in
1731 5184 1832 5257 Cra·

289 5310 439 5399 sanik,
466 5309 527 5380 sed
554 5309 785 5399 moderatam,
812 5329 899 5398 quae
926 5329 995 5379 non
1022 5312 1167 5379 vocatur
1192 5306 1333 5397 decima,
1361 5307 1422 5378 sed
1449 5328 1657 5401 copczpaoa5
1683 5325 1762 5375 uam
1788 5305 1831 5375 de

289 5430 425 5519 siligine
463 5430 548 5501 dant
587 5450 690 5500 urnam
727 5429 895 5500 cassulam
922 5429 976 5500 de
1012 5427 1167 5519 quolibet
1200 5427 1320 5518 laneo,
1355 5428 1439 5498 item
1473 5427 1517 5497 de
1542 5426 1660 5496 tritico
1688 5425 1833 5496 alterum

287 5551 474 5638 cassulam,
501 5552 583 5621 item
619 5550 662 5621 de
697 5570 808 5622 avena
841 5549 1000 5639 tertiam,
1028 5555 1065 5619 et
1091 5536 1254 5619 tenentur
1280 5546 1431 5619 cassulas
1458 5545 1655 5617 huiusmodi
1681 5545 1856 5636 propriis·

288 5672 448 5741 curribus
484 5672 674 5742 conducere
709 5671 746 5741 in
779 5670 942 5742 horreum
977 5670 1168 5760 praepositi
1203 5668 1246 5740 de
1281 5667 1527 5757 Crasznilr,
1554 5671 1590 5737 et
1624 5666 1722 5737 valor
1756 5667 1831 5738 eius
1903 5700 1909 5715 ·

287 5793 492 5864 aestimatur
527 5791 571 5863 ad
598 5812 658 5864 sex
684 5810 828 5862 marcas.
863 5791 951 5862 Item
977 5811 1046 5862 non
1074 5790 1214 5863 solvunt
1240 5788 1407 5861 decimam
1434 5787 1640 5878 canapalem.
1676 5788 1764 5858 Item
1790 5788 1827 5857 in

286 5912 443 6002 praefato
471 5913 597 6004 oppido
625 5911 862 6002 Craszuylr
888 5917 969 5983 sunt
994 5911 1162 6001 speciales
1189 5930 1249 5983 sex
1276 5910 1367 5982 lanei
1385 5908 1627 6009 advocatiales,
1645 5908 1688 5980 de
1706 5906 1831 5999 quibus

287 6032 390 6105 datur
429 6034 561 6105 decima
594 6033 819 6123 manipularis
855 6031 1019 6103 ecclesiae
1052 6030 1231 6121 praelatae
1265 6030 1488 6105 conventuali
1518 6010 1558 6105 in
1592 6027 1830 6101 Crasznilr.
1906 6102 1910 6109 ,

286 6152 373 6225 Item
409 6154 558 6246 praelati
593 6155 685 6226 lanei
720 6153 971 6243 oppidanorum
1006 6159 1043 6224 et
1078 6153 1236 6225 advocati
1270 6153 1306 6223 in
1342 6150 1571 6225 Craazuik
1596 6170 1665 6220 uon
1692 6150 1830 6221 solvunt

286 6275 454 6348 decimam
480 6276 688 6367 canapalem.
714 6275 803 6347 Item
830 6266 898 6346 non
925 6274 1069 6346 suntin
1095 6272 1216 6345 eodem
1243 6272 1369 6364 oppido
1397 6271 1624 6344 hortulaniae.
1659 6270 1748 6342 Item
1775 6275 1830 6343 est

285 6397 538 6488 molendinum,
573 6397 634 6468 sed
669 6415 739 6469 non
773 6395 880 6468 habet
913 6414 1026 6486 agros.
1055 6395 1153 6481 xItem
1184 6395 1221 6465 in
1247 6393 1368 6467 eodem
1394 6392 1521 6485 oppido
1547 6387 1767 6483 praepositus
1792 6396 1830 6465 ct
