4217 8059
1744 1490 1818 1562 aas
1954 1592 1961 1599 .

372 1675 530 1765 Snaunr,
557 1678 640 1749 villa
666 1679 730 1750 sub
757 1681 922 1770 parochia
948 1683 1115 1755 ecclesiae
1141 1684 1184 1756 de
1211 1685 1339 1759 Nova
1364 1685 1573 1762 Sandeca
1597 1693 1683 1784 sita,
1722 1697 1820 1769 onius
1916 1676 1983 1761 Q

266 1798 464 1888 preprietas
482 1805 519 1868 et
537 1799 724 1870 dominium
753 1801 797 1872 ad
816 1803 1094 1877 sanctimoniales
1120 1805 1163 1877 de
1191 1805 1399 1898 Antiqua
1426 1809 1629 1883 Sandecz
1656 1817 1819 1903 pertinet.

268 1910 308 1989 In
337 1940 404 2008 qua
431 1941 498 1989 non
527 1928 609 1992 sunt
636 1921 742 2012 aliqui
777 1923 869 1995 lanai
895 1924 1151 2041 apathonales,
1186 1927 1248 1998 sed
1275 1930 1515 2025 tantummodo
1542 1919 1741 2025 praedium,
1776 1914 1884 2009 de
1902 1979 1919 2010 .
1967 1965 1981 1991 ·

268 2061 335 2135 quo
364 2040 449 2110 nulli
476 2041 616 2112 solvunt
642 2043 827 2133 decimam,
868 2012 949 2116 sed-³
941 2066 1033 2119 eam
1070 2068 1134 2137 pro
1162 2069 1199 2118 se
1227 2047 1506 2123 sanctimoniales
1542 2052 1585 2123 de
1612 2054 1821 2147 Antiqua
1968 2083 1972 2091 ’

267 2161 474 2233 Sandecz
501 2164 697 2253 percipiunt
724 2171 760 2235 et
785 2134 965 2237 inducuni.
977 2166 1150 2240 Gonlinat
1175 2190 1253 2241 cum
1273 2222 1387 2239 .....
1522 2190 1544 2205 ··
1689 2226 1693 2230 .
1842 2166 1896 2287 ιι

371 2284 584 2373 Ροιιιιιιι,
612 2285 694 2356 villa
721 2287 786 2359 sub
812 2287 979 2377 parochia
1004 2289 1171 2362 ecclesiae
1198 2289 1241 2361 de
1269 2291 1397 2362 Nova
1424 2292 1630 2369 Sandecz
1658 2298 1735 2386 sita,
1761 2318 1821 2371 cn·
1922 2340 1934 2361 ·

268 2406 322 2475 ius
350 2406 547 2494 proprietas
574 2414 611 2478 et
638 2407 826 2478 dominium
854 2409 898 2480 ad
925 2410 1206 2483 sanctimoniales
1234 2410 1471 2502 Antiquae
1506 2413 1712 2488 Sandecz
1738 2438 1818 2508 per·

267 2526 364 2597 tinet
382 2525 431 2596 ‘In
460 2548 528 2616 qua
554 2550 622 2598 non
649 2535 732 2599 sunt
757 2530 864 2619 aliqui
892 2531 983 2602 lanei
1010 2532 1254 2622 amathonales,
1282 2532 1423 2624 dempto
1441 2553 1519 2623 uno,
1546 2536 1606 2626 qui
1624 2557 1687 2626 pro
1707 2560 1821 2611 annuo

269 2667 372 2718 censu
401 2648 719 2721 sanctimonialibus
745 2650 790 2722 de
818 2650 1022 2742 Antiqua
1048 2652 1250 2733 Sandecz
1286 2654 1392 2725 solvit
1410 2709 1564 2726 .......
1577 2656 1664 2728 Item
1691 2631 1746 2730 est
1772 2658 1821 2730 ibi

268 2768 466 2858 praedium,
503 2769 640 2860 dequo
668 2771 948 2844 sanctimoniales
983 2773 1069 2844 nulli
1106 2774 1244 2845 solvunt
1271 2774 1455 2865 decimam,
1492 2776 1552 2847 sed
1579 2797 1656 2849 eam
1693 2799 1758 2869 pro
1784 2798 1822 2851 se
1934 2809 1938 2817 ¹

268 2889 405 2978 ιοιιιιι,
432 2876 467 2960 et
494 2892 528 2962 in
557 2891 719 2963 horreum
743 2884 847 2965 'suum
875 2882 1050 2983 inducunt,
1078 2896 1175 2967 euius
1198 2895 1296 2967 valor
1323 2897 1528 2992 aestimatur
1555 2897 1599 2968 ad
1627 2898 1713 2970 duas
1730 2884 1822 2991 mar·

268 3032 336 3082 cas.
363 3012 449 3082 Item
478 3011 520 3083 da
547 3012 705 3102 praefato
732 3035 801 3085 uno
828 3014 928 3086 laneo
956 3016 1164 3087 emethonali
1187 3016 1337 3088 solvitur
1363 3017 1496 3088 decima
1522 3019 1759 3110 manipularis,
1775 3027 1823 3117 >st

216 3164 219 3170 ·
269 3153 331 3221 per
359 3138 508 3222 quatuor
534 3134 672 3224 ieragas
699 3136 884 3226 canapalis.
911 3135 1072 3208 Confluat
1099 3158 1175 3207 cum
1194 3191 1310 3206 .....
1842 3214 1847 3227 ,
1943 3206 1989 3231 Ι,

341 3330 344 3342 ,
373 3252 624 3346 Sarnnnrscz,
653 3256 737 3327 villa
763 3257 893 3328 habens
921 3258 956 3327 in
983 3278 1021 3327 se
1048 3257 1229 3329 ecclesiam
1256 3249 1410 3348 ligneam
1433 3258 1560 3330 Sancto
1583 3259 1744 3332 Andreae
1770 3260 1823 3333 di·
1870 3258 1893 3327 ἲ

270 3381 394 3449 catam.
419 3370 756 3467 Inqua‘suntlanei
783 3378 1025 3469 cmethonales
1053 3378 1241 3469 dequibus
1268 3378 1522 3451 diversificatur
1548 3400 1674 3453 census
1699 3401 1823 3453 secan·

270 3495 353 3568 dum
378 3498 607 3586 quantitatem
637 3519 810 3589 agrorum
836 3500 919 3571 item
943 3500 1079 3572 ratione
1105 3522 1223 3595 oaayap
1249 3501 1354 3572 solvit
1371 3499 1518 3590 quilibet
1544 3520 1648 3572 unam
1675 3501 1823 3592 siliginis

270 3624 307 3689 et
333 3617 418 3690 duas
444 3638 575 3695 arenae
602 3640 782 3691 mensuras
808 3620 992 3711 confertas,
1019 3627 1056 3692 et
1084 3626 1411 3711 quatuorgrossos3
1439 3621 1524 3692 item
1550 3641 1619 3693 nou
1647 3621 1732 3693 dant
1748 3621 1824 3713 gal-

271 3739 331 3829 los,
360 3760 471 3830 nequa
498 3762 573 3830 ova,
600 3761 712 3831 neque
739 3762 868 3832 caseos3
894 3743 977 3815 item
1001 3743 1088 3814 nihil
1115 3742 1278 3814 laborant
1304 3743 1341 3813 in
1367 3743 1566 3832 septimana
1589 3743 1703 3815 autin
1722 3763 1823 3827 anuo.

270 3862 358 3933 Item
385 3862 561 3953 tabernae,
589 3863 672 3934 item
700 3864 929 3954 hortulauiae,
955 3865 1037 3936 item
1065 3864 1266 3954 praedinm;
1301 3864 1383 3935 item
1411 3868 1465 3935 est
1491 3863 1541 3942 ibi
1567 3863 1736 3939 scultetus
1762 3864 1824 3935 ha·
1878 3862 1882 3870 '

271 3984 357 4055 bens
393 4004 498 4068 unum
533 3985 669 4057 laneum
706 3986 875 4076 liberum,
902 3993 938 4057 et
965 3987 1092 4079 accipit
1128 3989 1263 4057 sextum
1298 3985 1479 4057 denarium
1507 3984 1550 4056 de
1577 4005 1692 4057 censu.
1735 3985 1823 4057 Item

271 4110 351 4194 post
377 4125 495 4176 omnes
523 4125 626 4195 agros
653 4107 799 4179 solvitur
833 4106 968 4178 decima
1003 4108 1247 4197 manipularis,
1274 4113 1311 4176 et
1337 4105 1542 4178 conducitur
1569 4126 1633 4194 pro
1660 4106 1822 4196 episeopo

272 4223 503 4314 cracoviensi,
530 4227 629 4298 cuius
656 4227 754 4298 valor
780 4228 986 4298 aestimatur
1012 4227 1057 4297 ad
1077 4278 1191 4296 .....
1218 4225 1379 4297 Gonlinat
1397 4278 1512 4294 .....
1527 4244 1538 4256 ·
1606 4242 1612 4254 ·

329 4393 336 4402 -
375 4348 634 4437 Snawrnown,
662 4349 745 4420 villa
771 4349 836 4421 suh
858 4349 1025 4441 parochia
1050 4348 1217 4420 eeclesiae
1242 4347 1286 4418 de
1313 4344 1596 4437 Szyedlyecz
1622 4345 1700 4432 sita,
1727 4344 1824 4416 cuias

272 4470 468 4559 proprietas
494 4474 529 4539 et
547 4470 735 4541 dominium
754 4470 799 4540 ad
820 4470 1100 4542 sanctimoniales
1127 4469 1170 4541 de
1197 4467 1408 4558 Antiqua
1432 4464 1638 4537 Sandecz
1664 4464 1824 4555 pertinet

272 4592 311 4661 ln
339 4612 406 4679 qua
433 4598 514 4662 sunt
550 4591 641 4661 lanei
669 4591 921 4680 cmetbonales,
957 4591 1152 4681 dequibus
1186 4588 1441 4662 diversificatur
1477 4606 1601 4658 census
1636 4584 1826 4656 secundum

273 4712 502 4802 quantitatem
531 4732 703 4801 agrorum.
749 4712 836 4807 Item
872 4733 940 4784 non
968 4694 1264 4802 solvunt‘gallos,
1300 4728 1412 4799 neque
1438 4727 1523 4798 ova,
1558 4726 1670 4798 neque
1697 4725 1825 4779 caseos.

273 4833 358 4904 Item
386 4833 471 4904 nihil
499 4832 668 4904 laborant.
696 4833 783 4904 Item
811 4840 866 4906 est
891 4834 940 4904 ibi
967 4833 1134 4906 scoltetus
1156 4832 1288 4921 habeus
1307 4849 1412 4901 unum
1439 4828 1577 4909 laneum
1603 4827 1762 4915 liberum,
1788 4831 1826 4898 et

273 4955 378 5026 habet
404 4960 538 5026 sextum
567 4954 746 5026 denariam
773 4954 817 5027 de
844 4975 959 5026 censu.
986 4942 1073 5026 Item
1092 4955 1268 5042 tabernae,
1294 4953 1379 5023 item
1406 4944 1593 5039 hdrtulaui,
1620 4948 1704 5020 item
1722 4966 1826 5039 prae·

273 5077 376 5148 dium.
416 5077 502 5148 item
531 5076 575 5147 de
602 5076 760 5148 omnibus
787 5078 882 5167 agris
909 5076 1058 5148 solvitur
1084 5081 1121 5146 et
1147 5074 1351 5146 conducitur
1377 5071 1510 5144 decima
1536 5069 1762 5160 manipularis
1788 5073 1827 5139 et

245 5198 448 5288 'canapalis
475 5219 539 5288 pro
567 5199 728 5288 episcopo
749 5196 986 5287 cracoviensi,
1013 5203 1050 5267 et
1076 5197 1176 5268 valor
1202 5195 1277 5267 eius
1295 5247 1410 5265 .....
1428 5192 1517 5265 itam
1542 5191 1680 5264 ratione
1706 5208 1824 5286 oaayqr

275 5318 378 5388 solvit
404 5320 551 5408 quilibet
576 5338 681 5390 unam
708 5317 856 5407 siliginis
883 5323 920 5389 et
945 5316 1034 5389 duas
1055 5334 1187 5389 arenae
1213 5334 1394 5419 mensuras
1411 5312 1596 5441 confertas,
1622 5316 1658 5383 et
1674 5315 1826 5402 quatuor

274 5459 425 5527 grossos.
451 5437 612 5531 (ιιιιιιιι
630 5492 771 5508 ......

378 5560 588 5648 Lanczsaq
615 5558 700 5664 villa
726 5558 911 5630 habenam
930 5579 967 5630 se
985 5558 1165 5631 eeclesiam
1192 5555 1425 5648 parochialem
1450 5553 1611 5643 ligneam,
1638 5550 1703 5621 sub
1721 5549 1826 5623 titulo

274 5680 393 5769 Sancti
419 5680 590 5753 Johannis
617 5652 818 5770 Baptistae,
845 5681 943 5752 cuius
970 5680 1168 5770 proprietas
1195 5678 1239 5749 ad
1267 5673 1544 5750 sanctimoniales
1569 5670 1824 5742 Sandeczenses

274 5803 435 5892 pertinet
479 5802 518 5872 In
547 5823 613 5894 qua
640 5809 722 5874 sunt
758 5800 939 5873 duodecim
969 5800 1066 5873 lanei
1102 5797 1357 5887 amathonales,
1391 5800 1429 5868 et
1454 5792 1624 5885 quilibet
1631 5769 1736 5863 solvit
1761 5810 1826 5880 pro
1966 5886 1969 5890 ἡ

275 5943 379 5993 censu
406 5944 511 5994 unum
538 5923 726 6013 fertonem,
762 5924 846 5994 item
874 5942 980 5994 unum
1006 5921 1153 6012 gallum,
1189 5919 1276 5991 duos
1304 5937 1439 6005 caseos,
1466 5913 1592 6006 viginti
1619 5933 1694 5985 ova
1738 5911 1831 5983 Item

275 6046 436 6117 laborant
462 6046 549 6117 duas
568 6045 753 6140 powabaa,
788 6065 852 6135 pro
880 6063 962 6116 vere
988 6063 1111 6131 unam,
1147 6062 1212 6132 pro
1245 6041 1369 6131 hyeme
1404 6037 1517 6108 aliam.
1562 6034 1648 6107 item
1677 6038 1731 6105 est
1758 6050 1829 6105 una

276 6168 424 6239 taberna
437 6167 569 6239 habens
583 6188 697 6257 agros,
711 6167 816 6239 solvit
834 6186 937 6238 unam
962 6183 1179 6254 sexagenam.
1197 6162 1283 6234 Item
1298 6180 1366 6231 non
1386 6164 1441 6230 est
1458 6157 1633 6228 scoltetus.
1651 6154 1739 6226 Item
1757 6152 1829 6252 ple7
1896 6156 1901 6161 '

274 6290 385 6361 banus
413 6309 481 6359 non
509 6288 615 6359 habet
631 6307 753 6377 agros.
780 6287 868 6359 Item
896 6289 977 6377 post
994 6304 1113 6358 omnes
1139 6302 1244 6371 agros
1271 6276 1503 6351 amathonales
1530 6274 1678 6349 solvitur
1695 6272 1830 6351 decium

273 6410 518 6502 manipularis,
545 6415 581 6480 et
607 6407 846 6481 induciturin
873 6407 1037 6480 honeum
1064 6425 1129 6497 pro
1157 6400 1498 6490 sanctimonialibus,
1534 6394 1757 6471 ιιιιιίιιοι
1782 6393 1849 6467 ad'

380 6577 586 6623 numanam
853 6606 864 6618 ,
1624 6547 1662 6596 ⁴⁴
