4217 8059
1726 1478 1797 1551 raa
1886 1574 1887 1579 p

248 1679 659 1769 Praemonstratensium3
687 1681 722 1751 in
751 1702 819 1771 qun
837 1681 1009 1770 quondam
1029 1687 1106 1752 erat
1124 1682 1295 1753 habitatio
1315 1678 1623 1754 sanctimonialium
1644 1683 1796 1755 eiusdem

247 1801 378 1871 ordinis
405 1800 773 1889 Praemonstratensis,
801 1821 889 1890 quae
917 1823 959 1872 ex
977 1801 1192 1893 Dlnbnya
1218 1809 1254 1871 et
1271 1797 1686 1892 Grz'yszanowicze
1714 1804 1799 1876 duo-

246 1923 311 1992 bus
339 1921 559 1993 monasteriis
595 1922 904 1992 sanctimonialium
942 1923 1152 2011 translatae,
1180 1923 1273 2011 apud
1309 1924 1472 2012 oppidum
1498 1944 1590 1994 nunc
1616 1924 1799 1995 Buszko

247 2042 448 2130 consistunt,
476 2043 573 2113 cuius
601 2042 739 2131 quidem
767 2042 868 2112 villae
896 2044 1091 2131 proprietas
1118 2043 1161 2113 ad
1189 2044 1424 2132 praepositum
1451 2043 1599 2131 praefati
1625 2052 1796 2114 monaste·

246 2162 290 2230 rii
317 2162 468 2250 pertinet
494 2163 594 2250 pleno
621 2162 706 2233 iure.
742 2162 782 2232 In
810 2169 985 2251 quaeunt
1011 2163 1158 2252 triginta
1185 2168 1334 2252 quatuor
1359 2163 1452 2233 lanei
1483 2164 1734 2252 cmetbonales,
1761 2170 1797 2235 et

246 2282 288 2354 de
316 2283 473 2353 omnibus
501 2282 648 2353 solvitur
674 2289 708 2352 et
736 2283 938 2353 conducitur
965 2283 1099 2354 decima
1126 2283 1352 2372 manipularis
1380 2290 1415 2353 et
1442 2283 1618 2373 canapalis
1641 2305 1704 2372 pro
1723 2305 1796 2355 mo-
1850 2285 1874 2334 ·'

247 2404 400 2473 nasterio
427 2402 763 2492 Pyandziczoviensi,
791 2408 827 2473 et
853 2404 952 2475 valor
978 2403 1051 2474 eius
1071 2404 1275 2474 aestimatur
1292 2403 1335 2473 ad
1355 2404 1796 2493 quadraginta,.aliquando

247 2523 291 2592 ad
327 2523 578 2612 quinquaginta
614 2523 668 2593 vel
705 2523 888 2611 sexaginta
923 2544 1066 2594 marcas.
1107 2524 1193 2594 Item
1225 2523 1406 2612 praedium
1432 2524 1482 2594 ibi
1508 2524 1725 2613 coenobiale,
1754 2523 1796 2594 de

246 2643 342 2714 cuius
369 2643 462 2732 agris
490 2644 583 2714 solus
611 2643 829 2732 praepositus
856 2642 1181 2734 Crzyszanoviensis
1208 2644 1312 2714 solvit
1339 2643 1515 2738 decimam.
1541 2644 1630 2714 Item
1647 2646 1795 2715 taberna
1846 2669 1849 2676 ·

245 2785 314 2834 urm
330 2763 471 2837 ,habens
498 2784 610 2852 agros,
638 2763 834 2852 dequibus
862 2763 1054 2835 decimatur
1081 2765 1117 2834 in
1141 2761 1351 2858 pontiliacum
1369 2775 1432 2854 pro
1452 2765 1661 2835 monasterio
1680 2764 1795 2857 Pyan-

246 2883 493 2970 dziezoviensi3
529 2883 611 2954 item
638 2884 834 2972 hortulani,
870 2885 955 2955 item
982 2884 1214 2955 molendinum
1241 2891 1296 2955 est
1324 2884 1374 2955 ibi
1400 2905 1505 2955 unum
1532 2884 1731 2955 coenobiale
1758 2885 1798 2955 in

245 3005 383 3075 flumine
411 3003 536 3093 Nida,
564 3004 624 3074 sed
652 3025 720 3075 non
747 3005 853 3075 habet
880 3025 992 3094 agros.

300 3171 302 3175 .
353 3123 699 3212 taruanninsae
726 3125 891 3214 parochia
918 3124 960 3194 dc
987 3125 1173 3196 Buszko
1201 3125 1277 3213 sita,
1305 3125 1402 3196 cuius
1428 3126 1624 3215 proprietas
1643 3127 1686 3196 ad
1705 3145 1798 3196 sere·
1826 3128 1830 3133 ’

247 3246 426 3315 nissimum
453 3244 616 3314 Poloniae
651 3266 768 3334 regem
795 3245 955 3334 pertinet.
991 3245 1031 3314 In
1058 3267 1128 3334 pua
1154 3251 1236 3315 sunt
1262 3245 1386 3334 viginti
1413 3249 1562 3335 quatuor
1587 3246 1678 3316 lanei
1706 3266 1795 3316 cme·

246 3366 424 3454 thonales,
452 3364 494 3435 de
531 3365 654 3453 quibus
691 3365 848 3436 omnibus
885 3366 1033 3436 solvitur
1060 3371 1096 3436 et
1122 3365 1325 3435 conducitur
1352 3365 1484 3435 decima
1509 3366 1734 3455 manipularis
1762 3370 1796 3436 et
1867 3439 1883 3456 N

247 3486 422 3576 canapalis
448 3505 511 3577 pro
539 3487 749 3559 monasterio
775 3485 1113 3581 Pyapdziczoviensi,
1140 3494 1176 3586 et
1202 3477 1300 3558 valor
1327 3487 1401 3563 eius
1429 3487 1633 3572 aestimatur
1658 3487 1703 3557 ad
1731 3488 1794 3556 tri-

246 3609 344 3696 ginta
379 3628 521 3677 marcas.
562 3606 649 3676 Item
677 3607 841 3676 tabernae
868 3614 959 3696 tres,
986 3627 1029 3676 ex
1058 3607 1182 3695 quibus
1210 3607 1297 3677 duae
1325 3607 1458 3695 regiae,
1481 3612 1523 3707 *et
1549 3585 1617 3677 urta
1644 3613 1796 3677 tantum-

247 3728 348 3799 modo
375 3728 481 3798 habet
507 3747 619 3817 agros,
647 3726 842 3816 dequibus
869 3727 974 3798 datur
991 3726 1124 3797 decima
1142 3747 1205 3815 pro
1228 3727 1438 3798 monasterio
1456 3726 1792 3818 Pyandziczrbiensi,

246 3849 352 3919 tertia
386 3849 541 3938 scolteti,
576 3848 638 3919 sed
673 3869 742 3919 non
777 3848 883 3918 habet
919 3849 1024 3918 etiam
1059 3868 1182 3936 agros3
1208 3847 1293 3917 item
1319 3847 1537 3922 hortulaniae
1565 3849 1733 3938 quinque,
1759 3854 1796 3918 et

246 3966 364 4040 omnes
399 3969 529 4042 habent
564 3990 685 4058 agros,
721 3974 758 4039 et
793 3968 966 4039 decimant
1001 3990 1064 4057 pro
1101 3954 1311 4038 monasterIo
1338 3966 1685 4057 Pyandziczoviensi3
1711 3969 1796 4038 item

246 4089 477 4163 molendinum
504 4096 558 4161 est
584 4091 642 4178 ibi,
670 4089 729 4160 sed
757 4110 826 4160 non
853 4089 958 4160 habet
976 4110 1088 4179 agros,
1107 4089 1191 4159 item
1210 4087 1389 4176 praedium
1407 4095 1461 4159 est
1479 4090 1528 4159 ibi
1541 4110 1650 4186 unum
1669 4089 1797 4178 regale,
1892 4118 1896 4129 ·

247 4210 289 4281 de
325 4211 448 4309 culu·
462 4212 556 4300 agris
592 4209 738 4282 solvitur
773 4209 905 4283 decima
940 4209 1165 4298 manipularis
1201 4229 1264 4297 pro
1302 4208 1552 4279 vice-custodia
1577 4208 1610 4278 S.
1637 4209 1794 4280 Floriani

246 4336 344 4401 entra
370 4351 486 4401 muros
514 4329 769 4418 cracoviensem
795 4337 832 4400 et
858 4330 956 4401 valor
982 4331 1057 4400 cius
1085 4328 1287 4419 aestimatur
1314 4329 1358 4398 ad
1377 4329 1463 4399 duas
1481 4332 1679 4417 sexagenas.
1707 4331 1795 4400 Item

247 4459 300 4523 est
335 4452 384 4522 ibi
421 4452 580 4522 scoltetia
614 4451 745 4525 habens
782 4450 867 4521 duros
903 4450 1020 4520 laneos
1047 4470 1230 4541 agrormu,
1257 4450 1407 4521 inclusos
1435 4450 1470 4520 in
1498 4451 1798 4540 vigintiquatuor

248 4571 529 4660 emethonalibus
556 4571 599 4641 de
627 4572 752 4661 quibus
780 4571 925 4642 solvitur
953 4570 1086 4655 decima
1113 4570 1401 4659 manipularisin
1416 4567 1624 4663 ponitlawom
1643 4591 1705 4659 pro
1724 4591 1797 4641 mo-

247 4694 399 4763 nasterio
426 4691 761 4783 Pyandziczovieusi.
1101 4764 1106 4775 ,

350 4812 597 4901 Coronrnrn,
625 4813 707 4883 villa
734 4814 798 4884 sub
826 4814 991 4902 parocbia
1017 4813 1183 4883 ecclesiae
1211 4810 1557 4900 Ppandziozoviensis
1585 4812 1670 4900 sita,
1699 4812 1796 4882 cuius

248 4935 442 5023 proprietas
470 4936 513 5004 ad
541 4934 717 5004 Andrearn
744 4934 787 5004 de
814 4933 865 5005 01
874 4935 1166 5023 pesclrnicza,
1193 4934 1235 5003 de
1254 4933 1384 5003 familia
1402 4931 1604 5002 llambno
1632 4933 1795 5020 pertinet.

247 5055 382 5144 Inque
418 5062 498 5124 sunt
532 5055 623 5127 lanei
660 5054 914 5156 ernetbonaleS,
941 5056 984 5124 de
1012 5056 1135 5144 quibus
1173 5054 1331 5125 omnibus
1359 5053 1506 5124 solvitur
1523 5059 1567 5122 et
1594 5052 1797 5125 conducitur

246 5176 378 5245 decima
405 5175 631 5265 manipularis
650 5182 685 5246 et
704 5176 879 5264 caruapalis
898 5196 962 5263 pro
981 5175 1192 5245 monasterio
1210 5157 1547 5264 Pyandziczoviensi.
1573 5171 1662 5244 Item
1680 5174 1797 5244 taber-

247 5317 310 5384 na,
346 5298 429 5366 item
465 5281 657 5397 hortulani,
694 5297 777 5367 item
813 5296 992 5385 praedium
1028 5295 1179 5365 militare
1211 5295 1327 5365 ostiu
1354 5294 1474 5365 eadem
1502 5293 1601 5381 villa,
1629 5295 1671 5363 de
1698 5295 1797 5365 cuius
1862 5308 1877 5317 ’·
1969 5303 1970 5306 ’

247 5419 339 5506 agris
367 5416 513 5487 solvitur
540 5424 576 5487 et
591 5402 823 5492 conducitur.
842 5416 974 5487 decima
1008 5415 1234 5505 manipularis
1260 5422 1395 5486 vetusto
1422 5434 1533 5503 more,
1562 5435 1624 5502 pro
1653 5415 1798 5483 ecclesia
1887 5496 1893 5505 ,

247 5536 571 5628 PyandziczovIeusi
601 5539 674 5607 ime
701 5537 900 5625 parochiali.

280 5702 286 5708 -
351 5658 605 5746 Pinarum,
634 5659 715 5727 villa
751 5658 814 5728 sub
842 5658 1007 5747 parochia
1043 5657 1207 5731 ecclesiae
1234 5656 1277 5726 de
1305 5655 1349 5723 W
1359 5655 1664 5756 pereziczow,
1699 5658 1797 5728 iuxta

246 5779 386 5849 fluvium
422 5778 538 5849 Nida
574 5780 659 5867 sita,
687 5779 783 5865 ouius
819 5780 1015 5867 proprietas
1042 5779 1086 5848 ad
1114 5778 1288 5847 Andream
1316 5777 1359 5847 de
1386 5774 1727 5866 Olyeschnicza
1754 5779 1797 5848 de
1925 5850 1931 5861 ,

246 5898 346 5969 domo
373 5900 574 5970 Dambuo
602 5901 761 5989 pertinet.
797 5899 837 5968 Iu
866 5919 933 5987 qua
960 5905 1041 5969 sunt
1067 5899 1157 5968 lanei
1185 5898 1436 5985 cmetlronales,
1464 5898 1506 5966 de
1534 5898 1657 5986 quibus
1686 5897 1794 5968 orrrni·

246 6021 319 6107 bue,
347 6020 493 6091 solvitur
521 6026 557 6091 et
584 6021 787 6092 conducitur
814 6019 946 6090 decima
974 6019 1198 6107 manipularis
1225 6024 1261 6088 et
1288 6018 1462 6107 carrapalis
1491 6039 1556 6107 pro
1585 6019 1795 6089 monasterio
1821 6030 1829 6037 ’
1893 6094 1896 6101 ,

245 6138 579 6229 Pyaudziczoviensi.
607 6142 694 6212 Item
722 6142 876 6228 taberna,
904 6141 986 6209 item
1015 6138 1199 6225 hortulani,
1228 6139 1310 6208 item
1340 6139 1527 6226 praedium.

350 6259 548 6350 Cownnrn,
576 6260 659 6361 vida
685 6263 748 6333 sub
766 6261 931 6351 parochia
950 6259 992 6329 de
1014 6259 1349 6348 Wyercziczow
1377 6258 1455 6346 sita,
1483 6259 1579 6329 cuius
1599 6259 1796 6348 proprietas

247 6381 290 6451 ad
328 6383 573 6481 monasterium
610 6356 919 6503 {parmenianum
958 6373 1001 6450 de
1038 6362 1235 6467 Buszko,
1272 6378 1403 6448 ordinis
1439 6377 1795 6452 Praemonstratensis
