4217 8059
1758 1493 1831 1562 377
1943 1436 1952 1451 ἱ

209 1711 217 1721 ·
276 1684 502 1758 Nicolaus
538 1707 669 1776 comes,
705 1688 760 1758 vir
795 1688 920 1760 nobilis
956 1689 999 1760 de
1035 1688 1137 1761 domo
1171 1696 1207 1762 et
1232 1668 1364 1762 familia
1389 1697 1495 1783 atque
1521 1694 1598 1789 vipc
1624 1694 1834 1787 Bcgoria

194 1792 198 1801 ’
238 1813 244 1822 ’
277 1806 393 1877 villas:
421 1806 688 1899 Banszycze
715 1808 946 1905 Maiorem,
973 1810 1240 1901 Banszycze
1267 1811 1502 1905 Minorem,
1527 1798 1833 1909 Sninszycza,

277 1926 513 2016 Crzczino,
539 1928 1832 2030 LubszinaDobrzechow,Lnblna,Jasszel„W·yetrzno,

276 2048 412 2138 Lang,
440 2048 468 2119 P
477 2047 717 2140 yelaszow‚
746 2051 974 2141 Szdancvv,
1001 2074 1079 2123 cum
1106 2030 1328 2143 pertinentiis
1354 2054 1435 2124 suis.
1463 2053 1619 2129 Contulit
1636 2064 1672 2128 et
1690 2080 1732 2130 es
1751 2067 1832 2149 post

277 2168 353 2239 loco
389 2175 425 2239 st
461 2169 628 2241 coenobio
664 2171 842 2260 praedicto
879 2172 1163 2245 Vincentius
1198 2172 1521 2246 (ladlubkonis
1556 2174 1599 2248 de
1626 2176 1831 2253 Karvvovv

276 2290 512 2363 haereditates
539 2311 621 2362 suas
647 2298 831 2381 paternas3
866 2293 1015 2365 contulit
1040 2300 1079 2365 et
1105 2293 1234 2365 Paulus
1260 2315 1377 2365 eomes
1401 2296 1526 2367 haeres
1538 2296 1596 2368 de
1622 2297 1830 2387 Saambo·

178 2501 180 2505 Ι
276 2432 419 2500 rzecz,
447 2412 574 2484 nobilis
600 2413 644 2485 de
671 2413 773 2499 domo
790 2396 836 2486 'et
861 2415 992 2486 familia
1018 2414 1244 2487 Habdank
1270 2415 1389 2487 villas:
1416 2415 1604 2507 Szulovv,
1622 2419 1831 2511 Bystrzi-

205 2556 207 2560 ’
277 2555 365 2620 oza,
393 2532 878 2626 Wnyewithkcwicze,
905 2537 1302 2626 Docharzowieze,
1330 2536 1556 2627 Syedlcze
1583 2539 1830 2632 st'Nvecze-

279 2675 376 2740 cza;
402 2654 623 2726 contulerunt
650 2662 685 2727 et
712 2656 771 2726 alii
799 2677 971 2747 proceres,
998 2658 1167 2745 barones,
1196 2657 1329 2729 nobiles
1355 2663 1392 2729 et
1419 2657 1547 2729 milites
1575 2657 1830 2752 Oracovienses,
1892 2722 1896 2735 .

278 2774 573 2847 Sandomirienses
600 2782 637 2847 et
663 2777 891 2849 bublinenses
918 2778 953 2848 in
981 2798 1146 2869 processu
1173 2784 1377 2868 temporum,
1405 2778 1506 2849 villas
1533 2783 1578 2850 st'
1596 2780 1831 2855 haereditates

276 2885 365 2984 suas,
392 2896 435 2967 de
449 2896 588 2986 ouibus
615 2899 650 2968 in
677 2898 762 2970 locis
789 2900 862 2970 suis
889 2899 981 2970 circa
1009 2898 1276 2990 descriptionem
1304 2898 1464 2970 villarum
1491 2898 1656 2971 faciemus
1683 2904 1828 2974 mentio·
1948 2880 1952 2887 ¹

275 3038 363 3087 nem.
403 3017 654 3091 Boleslaus
689 3020 773 3092 item
799 3021 870 3092 dux
898 3026 934 3092 et
952 3023 1149 3113 monarcha
1175 3019 1484 3113 regni'Poloniae,
1511 3021 1556 3094 ob
1583 3023 1831 3097 continentiam

274 3139 445 3211 eastitatis
472 3140 667 3233 appellatus
695 3141 855 3232 Pudicus,
874 3143 966 3214 lilius
992 3143 1250 3229 Lesakonis
1277 3140 1384 3212 Albi
1411 3141 1509 3213 ducis
1527 3140 1590 3212 lilii
1608 3140 1830 3249 Gasimi'ri

274 3258 371 3331 ducis
407 3261 574 3351 praefati,
611 3262 768 3353 primarii
804 3263 1006 3335 manasterii
1033 3261 1182 3353 praefati
1209 3261 1547 3353 Goprzywniczensis
1573 3262 1768 3337 fundatoris
1792 3271 1831 3347 ct

273 3380 461 3472 dotamris,
497 3404 588 3455 anno
624 3383 763 3455 Domini
805 3386 900 3456 lull
939 3383 1142 3456 duodecimo
1170 3383 1342 3456 Calendas
1369 3382 1502 3473 Aprilis
1528 3382 1563 3454 in
1591 3383 1829 3477 Gracovia,

276 3504 357 3574 item
386 3504 568 3575 Leszkc
595 3504 740 3595 Niger
766 3505 853 3595 dun,
881 3507 938 3596 qui
968 3506 1186 3578 Boleslao
1213 3504 1385 3576 Pudico
1411 3505 1541 3594 absque
1569 3503 1688 3576 liberis
1724 3506 1824 3589 dece-

275 3624 388 3713 dente
415 3625 451 3695 iu
479 3625 711 3715 principatum
738 3631 775 3697 et
800 3627 1036 3699 monarchiam
1064 3626 1163 3716 regni
1190 3625 1366 3699 Polcniae-
1381 3629 1610 3714 successerat,
1627 3645 1728 3698 anno
1754 3626 1827 3700 Do-

272 3746 355 3816 mini
386 3746 495 3834 1284,
523 3745 710 3818 indictione
736 3746 949 3837 duodecima,
968 3746 1157 3819 ¹andecimo
1183 3746 1364 3819 Galendas.
1380 3745 1573 3836 Februarii,
1599 3745 1636 3817 iu
1656 3746 1828 3839 colloquio

273 3866 448 3939 celebrato
476 3868 511 3937 in
539 3867 713 3939 Osszek
741 3868 997 3958 fundationem,
1015 3867 1227 3941 dotationem
1254 3874 1291 3940 et
1317 3867 1526 3943 erectionem
1552 3866 1682 3939 avitam
1705 3868 1829 3941 Casi-
1925 3886 1930 3903 ··

271 3986 385 4079 mird
411 3989 495 4061 item
522 3989 726 4062 donationes
753 3991 1002 4085 episcoporum,
1030 4010 1223 4081 procerum,
1242 3989 1404 4061 comitum
1431 3994 1468 4060 et
1494 3987 1661 4060 nobilium
1688 3991 1824 4081 praefa-
1960 3985 1976 4039 -’

270 4115 385 4181 torum
423 4110 465 4182 de
492 4132 598 4201 supra
634 4112 774 4201 scriptis
810 4112 902 4183 villis
937 4112 1083 4199 factam,
1109 4112 1305 4201 approbant
1332 4117 1369 4181 et
1395 4110 1618 4203 confirmant,
1645 4115 1681 4181 et
1707 4132 1827 4183 omnes

270 4231 503 4310 haereditates
530 4233 799 4323 suprascriptas,
829 4231 1039 4322 monasterio
1067 4230 1388 4321 Goprzyvniczensi
1414 4230 1489 4320 psr'
1505 4231 1617 4299 dictos
1643 4231 1824 4319 pontifices

270 4359 307 4422 et
334 4352 461 4424 milites
489 4352 643 4443 collatas,
671 4354 715 4424 ab
742 4353 835 4424 omni
863 4352 1043 4441 theloneo,
1071 4352 1214 4440 tributo,
1241 4349 1346 4440 datia,
1373 4349 1639 4438 contributione,
1667 4350 1712 4435 ab
1730 4353 1824 4422 omni

190 4492 192 4497 ·
271 4496 375 4545 onere
411 4480 447 4546 et
474 4475 664 4564 servitute,
689 4475 733 4545 ab
763 4474 853 4545 omni
890 4474 1035 4564 angaria
1061 4480 1098 4545 et
1123 4472 1373 4562 praesagans,
1400 4479 1436 4542 et
1462 4471 1619 4542 homines
1645 4448 1827 4545 universos

270 4596 305 4665 in
340 4596 529 4688 praedictis
566 4595 841 4668 haereditatibus
877 4595 1061 4685 degentes,
1098 4599 1300 4683 praesentes
1336 4599 1373 4665 at
1408 4592 1561 4681 futuros,
1587 4592 1762 4684 eximunt,
1789 4602 1827 4666 et

268 4717 461 4805 absolvunt,
488 4724 525 4787 et
552 4717 737 4821 libertarit,¹
755 4721 791 4787 et
818 4715 1030 4806 proprietati
1043 4721 1080 4786 et
1098 4714 1298 4797 monasterii
1317 4713 1469 4785 dominio
1488 4713 1725 4784 tantummodo
1746 4714 1824 4787 illas
1895 4748 1900 4753 ·

269 4839 496 4928 appropriant
517 4845 559 4909 et
585 4820 769 4909 subiciunt
810 4837 1032 4922 Fabricatum
1069 4842 1183 4921 autem
1211 4843 1265 4907 est
1292 4834 1541 4931 monasterium
1568 4834 1763 4924 praefatum
1788 4843 1826 4906 et

169 4938 171 4943 ⁵
268 4959 413 5029 ecclesia
431 4980 539 5047 muro,
560 4963 602 5029 ct
624 4963 805 5030 structura
830 4957 963 5047 humili,
989 4957 1050 5029 sed
1077 4957 1197 5046 solida,
1225 4963 1261 5028 st
1287 4977 1375 5047 quae
1402 4957 1437 5027 in
1464 4952 1555 5027 diem
1574 4955 1673 5045 banc,
1690 4976 1734 5027 ex
1753 4978 1822 5047 quo

269 5086 386 5152 erecta
413 5087 467 5151 est
494 5081 623 5151 nullam
651 5085 773 5151 nomia
799 5085 853 5151 est
880 5078 1018 5151 dedisse
1045 5080 1214 5150 fissuram.
1241 5078 1281 5148 ln
1308 5054 1476 5148 eeclesiae
1500 5083 1617 5161 autam
1645 5077 1823 5166 praefatae

204 5200 214 5216 ”
272 5200 476 5272 occidentali
504 5209 607 5291 porta
633 5201 669 5271 hi
697 5222 818 5301 versus
834 5200 1053 5291 capitalibus
1081 5200 1208 5272 litteris
1235 5202 1356 5271 camut
1372 5198 1560 5290 exsculpti:
1586 5197 1683 5271 Haec
1700 5198 1824 5272 domus
1927 5298 1932 5305 Ι

269 5320 360 5389 alma
385 5320 451 5391 Dei
479 5322 614 5392 veniam
642 5322 792 5411 spondet
818 5321 981 5411 venienti,
1008 5323 1073 5393 sub
1091 5320 1204 5425 ‘titulo
1230 5319 1311 5397 fidei
1330 5319 1466 5391 veniam
1484 5325 1586 5411 parat
1603 5319 1822 5410 ingredienti.
1895 5354 1916 5375 *-

268 5441 320 5511 Ne
348 5448 463 5512 autem
491 5441 726 5515 fundationem
754 5443 902 5533 praefati
929 5443 1131 5516 monasterii
1158 5447 1193 5513 et
1219 5441 1294 5513 eius
1320 5441 1436 5513 dotem
1464 5438 1610 5531 eiusque
1633 5437 1825 5531 dotatores,

264 5561 478 5652 fundatores,
504 5569 540 5635 et
568 5562 805 5645 benefactores
832 5564 949 5655 aliqua
976 5564 1163 5636 vetustatis
1190 5563 1302 5653 caligo
1330 5560 1441 5653 possit
1467 5561 1627 5651 obruere,
1652 5567 1689 5659 et
1715 5581 1759 5633 ne
1776 5561 1820 5632 de

268 5684 367 5756 bonis
395 5684 568 5756 dotalibus
595 5684 742 5774 praefati
770 5685 972 5756 monasterii
998 5686 1116 5776 aliqua
1141 5684 1313 5775 dubitatio
1341 5689 1403 5755 aut
1428 5682 1508 5753 leva
1526 5680 1692 5771 adunatio
1710 5682 1822 5773 possit

268 5806 439 5895 suboriri,
465 5806 708 5897 praesentibus
735 5805 847 5878 literis
874 5810 911 5876 et
937 5805 1131 5896 scriptura,
1158 5812 1195 5878 et
1220 5804 1458 5877 fundationem
1483 5808 1520 5875 et
1545 5788 1759 5908 dotationem
1785 5809 1823 5875 et

266 5927 358 5999 bona
384 5927 477 5998 illius
503 5927 634 5999 dotalia
662 5927 914 6015 annotavimus,
942 5926 1094 5998 vivacem
1123 5927 1192 5998 illis
1219 5926 1335 5999 daturi
1362 5924 1572 6017 memoriam,
1597 5928 1635 5996 et
1660 5922 1824 6005 iniustum

269 6044 512 6120 alienationem
540 6069 604 6139 pro
630 6055 773 6121 nostrae
800 6048 1028 6122 humanitatis
1055 6024 1196 6121 modulo
1220 6047 1442 6141 prohibituri.

370 6167 685 6258 CosazrvnrczA,
721 6170 969 6243 monasterium
1006 6170 1150 6260 pulchro
1170 6148 1286 6267 ¹,nuuc
1321 6168 1559 6257 aedificatum,
1593 6165 1691 6239 cuins
1718 6165 1835 6275 etlam·¹

267 6292 421 6363 officinas
463 6290 628 6362 Nicolaus
667 6291 710 6362 de
747 6291 1046 6384 Trzebnycza
1080 6296 1117 6364 et
1146 6266 1311 6379 Nicolaus
1346 6290 1391 6373 de
1426 6286 1727 6360 Przewcrslco
1761 6270 1838 6359 ab?

264 6413 381 6503 botes,
416 6433 507 6484 nova
546 6432 721 6484 murorum
762 6412 895 6487 fabrica
934 6419 1052 6486 erecta
1087 6410 1281 6517 amarunt,
1318 6410 1426 6483 nabot
1460 6410 1566 6483 etiam
1603 6407 1818 6500 praedictum

370 6582 524 6624 manaae
541 6581 585 6623 111.
1618 6557 1656 6608 48
