4217 8059
1749 1483 1829 1557 aul

1848 1620 1868 1673 i·

1849 1703 1853 1710 ι

386 1690 483 1763 Snus
498 1685 696 1781 ‘Auernum
721 1692 804 1763 villa
825 1691 956 1762 babens
982 1692 1020 1761 in·
1037 1711 1076 1761 se
1101 1691 1280 1763 ecclesiam
1298 1688 1417 1762 Sancti
1434 1689 1611 1762 Vincentii
1636 1691 1824 1783 mptricem,

282 1812 347 1883 sub
373 1813 539 1901 parochia
565 1811 720 1884 Novae
746 1806 856 1901 Slup
884 1812 996 1899 sitam,
1023 1811 1121 1884 cuius
1138 1813 1334 1901 proprietas
1352 1811 1397 1882 ad
1412 1802 1844 1925 ,monasteriwflauctse‘

281 1932 402 2004 Crucis
429 1933 588 2022 pertinet.
615 1933 655 2003 In
679 1953 751 2022 qua
777 1937 860 2003 sunt
884 1931 1030 2003 sedecim
1059 1953 1135 2003 cum
1162 1933 1275 2003 medio
1302 1932 1394 2003 lanei
1420 1926 1675 2031 emethonoffil'
1687 1936 1726 2003 et
1751 1933 1827 2022 qui·

280 2053 367 2123 libet
387 2052 498 2124 solvit
524 2073 587 2141 pro
614 2073 719 2123 censu
746 2073 851 2123 unium
876 2051 1046 2123 fertonem
1073 2059 1109 2124 et
1131 2073 1194 2142 pro
1214 2048 1387 2146 perediae
1412 2058 1562 2142 quatuor
1587 2036 1727 2141 grossos
1754 2073 1827 2123 mo·

281 2173 443 2261 nasterio,
470 2173 553 2244 item
581 2173 827 2263 ovatrIginta,
852 2173 966 2263 gallos
992 2172 1098 2262 duos,
1124 2173 1207 2243 item
1235 2193 1373 2260 case0s;
1409 2173 1493 2244 item
1520 2172 1665 2262 quilibet
1690 2158 1921 2291 laborat*
1951 2226 1970 2279 ᾗ,

281 2313 385 2363 unum
412 2292 503 2363 diem
528 2293 565 2362 in
593 2294 786 2383 septimana
820 2293 962 2383 proprio
998 2313 1103 2364 curru
1136 2298 1198 2364 aut
1224 2299 1342 2364 aratro
1369 2298 1405 2363 st
1424 2284 1609 2386 poscebam
1643 2274 1869 2382 utramque-fs
1919 2256 2033 2395 ῃ.

280 2413 451 2502 laborant,
478 2413 625 2484 serendo
643 2412 686 2484 de
703 2433 813 2503 grano
841 2414 984 2503 proprio
1011 2434 1116 2484 unam
1142 2433 1337 2485 mensuram
1364 2412 1521 2502 siliginis,
1539 2417 1575 2483 et
1591 2410 1678 2484 duas
1694 2432 1825 2485 arenae

281 2532 461 2604 confertas.
505 2533 594 2604 Item
620 2534 786 2605 tabernae
813 2533 901 2605 duae
929 2534 1131 2605 monasterii
1158 2533 1326 2605 babentes
1352 2552 1473 2622 agros,
1501 2553 1571 2603 una
1584 2532 1702 2608 solvit
1727 2545 1826 2604 sexa.-
1903 2601 1908 2611 ,

280 2674 412 2743 genam
438 2655 550 2725 altera
575 2654 755 2742 fertonem,
783 2655 865 2724 item
892 2654 1110 2728 hortulaniae
1127 2673 1188 2726 sex
1206 2654 1376 2725 habentes
1398 2672 1510 2743 agros,
1530 2652 1621 2730 ,item
1647 2651 1827 2742 praedium

281 2774 480 2846 coenobiale
506 2775 667 2864 amplum,
694 2774 737 2845 de
763 2775 861 2846 cuius
883 2775 978 2866 agris
1004 2774 1091 2848 nulli
1117 2775 1178 2847 dat
1204 2774 1381 2864 decimam,-
1407 2773 1563 2845 sedeam
1589 2793 1661 2862 pro
1671 2793 1710 2844 se
1726 2759 1833 2860 tolus

282 2895 365 2966 item
392 2917 460 2966 non
488 2916 606 2966 omnes
633 2896 710 2986 agri
737 2895 800 2967 sed
827 2895 943 2987 aliqui
969 2914 1050 2983 nm
1075 2916 1139 2987 pro
1166 2895 1352 2967 medietate
1379 2894 1491 2983 villae,
1518 2893 1659 2966 solvunt
1684 2899 1721 2964 et
1747 2913 1828 2965 con-

281 3013 412 3086 ducunt
437 3015 604 3087 decimam
631 3017 881 3106 manipularem
908 3022 945 3089 et
970 3015 1189 3107 canopeum,
1224 3022 1261 3087 et
1286 3017 1363 3107 agri
1398 3018 1658 3087 tabernator‘um
1685 3019 1722 3085 et
1748 3014 1828 3085 bor·

281 3135 491 3207 tulaniarum
508 3157 573 3226 pro
590 3137 737 3209 ecclesia
754 3137 945 3227 parochiali
970 3139 1006 3209 in
1034 3136 1161 3209 Nora
1186 3136 1314 3227 Slnp‚
1340 3137 1501 3209 et.·valor
1522 3137 1600 3208 eius
1624 3135 1828 3208 aestimatur

281 3255 326 3326 ad
360 3277 422 3328 sex
449 3277 583 3328 marcas
620 3257 663 3328 de
690 3258 864 3347 aliquibus
899 3279 963 3347 pro
989 3257 1219 3346 monasterio,
1253 3262 1291 3344 et
1315 3256 1521 3331 aestimatur
1556 3255 1662 3327 etiam
1694 3255 1739 3326 ad
1766 3274 1826 3326 sex

282 3396 423 3447 marom.
450 3377 536 3453 Item
564 3377 796 3449 molendinum
814 3377 865 3449 ibi
882 3399 996 3467 unum,
1027 3378 1159 3450 babens
1185 3398 1290 3449 unum
1318 3377 1453 3449 laneum
1480 3395 1652 3466 agrorum,
1669 3380 1707 3448 et
1724 3375 1828 3447 solvit

241 3583 243 3586 ¹
282 3496 367 3568 duas
394 3517 601 3587 sexagenas,
637 3498 743 3570 etde
770 3497 891 3570 eodem
926 3497 1123 3570 molendino
1149 3502 1187 3569 et
1212 3498 1306 3588 agris
1331 3496 1487 3583 eiusdem
1521 3496 1668 3569 solvitur
1694 3496 1828 3591 decium

282 3617 508 3706 manipularis
534 3618 683 3707 plebano
703 3619 745 3689 ·in
772 3617 891 3708 Slup.
934 3619 1024 3690 Item
1060 3619 1248 3690 secundum
1283 3580 1517 3743 molend*
1550 3618 1588 3688 in
1613 3616 1763 3706 piscina,
1789 3619 1827 3686 et

282 3737 387 3808 solvit
412 3745 562 3827 quatuor
587 3757 731 3810 marcos.
758 3739 846 3810 Item
872 3739 1014 3811 tertium
1040 3738 1274 3810 molendinum
1301 3739 1337 3809 in
1363 3734 1506 3828 piscina,
1532 3743 1569 3808 et
1594 3742 1707 3808 serrat
1732 3754 1827 3807 asse-

282 3879 348 3947 res,
376 3864 414 3945 οῖ,
439 3858 543 3930 solvit
568 3859 656 3930 duas
683 3880 836 3948 morcas3
871 3881 914 3932 ex
942 3859 1102 3931 omnibus
1136 3865 1251 3931 tamen
1278 3859 1393 3932 tribus
1420 3856 1585 3948 praefatis
1611 3855 1827 3959 moleinis,

282 3997 400 4049 omnes
427 3998 608 4050 mensurae
634 3986 669 4050 et
696 3980 812 4050 omnia
837 3980 1067 4061 emolumenta
1092 3979 1136 4051 de
1162 3980 1310 4068 braseis‚
1338 3977 1464 4052 cedunt
1491 3977 1710 4050 monasterio.
1719 3975 1827 4072 ,Con-

281 4097 368 4170 tinet
394 4096 932 4189 oum-Grzegorzowicze,
960 4099 1223 4186 Welsznow,
1263 4097 1582 4191 Gyelyenyow,
1608 4092 1827 4206 Cranstb·
1867 4175 1871 4180 ,

281 4218 385 4290 kow.
1727 4269 1735 4286 .

310 4306 591 4429 tuonnszrn,
620 4340 702 4410 villa
728 4341 792 4411 sub
819 4340 984 4430 parocbia
1010 4340 1054 4412 de
1080 4338 1346 4430 Wasznyow
1376 4340 1453 4411 sita
1493 4339 1534 4411 In
1561 4359 1630 4430 qua
1656 4344 1738 4410 sunt
1763 4360 1827 4410 nn·
1918 4394 1920 4397 -

281 4459 391 4540 decim
417 4459 508 4530 lanei
536 4460 780 4549 emethonales‚
807 4466 843 4531 et
869 4461 1016 4550 quilibet
1042 4461 1147 4533 soluit
1172 4482 1236 4552 pro
1254 4481 1360 4534 censu
1387 4481 1491 4533 unam
1513 4479 1674 4548 marcam,
1700 4465 1738 4584 et
1763 4479 1827 4549 pro

275 4574 447 4672 perediae
474 4585 622 4669 quotuor
647 4601 799 4670 grossos,
824 4581 906 4652 item
934 4602 1002 4653 ova
1026 4581 1183 4672 triginta,
1208 4582 1320 4672 gallos
1346 4581 1443 4671 duos,
1469 4580 1551 4652 item
1578 4599 1717 4668 caseos;
1743 4554 1826 4651 its}

284 4699 430 4788 quilibet
465 4699 600 4771 laborat
625 4723 647 4771 a
672 4699 762 4772 festo
789 4701 922 4773 Christi
948 4701 993 4773 ad
1027 4702 1199 4774 Iohannis
1225 4703 1423 4793 BaptIstae‚
1459 4722 1565 4772 unum
1591 4699 1682 4772 diem
1717 4705 1754 4770 et
1783 4698 1827 4770 ab

284 4819 365 4890 inde
392 4820 436 4890 od
462 4820 587 4893 festum
614 4821 744 4894 Christi
770 4823 858 4895 duos
883 4823 958 4895 dies
983 4823 1125 4926 proprio
1152 4842 1257 4896 curru
1290 4829 1353 4895 sut
1377 4827 1506 4895 aratro.
1548 4822 1637 4894 Item
1663 4803 1830 4893 tabernae

280 4939 368 5011 duae
396 4940 563 5012 habentes
591 4962 704 5031 agros,
727 4943 1037 5032 quaelibetsolrit
1064 4964 1167 5015 unam
1193 4964 1400 5035 sexagenum
1418 4949 1455 5016 et
1472 4947 1550 5015 octo
1567 4962 1717 5034 grossos,
1743 4942 1827 5013 item

283 5061 518 5150 hortulanus,
554 5063 636 5133 item
663 5063 841 5153 praedium
868 5071 924 5136 est
950 5065 998 5137 ibi
1026 5063 1211 5155 optimum,
1242 5065 1286 5138 de
1311 5086 1380 5155 quo
1407 5064 1493 5137 nulli
1520 5063 1624 5136 solvit
1650 5063 1826 5153 decimam,

281 5181 342 5252 sed
368 5201 442 5252 eam
470 5203 534 5271 pro
561 5203 599 5253 so
625 5183 728 5254 tollit.
764 5183 852 5255 Item
879 5183 922 5255 de
950 5184 1109 5258 omnibus
1135 5186 1230 5276 agris
1257 5185 1360 5259 villae
1387 5185 1535 5258 solvitur
1561 5191 1597 5257 et
1622 5182 1827 5271 conducitur

281 5301 414 5373 decima
440 5303 664 5393 manipularis
700 5311 736 5376 et
762 5305 956 5404 canapalis,
991 5326 1055 5397 pro
1081 5307 1296 5379 monasterio
1320 5306 1466 5380 Sanctae
1492 5306 1631 5396 Crucis,
1667 5312 1703 5377 et
1729 5304 1827 5377 valor
1958 5299 1965 5313 “

280 5422 355 5493 eius
382 5424 587 5494 aestimatur
613 5423 658 5495 ad
685 5424 880 5515 quindecim
906 5446 1050 5498 marcas
1076 5415 1164 5499 Item
1184 5433 1266 5498 sunt
1292 5428 1341 5499 ibi
1367 5434 1440 5500 tres
1453 5428 1618 5518 piscinae
1645 5425 1826 5498 coenobia-

280 5541 331 5613 les
358 5543 518 5632 minores‚
544 5549 580 5614 et
607 5551 733 5634 quarta
758 5545 876 5636 maior,
903 5547 939 5621 in
966 5568 1034 5637 qua
1059 5550 1117 5623 oet
1142 5548 1383 5640 molendinum,
1411 5555 1448 5622 et
1473 5507 1708 5622 solution..
1735 5543 1826 5617 Con·

280 5661 365 5734 linat
392 5662 723 5756 cum³anszouq
749 5665 1068 5758 Kotharszyn,
1094 5668 1473 5761 Koprzywnic-za,
1500 5667 1825 5761 Wyelpeboro·
1909 5737 1917 5750 ,

282 5783 439 5872 wioze,
466 5783 730 5875 Czyaszow‚
756 5785 914 5877 Janin,
940 5786 1337 5862 Pankoslawicue.

136 5950 141 5960 ,
384 5888 740 5995 Yazmnnczowrcze,
767 5907 859 5978 villav
876 5909 941 5978 sub
959 5909 1125 5997 parochia
1151 5910 1317 5983 eoelesIae
1344 5911 1387 5984 de
1414 5910 1602 5982 Manius
1627 5910 1703 5998 sita,
1729 5908 1826 5981 cuius

154 6039 157 6044 “
279 6024 476 6112 proprietas
502 6025 547 6096 ud
574 6027 821 6099 monasterium
848 6027 995 6099 Sanctae
1021 6027 1144 6101 Crucis
1170 6033 1331 6121 pertinet.
1363 6033 1403 6103 In
1430 6053 1499 6123 qua
1524 5994 1698 6223 quoa&
1722 6035 1826 6100 erant

193 6238 200 6247 ι
279 6143 372 6215 lunei
398 6139 652 6236 cmctbonales‚
688 6146 750 6219 sed
775 6148 847 6220 fere
874 6170 995 6221 omnes
1022 6134 1171 6240 depositi
1197 6157 1341 6223 suntet
1367 6152 1403 6223 in
1429 6149 1588 6242 praedial
1654 6149 1827 6239 conversi,

279 6270 315 6334 et
340 6265 449 6337 babet
473 6267 545 6338 illic
571 6269 817 6340 monasterium
844 6269 993 6343 Sanctae
1020 6269 1141 6346 Crucis
1172 6272 1352 6360 proedium
1378 6278 1560 6344 extensum
1587 6233 1826 6367 effbptimpm,

262 6390 316 6467 ,ct
342 6387 472 6462 curiam
508 6388 594 6460 bene
628 6385 864 6481 aedificatam
899 6411 942 6463 ex
968 6391 1120 6486 antiquis
1146 6393 1242 6486 agris
1275 6391 1411 6484 praedii
1445 6376 1595 6484 percipit
1605 6363 1765 6467 &ciceia
1790 6391 1826 6463 iu
