4217 8059
1749 1474 1823 1546 tal

277 1671 484 1742 necessitate
498 1654 709 1760 impellente
736 1673 917 1761 venditae,
954 1673 1089 1762 aliquae
1116 1694 1179 1762 per
1204 1673 1423 1762 tyrannidem
1458 1674 1650 1763 principum
1682 1684 1719 1745 et
1736 1683 1825 1766 ¹pro·
1866 1752 1870 1762 ,

277 1812 392 1862 cerum
420 1792 556 1862 ablatae
583 1802 619 1862 et
646 1801 832 1882 occupatae
868 1812 933 1882 per
968 1793 1197 1864 violentiam
1220 1794 1342 1883 ltaque
1379 1814 1447 1865 non
1474 1802 1528 1864 est
1556 1795 1623 1864 mei
1651 1799 1820 1885 propositi

276 1911 510 1982 haereditates
538 1913 710 2001 praelatas
737 1934 865 2000 omnes,
894 1934 980 2003 quas
998 1913 1033 1982 in
1052 1912 1168 1983 dotem
1195 1921 1333 1984 constat
1360 1912 1466 1984 luisse
1494 1915 1705 1986 monasterio
1724 1936 1824 2004 prae·
1889 1890 1904 1902 ’

275 2032 358 2116 fatu,
386 2032 529 2101 collatas
557 2032 771 2117 describere,
808 2053 884 2102 cum
912 2031 980 2102 iarn
1008 2033 1043 2103 in
1072 2033 1217 2103 aliorum
1253 2034 1490 2103 transiverunt
1525 2041 1653 2105 sortem
1681 2040 1717 2104 et
1743 2024 1822 2125 pro-

275 2153 468 2240 prietatem
495 2152 555 2222 sed
583 2142 751 2222 duntaxat
778 2172 846 2237 eas,
874 2153 909 2221 in
938 2172 1084 2241 quarum
1111 2153 1356 2223 monasterium
1384 2153 1419 2222 in
1447 2130 1741 2244 Sthonyatk'y
1768 2163 1823 2226 est

273 2272 488 2359 proprietate
515 2278 550 2341 et
576 2272 801 2359 possessione,
829 2293 872 2341 ne
890 2279 926 2341 et
943 2273 1039 2360 ipsae
1059 2273 1307 2343 abstrahantur
1326 2293 1346 2340 a
1364 2273 1494 2344 ditione
1513 2274 1723 2360 monasterii,
1750 2281 1821 2345 tam
1839 2357 1847 2387 Ι

275 2391 399 2461 devote
425 2401 463 2460 et
488 2392 649 2479 religiose
676 2392 818 2479 fundati,
846 2399 882 2461 et
908 2393 943 2462 in
971 2405 1168 2462 exterorum
1205 2392 1461 2464 transferantur
1487 2395 1650 2465 iniustam
1677 2415 1822 2484 occupa·

274 2513 412 2596 tionem,
440 2532 461 2579 a
487 2531 555 2600 qua
581 2512 665 2581 illud
692 2519 886 2600 regestrum
923 2532 1086 2600 praesens
1113 2518 1148 2582 et
1174 2513 1380 2602 descriptio,
1409 2534 1475 2584 non
1504 2535 1601 2585 secus
1630 2536 1732 2602 quam
1759 2518 1822 2589 ali·
1893 2605 1899 2613 ,

275 2630 365 2719 quod
380 2630 607 2719 privilegium,
625 2608 756 2719 poterit
770 2631 959 2718 vindicare;
977 2631 1069 2701 bona
1083 2631 1199 2720 itaque
1213 2633 1414 2703 monasterii
1430 2633 1465 2702 in
1484 2633 1628 2704 Stban
1639 2640 1715 2723 yat
1725 2637 1746 2706 b
1756 2636 1780 2706 k
1790 2642 1821 2726 y,

276 2751 309 2818 in
338 2771 481 2838 quorum
511 2771 601 2821 resino
628 2757 682 2821 est
708 2751 937 2839 possessione,
962 2751 1131 2839 iuscripta
1157 2772 1233 2822 esse
1260 2752 1494 2823 dinoscuntur.

377 2869 451 2941 Hoc
478 2891 613 2960 quoque
641 2871 720 2941 huic
747 2873 844 2960 operi
871 2871 1091 2942 inserendum
1119 2878 1181 2957 est;
1209 2872 1362 2961 quadiu
1390 2872 1591 2943 fundatione
1618 2876 1845 2945 monasterii>

274 2992 316 3061 de
344 2991 674 3081 Sthanyatlr‘ky
710 3011 824 3061 comes
851 2990 1009 3063 Clemens
1036 2990 1080 3061 de
1107 2984 1312 3062 Russcz'a
1348 2991 1555 3063 castellanus
1581 2992 1820 3066 cracoviensis

274 3111 394 3198 voluit,
421 3110 598 3181 ordinavit
625 3119 661 3181 et
687 3111 856 3198 instituit,
884 3117 923 3182 ut
949 3110 1094 3199 triginta
1122 3111 1164 3182 ad
1192 3112 1305 3182 miuus
1332 3133 1471 3182 sorores
1498 3113 1533 3183 in
1561 3113 1716 3202 praelato
1744 3135 1821 3185 eoe-

274 3232 376 3302 nobio
404 3232 563 3307 habitent
591 3231 751 3300 continue
778 3238 814 3302 et
841 3231 1040 3317 foveantur,
1082 3252 1158 3301 cum
1185 3238 1222 3301 et
1249 3252 1311 3319 pro
1339 3232 1496 3321 pluribus
1524 3233 1703 3303 sororibus
1730 3234 1822 3305 buna

273 3352 478 3441 temporalia
505 3351 686 3421 sufficiant.
732 3352 817 3421 ltem
847 3351 1185 3441 quodpraepositus
1220 3351 1374 3422 eiusdem
1402 3353 1603 3423 monasterii
1630 3353 1665 3421 in
1692 3351 1820 3422 Stha-

272 3471 478 3560 nyatblry
506 3491 547 3540 ex
577 3470 818 3559 Thynicziansi
845 3469 1053 3541 monasterio
1082 3469 1321 3559 assumendus,
1358 3472 1510 3562 quinque
1535 3471 1662 3543 iratres
1689 3469 1820 3541 ordinis

273 3591 326 3660 sui
354 3610 467 3661 secum
495 3597 622 3678 teneat,
650 3597 686 3661 et
713 3591 803 3661 bona
830 3591 1031 3661 monasterii
1058 3590 1203 3679 provide
1226 3599 1263 3661 et
1289 3591 1445 3662 modeste
1471 3593 1649 3682 gubernet,
1677 3596 1713 3658 et
1731 3593 1817 3659 tem·

272 3711 401 3800 puralis
428 3712 588 3799 existens,
617 3711 660 3781 ad
688 3712 899 3782 voluntatem
927 3719 964 3781 et
989 3710 1167 3782 decretum
1188 3690 1342 3801 episcopi
1361 3708 1597 3783 Graeoviensis
1624 3707 1735 3796 possit
1752 3726 1818 3796 pro

273 3831 426 3920 quolibet
453 3838 609 3919 tempore
636 3831 797 3918 destitui,
825 3839 860 3902 et
887 3832 1050 3904 amoveri.
1078 3832 1164 3901 ltem
1191 3821 1302 3902 voluit
1328 3838 1365 3902 et
1389 3827 1581 3931 ordinavit,
1617 3834 1656 3896 ut
1682 3846 1819 3897 sorores

272 3951 418 4042 praelati
447 3953 614 4039 coenobii,
642 3973 682 4022 ex
710 3953 803 4022 iusta
829 3960 865 4022 et
891 3953 1047 4042 legitima
1073 3973 1191 4038 causa,
1220 3960 1256 4022 et
1281 3952 1323 4019 de
1350 3945 1489 4017 licentia
1516 3946 1667 4034 episcopi
1694 3944 1819 4016 Gracu-

273 4072 408 4156 viensis,
438 4081 582 4160 possent
608 4071 651 4141 ad
679 4072 881 4160 religionem
908 4071 1190 4143 (listerciensium
1218 4067 1377 4153 transire,
1405 4073 1442 4135 et
1468 4085 1505 4133 se
1524 4085 1564 4132 ac
1590 4064 1720 4134 dictum
1739 4085 1817 4137 coe-

273 4192 411 4262 nobium
439 4192 474 4261 in
502 4191 822 4281 Stheniathky
849 4192 893 4261 ad
920 4192 1048 4262 dietum
1077 4192 1230 4263 ordinem
1258 4185 1456 4277 trarrsierqe.

376 4311 780 4398 Suessanum-villa
807 4312 870 4382 sub
897 4305 1061 4401 parochia
1087 4308 1252 4385 eeclesiae
1279 4305 1321 4374 de
1349 4302 1547 4371 Brzesze
1575 4302 1650 4386 sita.
1682 4303 1721 4373 ln
1750 4324 1819 4393 qua

272 4441 353 4503 suut
379 4451 439 4502 sex
466 4431 558 4501 lanei
585 4430 833 4519 amethonales,
861 4439 897 4501 et
923 4429 1119 4520 proprietas
1146 4425 1247 4495 villae
1274 4421 1375 4509 pleno
1403 4421 1479 4491 iure
1506 4421 1657 4509 pertinet
1684 4422 1728 4493 ad
1757 4422 1840 4494 ab-'

272 4553 439 4623 betissanr
464 4560 501 4621 et
529 4552 807 4623 sanctimoniales
826 4549 1024 4623 monasterii
1051 4547 1088 4617 in
1116 4528 1461 4639 Sthan·y'atbl‹y,
1488 4540 1634 4611 etvilla
1660 4541 1817 4631 praefata

272 4680 326 4742 est
350 4672 476 4743 fundus
503 4672 648 4761 praelati
677 4670 876 4743 monasterii
903 4669 947 4737 in
974 4661 1321 4751 Sthanyathky3
1361 4671 1398 4730 et
1425 4661 1570 4750 quilibet
1597 4661 1732 4732 cmetbo
1772 4661 1815 4732 de

272 4793 371 4862 laneo
399 4793 504 4864 solvit
530 4813 594 4882 pro
623 4814 736 4864 annuo
764 4811 867 4862 oensu
895 4787 1042 4858 sedecim
1070 4789 1201 4854 scottos
1228 4781 1417 4851 communis
1444 4781 1629 4870 pecuniae,
1657 4781 1738 4862 item
1766 4783 1817 4851 vi·

270 4913 358 5002 giuti
377 4934 459 5000 ova,
487 4914 570 4982 item
598 4912 684 4982 duos
709 4910 828 4999 gallos,
855 4908 938 4977 item
957 4906 1042 5007 duos
1061 4921 1190 4990 caseos,
1203 4901 1301 4973 ‚item
1325 4900 1472 4989 quilibet
1489 4900 1625 4971 emetha
1645 4899 1687 4971 de
1706 4900 1816 4989 laneo,

271 5054 293 5102 a
319 5033 408 5104 festo
435 5032 552 5103 Sancti
580 5029 770 5114 Michaelis,
799 5022 978 5116 usquead
1005 5023 1129 5093 festum
1147 5022 1266 5103 Sancti
1284 5020 1464 5108 lobannis,
1491 5026 1631 5103 tenetur
1657 5020 1817 5093 laborare

271 5159 344 5221 tras
371 5152 444 5223 dies
471 5152 613 5242 proprio
629 5169 743 5220 curru
770 5156 830 5218 aut
856 5150 982 5231 aratro,
1010 5163 1031 5212 a
1058 5142 1146 5212 festu
1173 5162 1256 5212 vero
1280 5140 1402 5212 Sancti
1427 5140 1608 5230 lobannis,
1635 5142 1816 5232 usquead
1892 5140 1898 5151 '

273 5270 398 5340 iestu'm
426 5272 543 5341 Sancti
570 5268 769 5355 Michaelis,
809 5266 852 5335 de
879 5265 979 5333 laneo
1007 5260 1163 5351 quolibet
1189 5261 1245 5332 die
1272 5268 1436 5332 tenentur
1463 5262 1641 5365 laborare,
1677 5267 1817 5352 praeter

273 5390 362 5460 diem
390 5390 545 5469 sabbati;
581 5389 662 5458 item
691 5383 837 5475 quilibet
863 5383 906 5452 de
933 5382 1031 5453 laneo
1052 5381 1172 5453 solvit
1206 5381 1294 5453 duos
1320 5382 1446 5453 choros
1477 5401 1608 5453 avenae
1634 5400 1815 5477 mensurae
1886 5364 1895 5385 ¹

272 5509 508 5580 Gracoviensis
540 5508 723 5601 confertae.
768 5504 855 5575 ltem
881 5511 964 5575 suut
989 5503 1024 5579 iu
1052 5503 1174 5609 eadem
1209 5503 1293 5574 villa
1314 5503 1394 5573 -duo
1421 5500 1614 5588 hortulani,
1649 5500 1816 5571 habentes

256 5642 384 5718 agros,
410 5635 447 5697 et
472 5627 616 5716 quilibet
643 5625 747 5696 solvit
782 5646 846 5714 pro
873 5645 993 5696 censu·
1013 5644 1128 5701 annuo
1163 5645 1269 5694 unum
1304 5622 1492 5713 senonem,
1519 5628 1556 5691 et
1582 5641 1687 5691 unum
1723 5619 1816 5693 mem

272 5751 466 5841 pedestrem
493 5749 527 5817 in
555 5747 756 5837 septimana.
801 5744 887 5814 Item
915 5746 1058 5815 suntin
1086 5743 1207 5815 eadem
1233 5743 1450 5814 haereditate
1475 5741 1511 5812 in
1539 5745 1650 5812 strata
1676 5739 1813 5830 publiea
1843 5838 1848 5848 .

271 5872 360 5941 duae
386 5868 571 5953 tabernae,
605 5867 772 5967 habentes
799 5884 903 5955 agros
930 5864 1063 5952 amplos
1089 5872 1126 5934 et
1152 5864 1284 5953 largos,
1320 5868 1356 5934 et
1383 5883 1451 5933 una
1467 5861 1581 5941 ,solvit
1615 5881 1679 5951 pro
1706 5879 1812 5938 censu

271 6008 403 6075 annuo,
440 6006 527 6076 quae
554 5992 698 6057 vocatur
729 5983 937 6071 Schwab,
972 5983 1123 6073 quinque
1160 6003 1292 6071 marcas
1327 5982 1444 6061 decen
1479 6001 1620 6071 grossos
1647 5986 1683 6050 et
1711 5997 1815 6049 unum

270 6106 420 6197 lapidem
447 6106 531 6194 sepi,
558 6105 627 6175 alia
649 6125 736 6194 quae
762 6109 907 6176 vocatur
933 6101 1262 6189 Sthanczonis,
1289 6101 1396 6172 solvit
1421 6101 1506 6177 duas
1525 6119 1658 6170 marcas
1677 6101 1713 6169 et
1730 6096 1816 6168 duos
1915 6197 1919 6206 Ι

268 6228 403 6318 lapides
431 6226 514 6314 sepi.
554 6223 641 6294 Item
668 6224 909 6297 mberdatores
937 6221 980 6293 de
1008 6222 1131 6293 iisdem
1157 6221 1314 6291 tabernis
1341 6228 1503 6291 tenentur
1531 6219 1692 6289 laborare
1719 6215 1816 6289 adiu·
1854 6204 1861 6217 ’
1907 6209 1910 6215 ’

271 6354 346 6418 star
372 6345 593 6416 emethonum
621 6343 656 6412 in
683 6341 1024 6435 Stbanyatblry.
1068 6341 1156 6412 Item
1182 6340 1218 6411 in
1241 6339 1366 6417 ‚eadem
1397 6336 1615 6443 haereditate
1642 6336 1818 6423 suntduo

371 6514 419 6553 mo.
434 6511 584 6552 ssimum.
1614 6484 1651 6531 36
