4217 8059
335 1448 528 1551 asco·

398 1706 441 1757 en
467 1680 688 1755 Bolealao
717 1677 888 1751 Gbabri
915 1674 1081 1751 Poloniae
1107 1696 1191 1769 rege
1216 1696 1281 1769 per
1305 1675 1433 1749 lineam
1458 1678 1589 1761 rectam
1608 1672 1852 1749 descendentis
1868 1692 1951 1766 pro·

399 1806 543 1897 nepotis,
571 1802 766 1893 captivitas,
794 1820 894 1892 quem
921 1806 1067 1890 patruus
1094 1820 1176 1872 auus
1202 1818 1388 1890 germanus
1415 1796 1656 1872 conradus
1674 1796 1854 1869 Maeoniae
1871 1796 1951 1887 dux,

398 1926 488 1997 filius
524 1924 746 1995 Oasimiri
782 1922 947 1995 Poloniae
984 1920 1213 2011 Menarchus,
1241 1922 1457 2013 principatus
1484 1938 1566 1991 srvos
1601 1919 1667 1989 sibi
1694 1918 1950 2007 vendicaturus,

398 2046 593 2137 captivitati
619 2046 654 2115 in
683 2044 758 2115 loco
785 2043 987 2115 monasterii
1013 2040 1162 2133 praelati
1188 2043 1225 2113 in
1244 2040 1497 2123 adolescentiae
1515 2040 1614 2111 annis
1632 2039 1829 2130 incluserat,
1846 2058 1950 2129 quam

398 2168 612 2256 benignitate
643 2165 829 2238 Nicolai
851 2165 1003 2236 ¹abbatis
1039 2163 1360 2235 Szeczachoviensis
1386 2163 1527 2234 natione
1553 2159 1690 2251 Gallici,
1717 2167 1823 2252 capnt
1848 2179 1948 2231 suum

397 2288 432 2358 in
459 2288 650 2377 periculum
687 2287 909 2378 exponentis,
936 2292 972 2356 et
999 2305 1107 2375 opera
1133 2284 1389 2357 Clementis
1424 2283 1571 2375 palatini
1597 2281 1855 2372 (lucuniensis,
1883 2280 1949 2355 viri

398 2408 524 2481 nobilis
552 2411 594 2479 ele
620 2408 752 2493 familia
779 2406 1033 2499 Gryfonum
1059 2408 1220 2497 evadens,
1246 2406 1492 2477 monasterium
1520 2404 1714 2496 paracletum
1741 2403 1951 2477 vicissitudi-

398 2550 473 2601 nem
501 2530 551 2600 illi
579 2550 643 2619 pro
670 2533 810 2619 accepto
838 2529 1004 2600 beneficio
1031 2528 1190 2619 reddens,
1217 2528 1451 2617 singularibus
1478 2534 1515 2597 et
1538 2526 1710 2598 munificis
1727 2525 1948 2597 libertatibus

398 2650 639 2741 privilegiavit
680 2650 785 2721 Ollius
822 2670 864 2720 ne
901 2650 1032 2721 dotalia
1068 2650 1160 2721 bona
1195 2650 1413 2740 dispereant,
1448 2654 1486 2719 et
1519 2648 1669 2739 aliquam
1705 2646 1948 2718 alienationem

396 2772 724 2862 distractionemque
751 2773 979 2861 contrabant,
1007 2772 1084 2862 ipsa
1110 2792 1179 2862 quo
1205 2769 1342 2842 fidelius
1369 2771 1564 2859 iustiusqne
1590 2770 1782 2859 poterimus
1808 2767 1949 2839 conabi-

294 2928 296 2933 ·
397 2914 473 2963 mur
508 2898 685 2964 annotare.
727 2892 884 2963 Contulit
920 2899 956 2965 et
992 2893 1028 2963 in
1065 2893 1181 2964 dotem
1217 2891 1366 2983 praefati
1392 2892 1595 2963 monasterii
1622 2890 1854 2961 Hauricus
1881 2888 1950 2961 dux

352 3084 364 3106 ,
397 3012 703 3103 Sandomiriensis,
730 3021 767 3084 et
792 3012 816 3083 J
825 3034 911 3084 axa
937 3012 1026 3103 dux,
1053 3014 1152 3085 cuius
1178 3015 1285 3103 stirps
1321 3020 1377 3086 est
1402 3013 1531 3103 ignota,
1559 3012 1693 3102 aliquot
1719 3011 1838 3101 villas,
1866 3009 1949 3081 item

397 3130 519 3201 Gomes
546 3132 790 3220 Mart-inus,
817 3133 900 3203 item
928 3132 1050 3203 Gomm
1078 3133 1429 3224 Krzywoszand,
1456 3135 1631 3224 ceterique
1657 3150 1819 3223 proceres
1845 3129 1948 3201 Polo-

397 3250 484 3339 niae‚
512 3272 592 3321 suas
619 3250 854 3321 haereditates
882 3255 919 3320 et
944 3249 1064 3337 villas3
1090 3274 1191 3320 nomo
1217 3260 1334 3324 tamen
1361 3254 1563 3344 ampliorem
1582 3254 1690 3324 scitus
1708 3256 1949 3323 estmonaste-

395 3373 449 3442 rio
467 3372 684 3461 praestitisse
704 3370 829 3460 dotem,
849 3390 950 3460 quam
977 3389 1039 3440 rex
1060 3369 1219 3439 Rolesl
1231 3390 1311 3439 aus
1330 3369 1504 3460 Polcniae,
1523 3377 1581 3461 qui
1598 3394 1664 3461 pro
1681 3394 1724 3444 cc
1740 3378 1950 3463 tempestate

395 3513 591 3582 supremum
622 3493 674 3562 ins
702 3492 735 3561 in
764 3489 918 3581 qualibet
941 3490 1160 3561 haereditate
1173 3490 1361 3579 'habenda
1388 3492 1537 3561 maiores
1564 3492 1790 3563 obventiones
1817 3495 1851 3563 iu
1879 3495 1950 3563 siu-

395 3613 486 3703 gulis
513 3613 625 3700 villis,
653 3632 755 3701 qnam
783 3612 915 3701 proprii
943 3594 1111 3681 haeredes
1137 3611 1360 3701 percipiebat.

501 3732 720 3805 Notandum
748 3752 838 3803 auno
866 3730 1005 3803 Domini
1038 3732 1147 3803 1386.
1173 3730 1261 3803 feria
1287 3738 1413 3823 quarta
1438 3733 1473 3803 in
1493 3738 1617 3804 octava
1635 3732 1860 3813 ascensionis
1877 3732 1948 3803 Do-

395 3854 558 3942 minicae,
585 3854 933 3925 Svanthoslaus
961 3854 1071 3925 abbas
1098 3852 1418 3925 Szeczecboviensis
1453 3855 1544 3925 borna
1571 3855 1773 3925 monasterii
1801 3854 1949 3945 ampliti-

396 3983 555 4063 caturus,
583 3974 698 4046 villam
736 3972 990 4065 Zalyessze
1017 3993 1127 4063 prope
1153 3977 1401 4045 monasterium
1428 3975 1527 4045 iuxta
1553 3974 1585 4045 V
1596 3975 1730 4045 islam
1756 3976 1948 4061 coemisset,

397 4116 460 4187 per
494 4094 742 4166 Ottlronem
779 4101 815 4165 et
849 4094 1101 4167 laskonem
1137 4094 1265 4167 iratres
1300 4116 1484 4186 germams
1511 4096 1554 4167 de
1581 4096 1885 4169 Sccelrarzov
1912 4104 1950 4167 et

395 4218 577 4306 complices
613 4218 687 4287 eins
722 4216 967 4289 Derslaum
1005 4223 1040 4288 et
1075 4216 1220 4289 fratrem
1257 4218 1367 4307 ipsius
1401 4235 1601 4307 germanum
1638 4216 1681 4288 de
1708 4216 1949 4309 Luplrovvo,

395 4335 580 4409 Matthiam
609 4338 652 4409 dc
677 4337 701 4409 J
711 4339 1063 4429 anisszovricze,
1091 4338 1274 4410 Nicolaum
1301 4346 1338 4411 et
1363 4338 1508 4410 fratrem
1535 4339 1644 4429 ipsius
1671 4336 1946 4411 Gladirlram

394 4458 437 4531 de
464 4458 839 4551 Wopnyovvpcze,
875 4461 1093 4533 Bernardum
1130 4461 1173 4532 de
1209 4460 1585 4551 Pyotrkowicze,
1612 4460 1747 4533 nobiles
1773 4460 1818 4532 de
1844 4460 1946 4532 domo

394 4579 446 4652 Bi
458 4582 714 4673 ppennium,
741 4580 968 4654 Micbalinum
996 4582 1039 4653 de
1066 4580 1291 4671 Glouovo,
1318 4582 1599 4655 Wszcradamum
1620 4582 1663 4653 de
1682 4582 1948 4654 Gzastoczi-

381 4720 479 4809 με,
506 4702 633 4774 milites
661 4703 704 4773 de
731 4703 833 4775 domo
861 4698 1096 4794 Habdanlr,
1124 4704 1273 4797 etudoos
1300 4705 1393 4777 cives
1412 4704 1456 4775 de
1482 4703 1685 4795 Sclyccz,
1710 4704 1943 4807 Petrassi-

396 4843 495 4893 num
522 4829 560 4893 et
586 4824 890 4901 venceslaum
927 4826 1080 4915 turpiter
1106 4826 1319 4915 captivatus,
1347 4825 1541 4897 vinculatus
1568 4830 1604 4896 et
1630 4846 1737 4917 super
1761 4825 1940 4897 testitudi-

396 4960 474 5011 nem
500 4946 703 5015 monasterii
732 4946 1052 5018 Szecreaboviensis
1079 4947 1246 5038 reclusus,
1272 4954 1309 5018 et
1334 4947 1491 5037 graviter
1512 4954 1627 5019 tortus
1645 4954 1708 5037 eat,
1726 4954 1766 5019 ut
1783 4948 1945 5038 pecunias

395 5058 538 5151 quibus,
565 5086 642 5137 enm
670 5066 847 5138 abundare
874 5048 1080 5158 credebant,
1107 5070 1151 5141 ab
1178 5090 1219 5141 eo
1246 5075 1491 5160 emungerent3
1518 5070 1576 5159 qui
1604 5070 1841 5159 captivitatem
1867 5088 1947 5140 eva-

91 5192 98 5283 ]
165 5244 185 5285 ‚
395 5180 491 5273 dens,
517 5183 611 5273 ipsos
637 5186 712 5291 inre
739 5208 853 5260 coram
881 5188 1129 5262 Vladislao
1163 5188 1330 5263 poloniae
1356 5210 1440 5281 rege
1466 5190 1645 5279 convenit,
1672 5196 1709 5261 et
1735 5190 1942 5287 senmntiam

395 5297 607 5375 definitivam
633 5304 889 5398 Drogimiri
916 5310 1041 5383 iudicis
1073 5318 1110 5383 et
1136 5310 1320 5385 Greslai
1348 5310 1537 5385 subindicis
1564 5312 1823 5402 cracoviensis,
1850 5312 1945 5403 ipsos

92 4276 100 4329 l

92 4334 98 4437 ξ

90 4470 101 4525 p

91 4566 102 4655 l

92 4702 106 4811 ἓ

394 5422 493 5495 etin
519 5426 639 5515 poeuis
667 5442 749 5499 suaa
776 5433 1009 5523 captivitatis,
1036 5440 1073 5505 et
1099 5434 1135 5504 iu
1162 5440 1299 5506 centum
1325 5440 1363 5506 et
1388 5434 1547 5554 triginta&
1560 5434 1687 5505 marcis
1713 5453 1777 5523 pro
1804 5432 1940 5505 damnis

96 5614 103 5661 Ξ
307 5620 314 5631 ,
394 5542 643 5619 condemnavit
669 5548 945 5623 Vladislaus
970 5561 1088 5627 autem
1113 5574 1176 5627 rex
1203 5556 1369 5628 Poloniac
1396 5557 1432 5627 in
1458 5552 1639 5629 horiorem
1666 5556 1758 5627 tanti
1776 5554 1941 5643 criminis,

101 5658 103 5665 ’
396 5664 571 5755 praefatas
597 5663 844 5743 Ottlronem
871 5679 907 5744 et
933 5672 957 5745 J
965 5676 1208 5749 aszlronem
1235 5677 1279 5749 de
1304 5676 1613 5769 Scaelrarcov,
1632 5683 1668 5748 et
1685 5697 1804 5749 omnes
1822 5696 1940 5749 eorum

357 5797 360 5803 ’
396 5786 578 5877 complices
605 5808 712 5879 supra
738 5788 948 5885 detemptos,
978 5794 1053 5869 iura
1080 5804 1116 5869 et
1141 5798 1273 5871 bonore
1299 5806 1506 5891 patronatus
1531 5797 1745 5871 fundationis
1781 5802 1818 5869 et
1843 5797 1944 5869 dota-

359 5908 501 6019 ‘gadim
531 5906 739 5983 Monasterii
775 5909 1111 6009 Szeczechoviensis,
1144 5920 1176 5991 si
1208 5923 1302 6013 quod
1328 5922 1497 5995 haeoenus
1524 5919 1594 5992 illis
1620 5918 1856 6011 competebat,
1883 5938 1946 5991 sua

362 6010 572 6103 b'a‘entantic
598 6038 635 6104 et
661 6030 774 6105 edicta
800 6040 968 6125 perpetuo
994 6038 1156 6127 privavit.

499 6148 767 6245 Sznczncnovv,
793 6157 1061 6251 monasterium,
1096 6159 1140 6231 ab
1167 6163 1293 6251 oppido
1320 6162 1624 6237 Szeczecbovv
1649 6182 1774 6236 nomen
1801 6163 1946 6252 babens,

357 6290 382 6321 ·.-
396 6291 463 6343 uon
492 6271 594 6365 longe
621 6272 666 6347 ab
693 6294 744 6366 eo,
771 6274 808 6347 in
835 6275 910 6351 laco
937 6280 1116 6355 abstracta
1142 6288 1179 6352 et
1205 6288 1396 6379 segregato,
1422 6286 1460 6359 in
1475 6286 1579 6377 gleba
1595 6286 1696 6359 uberi
1714 6288 1751 6357 et
1766 6282 1945 6377 antara,

397 6390 535 6465 llumine
572 6394 707 6467 Visla
741 6402 777 6467 et
811 6396 944 6490 tingnis
979 6399 1191 6495 lacubusque
1217 6422 1240 6475 a
1264 6410 1365 6494 parte
1388 6391 1656 6523 septentrionali
1683 6406 1942 6534 circumdatum,

1811 6518 1963 6728 pu,
