<?xml version="1.0" encoding="UTF-8"?>
<!DOCTYPE html PUBLIC "-//W3C//DTD XHTML 1.0 Transitional//EN"
    "http://www.w3.org/TR/xhtml1/DTD/xhtml1-transitional.dtd">
<html xmlns="http://www.w3.org/1999/xhtml" xml:lang="en" lang="en">
 <head>
  <title>
</title>
<meta http-equiv="Content-Type" content="text/html;charset=utf-8" />
  <meta name='ocr-system' content='tesseract 3.04.00' />
  <meta name='ocr-capabilities' content='ocr_page ocr_carea ocr_par ocr_line ocrx_word'/>
</head>
<body>
  <div class='ocr_page' id='page_1' title='image "./joannisdugoszse02dugoog_0204.png"; bbox 0 0 4217 8059; ppageno 0'>
   <div class='ocr_carea' id='block_1_1' title="bbox 364 1488 444 1564">
    <p class='ocr_par' dir='ltr' id='par_1_1' title="bbox 364 1488 444 1564">
     <span class='ocr_line' id='line_1_1' title="bbox 364 1488 444 1564; baseline 0.088 -7"><span class='ocrx_word' id='word_1_1' title='bbox 364 1488 444 1564; x_wconf 56' lang='lat'>:190</span> 
     </span>
    </p>
   </div>
   <div class='ocr_carea' id='block_1_2' title="bbox 244 1688 2025 5156">
    <p class='ocr_par' dir='ltr' id='par_1_2' title="bbox 244 1688 2025 5156">
     <span class='ocr_line' id='line_1_2' title="bbox 368 1688 1921 1792; baseline -0.006 -21"><span class='ocrx_word' id='word_1_2' title='bbox 368 1698 413 1771; x_wconf 93' lang='lat' dir='ltr'><strong>ad</strong></span> <span class='ocrx_word' id='word_1_3' title='bbox 440 1699 688 1771; x_wconf 86' lang='lat' dir='ltr'><strong>monasterium</strong></span> <span class='ocrx_word' id='word_1_4' title='bbox 716 1694 921 1767; x_wconf 85' lang='lat' dir='ltr'><strong>Thineiense</strong></span> <span class='ocrx_word' id='word_1_5' title='bbox 947 1693 1116 1784; x_wconf 78' lang='lat' dir='ltr'><strong>pertinet.¹</strong></span> <span class='ocrx_word' id='word_1_6' title='bbox 1135 1691 1177 1764; x_wconf 93' lang='lat' dir='ltr'><strong>ln</strong></span> <span class='ocrx_word' id='word_1_7' title='bbox 1203 1712 1274 1792; x_wconf 86' lang='lat' dir='ltr'><strong>qua</strong></span> <span class='ocrx_word' id='word_1_8' title='bbox 1299 1699 1382 1763; x_wconf 86' lang='lat' dir='ltr'><strong>sunt</strong></span> <span class='ocrx_word' id='word_1_9' title='bbox 1409 1691 1567 1763; x_wconf 77' lang='lat' dir='ltr'><strong>undecim</strong></span> <span class='ocrx_word' id='word_1_10' title='bbox 1594 1711 1672 1763; x_wconf 88' lang='lat' dir='ltr'><strong>curn</strong></span> <span class='ocrx_word' id='word_1_11' title='bbox 1699 1688 1812 1761; x_wconf 90' lang='lat' dir='ltr'><strong>medio</strong></span> <span class='ocrx_word' id='word_1_12' title='bbox 1830 1689 1921 1771; x_wconf 87' lang='lat' dir='ltr'><strong>lanei</strong></span> 
     </span>
     <span class='ocr_line' id='line_1_3' title="bbox 368 1810 1920 1906; baseline -0.003 -16"><span class='ocrx_word' id='word_1_13' title='bbox 368 1818 610 1906; x_wconf 78' lang='lat' dir='ltr'><strong>mnethonales,</strong></span> <span class='ocrx_word' id='word_1_14' title='bbox 637 1823 674 1887; x_wconf 92' lang='lat' dir='ltr'><strong>et</strong></span> <span class='ocrx_word' id='word_1_15' title='bbox 700 1815 847 1905; x_wconf 84' lang='lat' dir='ltr'><strong>quilibet</strong></span> <span class='ocrx_word' id='word_1_16' title='bbox 872 1810 978 1887; x_wconf 84' lang='lat' dir='ltr'><strong>soluit</strong></span> <span class='ocrx_word' id='word_1_17' title='bbox 1004 1835 1068 1904; x_wconf 91' lang='lat' dir='ltr'><strong>pro</strong></span> <span class='ocrx_word' id='word_1_18' title='bbox 1094 1834 1200 1885; x_wconf 85' lang='lat' dir='ltr'><strong>censu</strong></span> <span class='ocrx_word' id='word_1_19' title='bbox 1282 1867 1290 1883; x_wconf 91' lang='lat'><strong>.</strong></span> <span class='ocrx_word' id='word_1_20' title='bbox 1308 1846 1319 1882; x_wconf 83' lang='lat'><strong>:</strong></span> <span class='ocrx_word' id='word_1_21' title='bbox 1335 1867 1343 1882; x_wconf 91' lang='lat'><strong>.</strong></span> <span class='ocrx_word' id='word_1_22' title='bbox 1361 1837 1391 1900; x_wconf 88' lang='lat'><strong>.;</strong></span> <span class='ocrx_word' id='word_1_23' title='bbox 1417 1813 1500 1884; x_wconf 88' lang='lat' dir='ltr'><strong>itern</strong></span> <span class='ocrx_word' id='word_1_24' title='bbox 1527 1834 1594 1885; x_wconf 87' lang='lat' dir='ltr'><strong>ova</strong></span> <span class='ocrx_word' id='word_1_25' title='bbox 1620 1812 1810 1900; x_wconf 80' lang='lat' dir='ltr'><strong>duodecim,</strong></span> <span class='ocrx_word' id='word_1_26' title='bbox 1835 1812 1920 1893; x_wconf 86' lang='lat' dir='ltr'><strong>item</strong></span> 
     </span>
     <span class='ocr_line' id='line_1_4' title="bbox 360 1931 1921 2042; baseline -0.001 -39"><span class='ocrx_word' id='word_1_27' title='bbox 360 1939 477 2029; x_wconf 74' lang='lat' dir='ltr'><strong>¹gallos</strong></span> <span class='ocrx_word' id='word_1_28' title='bbox 504 1942 662 2028; x_wconf 81' lang='lat' dir='ltr'><strong>quatuor,</strong></span> <span class='ocrx_word' id='word_1_29' title='bbox 688 1936 769 2007; x_wconf 84' lang='lat' dir='ltr'><strong>item</strong></span> <span class='ocrx_word' id='word_1_30' title='bbox 789 1955 908 2007; x_wconf 86' lang='lat' dir='ltr'><strong>caseos</strong></span> <span class='ocrx_word' id='word_1_31' title='bbox 926 1934 1032 2023; x_wconf 90' lang='lat' dir='ltr'><strong>duos;</strong></span> <span class='ocrx_word' id='word_1_32' title='bbox 1060 1936 1143 2006; x_wconf 89' lang='lat' dir='ltr'><strong>item</strong></span> <span class='ocrx_word' id='word_1_33' title='bbox 1161 1935 1324 2007; x_wconf 83' lang='lat' dir='ltr'><strong>laborant</strong></span> <span class='ocrx_word' id='word_1_34' title='bbox 1342 1931 1500 2028; x_wconf 66' lang='lat' dir='ltr'><strong>becapai,</strong></span> <span class='ocrx_word' id='word_1_35' title='bbox 1518 1940 1682 2005; x_wconf 84' lang='lat' dir='ltr'><strong>tenentur</strong></span> <span class='ocrx_word' id='word_1_36' title='bbox 1700 1934 1790 2003; x_wconf 91' lang='lat' dir='ltr'><strong>enim</strong></span> <span class='ocrx_word' id='word_1_37' title='bbox 1808 1952 1921 2042; x_wconf 58' lang='lat' dir='ltr'><strong>aroge,</strong></span> 
     </span>
     <span class='ocr_line' id='line_1_5' title="bbox 340 2053 1920 2148; baseline -0.006 -18"><span class='ocrx_word' id='word_1_38' title='bbox 340 2059 566 2146; x_wconf 66' lang='lat' dir='ltr'><strong>nnimre,</strong></span> <span class='ocrx_word' id='word_1_39' title='bbox 582 2063 732 2142; x_wconf 83' lang='lat' dir='ltr'><strong>metere,</strong></span> <span class='ocrx_word' id='word_1_40' title='bbox 768 2054 980 2143; x_wconf 88' lang='lat' dir='ltr'><strong>conducere;</strong></span> <span class='ocrx_word' id='word_1_41' title='bbox 1017 2056 1102 2141; x_wconf 87' lang='lat' dir='ltr'><strong>item</strong></span> <span class='ocrx_word' id='word_1_42' title='bbox 1128 2053 1332 2148; x_wconf 70' lang='lat' dir='ltr'><strong>poscebant,</strong></span> <span class='ocrx_word' id='word_1_43' title='bbox 1358 2055 1442 2124; x_wconf 87' lang='lat' dir='ltr'><strong>item</strong></span> <span class='ocrx_word' id='word_1_44' title='bbox 1468 2074 1626 2148; x_wconf 70' lang='lat' dir='ltr'><strong>compep,</strong></span> <span class='ocrx_word' id='word_1_45' title='bbox 1652 2055 1736 2123; x_wconf 88' lang='lat' dir='ltr'><strong>item</strong></span> <span class='ocrx_word' id='word_1_46' title='bbox 1763 2053 1920 2141; x_wconf 84' lang='lat' dir='ltr'><strong>taberna,</strong></span> 
     </span>
     <span class='ocr_line' id='line_1_6' title="bbox 362 2166 1920 2268; baseline -0.002 -20"><span class='ocrx_word' id='word_1_47' title='bbox 362 2179 449 2250; x_wconf 86' lang='lat' dir='ltr'><strong>item</strong></span> <span class='ocrx_word' id='word_1_48' title='bbox 477 2177 664 2264; x_wconf 86' lang='lat' dir='ltr'><strong>hortulani,</strong></span> <span class='ocrx_word' id='word_1_49' title='bbox 690 2177 774 2248; x_wconf 91' lang='lat' dir='ltr'><strong>item</strong></span> <span class='ocrx_word' id='word_1_50' title='bbox 802 2175 981 2265; x_wconf 85' lang='lat' dir='ltr'><strong>praedium</strong></span> <span class='ocrx_word' id='word_1_51' title='bbox 1008 2175 1210 2268; x_wconf 77' lang='lat' dir='ltr'><strong>coenobiale</strong></span> <span class='ocrx_word' id='word_1_52' title='bbox 1236 2175 1352 2246; x_wconf 87' lang='lat' dir='ltr'><strong>estin</strong></span> <span class='ocrx_word' id='word_1_53' title='bbox 1380 2174 1500 2245; x_wconf 88' lang='lat' dir='ltr'><strong>eadem</strong></span> <span class='ocrx_word' id='word_1_54' title='bbox 1530 2172 1622 2262; x_wconf 68' lang='lat' dir='ltr'><strong>villa</strong></span> <span class='ocrx_word' id='word_1_55' title='bbox 1649 2173 1692 2244; x_wconf 91' lang='lat' dir='ltr'><strong>de</strong></span> <span class='ocrx_word' id='word_1_56' title='bbox 1710 2174 1808 2245; x_wconf 87' lang='lat' dir='ltr'><strong>cuius</strong></span> <span class='ocrx_word' id='word_1_57' title='bbox 1824 2166 1920 2267; x_wconf 61' lang='lat' dir='ltr'><strong>aurp</strong></span> 
     </span>
     <span class='ocr_line' id='line_1_7' title="bbox 277 2294 1918 2383; baseline -0.003 -13"><span class='ocrx_word' id='word_1_58' title='bbox 277 2335 280 2341; x_wconf 95' lang='lat'>·</span> <span class='ocrx_word' id='word_1_59' title='bbox 365 2299 613 2371; x_wconf 84' lang='lat' dir='ltr'><strong>monasterinm</strong></span> <span class='ocrx_word' id='word_1_60' title='bbox 640 2296 805 2368; x_wconf 90' lang='lat' dir='ltr'><strong>decimam</strong></span> <span class='ocrx_word' id='word_1_61' title='bbox 835 2295 937 2366; x_wconf 87' lang='lat' dir='ltr'><strong>tollit</strong></span> <span class='ocrx_word' id='word_1_62' title='bbox 964 2295 1065 2369; x_wconf 81' lang='lat' dir='ltr'><strong>ltem&#39;</strong></span> <span class='ocrx_word' id='word_1_63' title='bbox 1079 2315 1198 2366; x_wconf 89' lang='lat' dir='ltr'><strong>omnes</strong></span> <span class='ocrx_word' id='word_1_64' title='bbox 1226 2295 1302 2383; x_wconf 74' lang='lat' dir='ltr'><strong>agri</strong></span> <span class='ocrx_word' id='word_1_65' title='bbox 1323 2295 1433 2365; x_wconf 78' lang='lat' dir='ltr'><strong>uillae</strong></span> <span class='ocrx_word' id='word_1_66' title='bbox 1459 2295 1599 2365; x_wconf 86' lang='lat' dir='ltr'><strong>solvunt</strong></span> <span class='ocrx_word' id='word_1_67' title='bbox 1625 2314 1689 2383; x_wconf 90' lang='lat' dir='ltr'><strong>pro</strong></span> <span class='ocrx_word' id='word_1_68' title='bbox 1707 2294 1918 2365; x_wconf 84' lang='lat' dir='ltr'><strong>monasterio</strong></span> 
     </span>
     <span class='ocr_line' id='line_1_8' title="bbox 366 2414 1928 2507; baseline -0.002 -19"><span class='ocrx_word' id='word_1_69' title='bbox 366 2417 565 2489; x_wconf 82' lang='lat' dir='ltr'><strong>Tbinciensi</strong></span> <span class='ocrx_word' id='word_1_70' title='bbox 601 2418 768 2489; x_wconf 81' lang='lat' dir='ltr'><strong>decimam</strong></span> <span class='ocrx_word' id='word_1_71' title='bbox 795 2416 1042 2506; x_wconf 78' lang='lat' dir='ltr'><strong>manipularem</strong></span> <span class='ocrx_word' id='word_1_72' title='bbox 1073 2424 1108 2486; x_wconf 90' lang='lat' dir='ltr'><strong>et</strong></span> <span class='ocrx_word' id='word_1_73' title='bbox 1135 2415 1353 2506; x_wconf 87' lang='lat' dir='ltr'><strong>canapalem,</strong></span> <span class='ocrx_word' id='word_1_74' title='bbox 1381 2420 1417 2485; x_wconf 88' lang='lat' dir='ltr'><strong>et</strong></span> <span class='ocrx_word' id='word_1_75' title='bbox 1445 2414 1640 2485; x_wconf 87' lang='lat' dir='ltr'><strong>conducunt</strong></span> <span class='ocrx_word' id='word_1_76' title='bbox 1666 2434 1742 2485; x_wconf 88' lang='lat' dir='ltr'><strong>eam</strong></span> <span class='ocrx_word' id='word_1_77' title='bbox 1768 2432 1928 2507; x_wconf 21' lang='lat' dir='ltr'><strong>granum,</strong></span> 
     </span>
     <span class='ocr_line' id='line_1_9' title="bbox 365 2534 1918 2627; baseline -0.004 -18"><span class='ocrx_word' id='word_1_78' title='bbox 365 2538 481 2609; x_wconf 83' lang='lat' dir='ltr'><strong>dando</strong></span> <span class='ocrx_word' id='word_1_79' title='bbox 507 2538 655 2627; x_wconf 82' lang='lat' dir='ltr'><strong>triplex,</strong></span> <span class='ocrx_word' id='word_1_80' title='bbox 682 2537 844 2609; x_wconf 85' lang='lat' dir='ltr'><strong>uidelicet</strong></span> <span class='ocrx_word' id='word_1_81' title='bbox 878 2536 967 2609; x_wconf 89' lang='lat' dir='ltr'><strong>duas</strong></span> <span class='ocrx_word' id='word_1_82' title='bbox 995 2556 1175 2607; x_wconf 85' lang='lat' dir='ltr'><strong>mensuras</strong></span> <span class='ocrx_word' id='word_1_83' title='bbox 1201 2536 1328 2624; x_wconf 85' lang='lat' dir='ltr'><strong>tritici,</strong></span> <span class='ocrx_word' id='word_1_84' title='bbox 1356 2535 1443 2607; x_wconf 84' lang='lat' dir='ltr'><strong>duaa</strong></span> <span class='ocrx_word' id='word_1_85' title='bbox 1470 2535 1617 2624; x_wconf 79' lang='lat' dir='ltr'><strong>siliginis</strong></span> <span class='ocrx_word' id='word_1_86' title='bbox 1629 2582 1650 2621; x_wconf 79' lang='lat'><strong>,-</strong></span> <span class='ocrx_word' id='word_1_87' title='bbox 1665 2534 1750 2609; x_wconf 88' lang='lat' dir='ltr'><strong>duas</strong></span> <span class='ocrx_word' id='word_1_88' title='bbox 1777 2554 1918 2606; x_wconf 86' lang='lat' dir='ltr'><strong>avenae.</strong></span> 
     </span>
     <span class='ocr_line' id='line_1_10' title="bbox 333 2654 1981 2749; baseline -0.002 -20"><span class='ocrx_word' id='word_1_89' title='bbox 333 2682 335 2687; x_wconf 65' lang='grc'><em>’</em></span> <span class='ocrx_word' id='word_1_90' title='bbox 364 2657 453 2729; x_wconf 85' lang='lat' dir='ltr'><strong>ltern</strong></span> <span class='ocrx_word' id='word_1_91' title='bbox 479 2657 640 2730; x_wconf 87' lang='lat' dir='ltr'><strong>scoltetia</strong></span> <span class='ocrx_word' id='word_1_92' title='bbox 666 2665 722 2730; x_wconf 86' lang='lat' dir='ltr'><strong>est</strong></span> <span class='ocrx_word' id='word_1_93' title='bbox 747 2658 814 2746; x_wconf 89' lang='lat' dir='ltr'><strong>ibi,-</strong></span> <span class='ocrx_word' id='word_1_94' title='bbox 833 2658 964 2729; x_wconf 89' lang='lat' dir='ltr'><strong>babens</strong></span> <span class='ocrx_word' id='word_1_95' title='bbox 982 2656 1071 2729; x_wconf 91' lang='lat' dir='ltr'><strong>duos</strong></span> <span class='ocrx_word' id='word_1_96' title='bbox 1097 2656 1225 2746; x_wconf 89' lang='lat' dir='ltr'><strong>laneos,</strong></span> <span class='ocrx_word' id='word_1_97' title='bbox 1242 2656 1287 2745; x_wconf 88' lang='lat' dir='ltr'><strong>de</strong></span> <span class='ocrx_word' id='word_1_98' title='bbox 1306 2655 1431 2747; x_wconf 83' lang='lat' dir='ltr'><strong>onibus</strong></span> <span class='ocrx_word' id='word_1_99' title='bbox 1448 2654 1822 2735; x_wconf 81' lang='lat' dir='ltr'><strong>decimat...Oondnat</strong></span> <span class='ocrx_word' id='word_1_100' title='bbox 1836 2674 1916 2749; x_wconf 84' lang='lat' dir='ltr'><strong>cum</strong></span> <span class='ocrx_word' id='word_1_101' title='bbox 1978 2672 1981 2677; x_wconf 85' lang='lat'>·</span> 
     </span>
     <span class='ocr_line' id='line_1_11' title="bbox 358 2774 1878 2868; baseline -0.001 -19"><span class='ocrx_word' id='word_1_102' title='bbox 358 2777 675 2868; x_wconf 65' lang='lat' dir='ltr'><strong>Ealyaszowa,</strong></span> <span class='ocrx_word' id='word_1_103' title='bbox 701 2777 933 2867; x_wconf 87' lang='lat' dir='ltr'><strong>Poramba,</strong></span> <span class='ocrx_word' id='word_1_104' title='bbox 960 2776 1227 2866; x_wconf 80' lang='lat' dir='ltr'><strong>Regulicze,</strong></span> <span class='ocrx_word' id='word_1_105' title='bbox 1253 2774 1424 2849; x_wconf 89' lang='lat' dir='ltr'><strong>Rndno.</strong></span> <span class='ocrx_word' id='word_1_106' title='bbox 1652 2810 1661 2820; x_wconf 94' lang='lat'>·</span> <span class='ocrx_word' id='word_1_107' title='bbox 1796 2834 1799 2839; x_wconf 90' lang='lat'><em>.</em></span> <span class='ocrx_word' id='word_1_108' title='bbox 1870 2827 1878 2835; x_wconf 86' lang='lat'><em>-</em></span> 
     </span>
     <span class='ocr_line' id='line_1_12' title="bbox 244 2897 1915 2988; baseline -0.001 -18"><span class='ocrx_word' id='word_1_109' title='bbox 244 2984 246 2988; x_wconf 85' lang='lat'>.</span> <span class='ocrx_word' id='word_1_110' title='bbox 331 2920 340 2933; x_wconf 52' lang='lat'>³</span> <span class='ocrx_word' id='word_1_111' title='bbox 468 2897 699 2988; x_wconf 82' lang='lat' dir='ltr'><strong>Rnounrcza,</strong></span> <span class='ocrx_word' id='word_1_112' title='bbox 719 2898 809 2970; x_wconf 73' lang='lat' dir='ltr'><strong>uilla</strong></span> <span class='ocrx_word' id='word_1_113' title='bbox 835 2898 1067 2987; x_wconf 82' lang='lat' dir='ltr'><strong>parochialem</strong></span> <span class='ocrx_word' id='word_1_114' title='bbox 1094 2898 1275 2969; x_wconf 84' lang='lat' dir='ltr'><strong>ecclesiam</strong></span> <span class='ocrx_word' id='word_1_115' title='bbox 1302 2897 1434 2969; x_wconf 86' lang='lat' dir='ltr'><strong>habens</strong></span> <span class='ocrx_word' id='word_1_116' title='bbox 1459 2899 1495 2968; x_wconf 94' lang='lat' dir='ltr'><strong>in</strong></span> <span class='ocrx_word' id='word_1_117' title='bbox 1514 2917 1560 2986; x_wconf 91' lang='lat' dir='ltr'><strong>se,</strong></span> <span class='ocrx_word' id='word_1_118' title='bbox 1580 2897 1707 2969; x_wconf 89' lang='lat' dir='ltr'><strong>Sancto</strong></span> <span class='ocrx_word' id='word_1_119' title='bbox 1725 2897 1915 2971; x_wconf 86' lang='lat' dir='ltr'><strong>Laurentio</strong></span> 
     </span>
     <span class='ocr_line' id='line_1_13' title="bbox 355 3016 1916 3109; baseline 0.004 -27"><span class='ocrx_word' id='word_1_120' title='bbox 355 3018 523 3107; x_wconf 55' lang='lat' dir='ltr'><strong>‚moutam</strong></span> <span class='ocrx_word' id='word_1_121' title='bbox 550 3020 648 3091; x_wconf 84' lang='lat' dir='ltr'><strong>cuins</strong></span> <span class='ocrx_word' id='word_1_122' title='bbox 664 3020 871 3109; x_wconf 81' lang='lat' dir='ltr'><strong>proprietas</strong></span> <span class='ocrx_word' id='word_1_123' title='bbox 898 3019 943 3107; x_wconf 85' lang='lat' dir='ltr'><strong>ad</strong></span> <span class='ocrx_word' id='word_1_124' title='bbox 969 3019 1217 3091; x_wconf 86' lang='lat' dir='ltr'><strong>monasterium</strong></span> <span class='ocrx_word' id='word_1_125' title='bbox 1245 3016 1470 3089; x_wconf 81' lang='lat' dir='ltr'><strong>Thincaiense</strong></span> <span class='ocrx_word' id='word_1_126' title='bbox 1498 3019 1659 3108; x_wconf 89' lang='lat' dir='ltr'><strong>pertinet.</strong></span> <span class='ocrx_word' id='word_1_127' title='bbox 1686 3017 1727 3088; x_wconf 89' lang='lat' dir='ltr'><strong>In</strong></span> <span class='ocrx_word' id='word_1_128' title='bbox 1745 3037 1815 3107; x_wconf 86' lang='lat' dir='ltr'><strong>qua</strong></span> <span class='ocrx_word' id='word_1_129' title='bbox 1833 3024 1916 3089; x_wconf 89' lang='lat' dir='ltr'><strong>suut</strong></span> 
     </span>
     <span class='ocr_line' id='line_1_14' title="bbox 290 3137 1915 3229; baseline 0 -18"><span class='ocrx_word' id='word_1_130' title='bbox 290 3221 296 3229; x_wconf 53' lang='lat'><strong>,</strong></span> <span class='ocrx_word' id='word_1_131' title='bbox 359 3159 486 3211; x_wconf 73' lang='lat' dir='ltr'><strong>novem</strong></span> <span class='ocrx_word' id='word_1_132' title='bbox 521 3137 613 3210; x_wconf 87' lang='lat' dir='ltr'><strong>lanei</strong></span> <span class='ocrx_word' id='word_1_133' title='bbox 648 3138 884 3212; x_wconf 81' lang='lat' dir='ltr'><strong>emethonales</strong></span> <span class='ocrx_word' id='word_1_134' title='bbox 920 3144 965 3210; x_wconf 85' lang='lat' dir='ltr'><strong>et¹</strong></span> <span class='ocrx_word' id='word_1_135' title='bbox 993 3158 1116 3211; x_wconf 88' lang='lat' dir='ltr'><strong>novem</strong></span> <span class='ocrx_word' id='word_1_136' title='bbox 1145 3140 1282 3228; x_wconf 78' lang='lat' dir='ltr'><strong>virgae,</strong></span> <span class='ocrx_word' id='word_1_137' title='bbox 1309 3146 1346 3208; x_wconf 89' lang='lat' dir='ltr'><strong>et</strong></span> <span class='ocrx_word' id='word_1_138' title='bbox 1372 3138 1519 3227; x_wconf 88' lang='lat' dir='ltr'><strong>quilibet</strong></span> <span class='ocrx_word' id='word_1_139' title='bbox 1545 3139 1649 3211; x_wconf 88' lang='lat' dir='ltr'><strong>solvit</strong></span> <span class='ocrx_word' id='word_1_140' title='bbox 1676 3148 1739 3228; x_wconf 83' lang='lat' dir='ltr'><strong>pe&#39;r</strong></span> <span class='ocrx_word' id='word_1_141' title='bbox 1766 3137 1915 3211; x_wconf 80' lang='lat' dir='ltr'><strong>mediam</strong></span> 
     </span>
     <span class='ocr_line' id='line_1_15' title="bbox 356 3257 1914 3350; baseline -0.004 -13"><span class='ocrx_word' id='word_1_142' title='bbox 356 3279 513 3337; x_wconf 69' lang='lat' dir='ltr'><strong>floream</strong></span> <span class='ocrx_word' id='word_1_143' title='bbox 539 3260 752 3348; x_wconf 74' lang='lat' dir='ltr'><strong>eommunis,</strong></span> <span class='ocrx_word' id='word_1_144' title='bbox 766 3260 849 3331; x_wconf 88' lang='lat' dir='ltr'><strong>item</strong></span> <span class='ocrx_word' id='word_1_145' title='bbox 876 3280 942 3330; x_wconf 85' lang='lat' dir='ltr'><strong>ova</strong></span> <span class='ocrx_word' id='word_1_146' title='bbox 968 3258 1160 3347; x_wconf 87' lang='lat' dir='ltr'><strong>duodecim,</strong></span> <span class='ocrx_word' id='word_1_147' title='bbox 1189 3259 1272 3329; x_wconf 88' lang='lat' dir='ltr'><strong>item</strong></span> <span class='ocrx_word' id='word_1_148' title='bbox 1300 3278 1419 3342; x_wconf 85' lang='lat' dir='ltr'><strong>caseos</strong></span> <span class='ocrx_word' id='word_1_149' title='bbox 1447 3258 1552 3350; x_wconf 84' lang='lat' dir='ltr'><strong>duos,</strong></span> <span class='ocrx_word' id='word_1_150' title='bbox 1581 3259 1664 3329; x_wconf 89' lang='lat' dir='ltr'><strong>item</strong></span> <span class='ocrx_word' id='word_1_151' title='bbox 1682 3257 1803 3348; x_wconf 79' lang='lat' dir='ltr'><strong>&#39;gallos</strong></span> <span class='ocrx_word' id='word_1_152' title='bbox 1830 3278 1914 3349; x_wconf 82' lang='lat' dir='ltr'><strong>qua-</strong></span> 
     </span>
     <span class='ocr_line' id='line_1_16' title="bbox 361 3352 1915 3505; baseline -0.003 -54"><span class='ocrx_word' id='word_1_153' title='bbox 361 3384 452 3465; x_wconf 86' lang='lat' dir='ltr'><strong>tuor,</strong></span> <span class='ocrx_word' id='word_1_154' title='bbox 477 3380 562 3454; x_wconf 86' lang='lat' dir='ltr'><strong>item</strong></span> <span class='ocrx_word' id='word_1_155' title='bbox 587 3379 698 3467; x_wconf 82' lang='lat' dir='ltr'><strong>labor,</strong></span> <span class='ocrx_word' id='word_1_156' title='bbox 722 3379 807 3451; x_wconf 87' lang='lat' dir='ltr'><strong>item</strong></span> <span class='ocrx_word' id='word_1_157' title='bbox 818 3376 1012 3473; x_wconf 73' lang='lat' dir='ltr'><strong>pomulam,</strong></span> <span class='ocrx_word' id='word_1_158' title='bbox 1029 3379 1116 3468; x_wconf 87' lang='lat' dir='ltr'><strong>item</strong></span> <span class='ocrx_word' id='word_1_159' title='bbox 1133 3398 1281 3473; x_wconf 74' lang='lat' dir='ltr'><strong>oaacyep,</strong></span> <span class='ocrx_word' id='word_1_160' title='bbox 1299 3352 1381 3451; x_wconf 77' lang='lat' dir='ltr'><strong>item</strong></span> <span class='ocrx_word' id='word_1_161' title='bbox 1401 3379 1558 3466; x_wconf 85' lang='lat' dir='ltr'><strong>taberna,</strong></span> <span class='ocrx_word' id='word_1_162' title='bbox 1577 3379 1660 3450; x_wconf 91' lang='lat' dir='ltr'><strong>item</strong></span> <span class='ocrx_word' id='word_1_163' title='bbox 1679 3367 1915 3505; x_wconf 43' lang='lat' dir='ltr'><strong>bonomium</strong></span> 
     </span>
     <span class='ocr_line' id='line_1_17' title="bbox 353 3486 2025 3625; baseline 0.007 -61"><span class='ocrx_word' id='word_1_164' title='bbox 353 3499 445 3571; x_wconf 82' lang='lat' dir='ltr'><strong>item</strong></span> <span class='ocrx_word' id='word_1_165' title='bbox 480 3499 658 3589; x_wconf 85' lang='lat' dir='ltr'><strong>praedium</strong></span> <span class='ocrx_word' id='word_1_166' title='bbox 694 3498 892 3570; x_wconf 82' lang='lat' dir='ltr'><strong>coenobiale</strong></span> <span class='ocrx_word' id='word_1_167' title='bbox 926 3519 996 3570; x_wconf 93' lang='lat' dir='ltr'><strong>non</strong></span> <span class='ocrx_word' id='word_1_168' title='bbox 1031 3505 1087 3592; x_wconf 85' lang='lat' dir='ltr'><strong>est</strong></span> <span class='ocrx_word' id='word_1_169' title='bbox 1121 3497 1181 3569; x_wconf 92' lang='lat' dir='ltr'><strong>ibi.</strong></span> <span class='ocrx_word' id='word_1_170' title='bbox 1217 3497 1303 3571; x_wconf 90' lang='lat' dir='ltr'><strong>Item</strong></span> <span class='ocrx_word' id='word_1_171' title='bbox 1331 3518 1450 3569; x_wconf 89' lang='lat' dir='ltr'><strong>omnes</strong></span> <span class='ocrx_word' id='word_1_172' title='bbox 1476 3500 1552 3588; x_wconf 79' lang='lat' dir='ltr'><strong>agri</strong></span> <span class='ocrx_word' id='word_1_173' title='bbox 1580 3499 1683 3571; x_wconf 86' lang='lat' dir='ltr'><strong>villae</strong></span> <span class='ocrx_word' id='word_1_174' title='bbox 1710 3486 1912 3625; x_wconf 52' lang='lat' dir='ltr'><strong>spi-pullen</strong></span> <span class='ocrx_word' id='word_1_175' title='bbox 1966 3508 1971 3515; x_wconf 80' lang='grc'><strong>“</strong></span> <span class='ocrx_word' id='word_1_176' title='bbox 2022 3524 2025 3529; x_wconf 92' lang='grc'><em>·</em></span> 
     </span>
     <span class='ocr_line' id='line_1_18' title="bbox 362 3602 1913 3719; baseline 0 -29"><span class='ocrx_word' id='word_1_177' title='bbox 362 3618 557 3691; x_wconf 77' lang='lat' dir='ltr'><strong>conducunt</strong></span> <span class='ocrx_word' id='word_1_178' title='bbox 583 3617 752 3690; x_wconf 87' lang='lat' dir='ltr'><strong>decimam</strong></span> <span class='ocrx_word' id='word_1_179' title='bbox 777 3617 1026 3707; x_wconf 76' lang='lat' dir='ltr'><strong>manipularem</strong></span> <span class='ocrx_word' id='word_1_180' title='bbox 1054 3623 1091 3688; x_wconf 89' lang='lat' dir='ltr'><strong>et</strong></span> <span class='ocrx_word' id='word_1_181' title='bbox 1118 3618 1334 3707; x_wconf 84' lang='lat' dir='ltr'><strong>canapalem,</strong></span> <span class='ocrx_word' id='word_1_182' title='bbox 1363 3640 1428 3709; x_wconf 88' lang='lat' dir='ltr'><strong>pro</strong></span> <span class='ocrx_word' id='word_1_183' title='bbox 1453 3605 1657 3709; x_wconf 83' lang='lat' dir='ltr'><strong>episcopatu</strong></span> <span class='ocrx_word' id='word_1_184' title='bbox 1683 3602 1913 3719; x_wconf 54' lang='lat' dir='ltr'><strong>Orpffiplensjp</strong></span> 
     </span>
     <span class='ocr_line' id='line_1_19' title="bbox 361 3716 1915 3823; baseline -0.001 -12"><span class='ocrx_word' id='word_1_185' title='bbox 361 3744 398 3811; x_wconf 80' lang='lat' dir='ltr'><strong>ut</strong></span> <span class='ocrx_word' id='word_1_186' title='bbox 425 3737 523 3811; x_wconf 87' lang='lat' dir='ltr'><strong>valor</strong></span> <span class='ocrx_word' id='word_1_187' title='bbox 548 3739 623 3812; x_wconf 87' lang='lat' dir='ltr'><strong>eiua</strong></span> <span class='ocrx_word' id='word_1_188' title='bbox 649 3738 856 3811; x_wconf 85' lang='lat' dir='ltr'><strong>aestimatur</strong></span> <span class='ocrx_word' id='word_1_189' title='bbox 882 3736 1072 3809; x_wconf 83' lang='lat' dir='ltr'><strong>addacem</strong></span> <span class='ocrx_word' id='word_1_190' title='bbox 1099 3757 1244 3811; x_wconf 81' lang='lat' dir='ltr'><strong>marcas</strong></span> <span class='ocrx_word' id='word_1_191' title='bbox 1271 3737 1359 3809; x_wconf 89' lang='lat' dir='ltr'><strong>Item</strong></span> <span class='ocrx_word' id='word_1_192' title='bbox 1387 3740 1548 3811; x_wconf 83' lang='lat' dir='ltr'><strong>scoltetia</strong></span> <span class='ocrx_word' id='word_1_193' title='bbox 1574 3747 1629 3812; x_wconf 83' lang='lat' dir='ltr'><strong>est</strong></span> <span class='ocrx_word' id='word_1_194' title='bbox 1655 3737 1715 3823; x_wconf 86' lang='lat' dir='ltr'><strong>ibi.</strong></span> <span class='ocrx_word' id='word_1_195' title='bbox 1750 3716 1915 3821; x_wconf 58' lang='lat' dir='ltr'><strong>emam</strong></span> 
     </span>
     <span class='ocr_line' id='line_1_20' title="bbox 360 3855 1100 3941; baseline -0.014 -9"><span class='ocrx_word' id='word_1_196' title='bbox 360 3877 440 3932; x_wconf 68' lang='lat' dir='ltr'><strong>aaa</strong></span> <span class='ocrx_word' id='word_1_197' title='bbox 466 3855 712 3931; x_wconf 80' lang='lat' dir='ltr'><strong>Grodaeez.</strong></span> <span class='ocrx_word' id='word_1_198' title='bbox 859 3924 869 3941; x_wconf 75' lang='grc'>,</span> <span class='ocrx_word' id='word_1_199' title='bbox 1069 3918 1100 3941; x_wconf 37' lang='grc'><strong>.,</strong></span> 
     </span>
     <span class='ocr_line' id='line_1_21' title="bbox 357 3975 1913 4073; baseline 0.003 -26"><span class='ocrx_word' id='word_1_200' title='bbox 357 4038 362 4047; x_wconf 88' lang='grc'>.</span> <span class='ocrx_word' id='word_1_201' title='bbox 464 3975 662 4066; x_wconf 75' lang='lat' dir='ltr'><strong>Sunwmn,</strong></span> <span class='ocrx_word' id='word_1_202' title='bbox 688 3976 870 4069; x_wconf 85' lang='lat' dir='ltr'><strong>oppidum,</strong></span> <span class='ocrx_word' id='word_1_203' title='bbox 896 3977 989 4067; x_wconf 84' lang='lat' dir='ltr'><strong>quod</strong></span> <span class='ocrx_word' id='word_1_204' title='bbox 1015 3978 1129 4051; x_wconf 83' lang='lat' dir='ltr'><strong>tribus</strong></span> <span class='ocrx_word' id='word_1_205' title='bbox 1156 3978 1248 4049; x_wconf 87' lang='lat' dir='ltr'><strong>villis</strong></span> <span class='ocrx_word' id='word_1_206' title='bbox 1274 3978 1549 4068; x_wconf 83' lang='lat' dir='ltr'><strong>coenobialibus,</strong></span> <span class='ocrx_word' id='word_1_207' title='bbox 1578 3978 1738 4053; x_wconf 87' lang='lat' dir='ltr'><strong>videlicet</strong></span> <span class='ocrx_word' id='word_1_208' title='bbox 1765 3985 1913 4073; x_wconf 76' lang='lat' dir='ltr'><strong>utraque</strong></span> 
     </span>
     <span class='ocr_line' id='line_1_22' title="bbox 358 4078 2003 4203; baseline 0.003 -33"><span class='ocrx_word' id='word_1_209' title='bbox 358 4096 572 4190; x_wconf 57' lang='lat' dir='ltr'><strong>bebecre</strong></span> <span class='ocrx_word' id='word_1_210' title='bbox 608 4097 733 4170; x_wconf 84' lang='lat' dir='ltr'><strong>Nora</strong></span> <span class='ocrx_word' id='word_1_211' title='bbox 767 4104 803 4169; x_wconf 88' lang='lat' dir='ltr'><strong>et</strong></span> <span class='ocrx_word' id='word_1_212' title='bbox 839 4097 1067 4189; x_wconf 77' lang='lat' dir='ltr'><strong>Antiqua,</strong></span> <span class='ocrx_word' id='word_1_213' title='bbox 1102 4106 1139 4171; x_wconf 91' lang='lat' dir='ltr'><strong>et</strong></span> <span class='ocrx_word' id='word_1_214' title='bbox 1165 4097 1653 4203; x_wconf 73' lang='lat' dir='ltr'><strong>Pysaa&#39;rp⁷·,·cmetbouibua</strong></span> <span class='ocrx_word' id='word_1_215' title='bbox 1680 4078 1848 4191; x_wconf 80' lang='lat' dir='ltr'><strong>depositis¹</strong></span> <span class='ocrx_word' id='word_1_216' title='bbox 1872 4102 1911 4175; x_wconf 81' lang='lat' dir='ltr'><strong>iu</strong></span> <span class='ocrx_word' id='word_1_217' title='bbox 1999 4152 2003 4159; x_wconf 90' lang='lat'>-</span> 
     </span>
     <span class='ocr_line' id='line_1_23' title="bbox 358 4216 1911 4327; baseline 0.003 -36"><span class='ocrx_word' id='word_1_218' title='bbox 358 4220 455 4309; x_wconf 73' lang='lat' dir='ltr'><strong>apris</strong></span> <span class='ocrx_word' id='word_1_219' title='bbox 482 4216 756 4294; x_wconf 82' lang='lat' dir='ltr'><strong>emethoualibua</strong></span> <span class='ocrx_word' id='word_1_220' title='bbox 775 4217 944 4290; x_wconf 84' lang='lat' dir='ltr'><strong>locatum</strong></span> <span class='ocrx_word' id='word_1_221' title='bbox 969 4225 1041 4308; x_wconf 88' lang='lat' dir='ltr'><strong>est,</strong></span> <span class='ocrx_word' id='word_1_222' title='bbox 1069 4239 1132 4308; x_wconf 89' lang='lat' dir='ltr'><strong>per</strong></span> <span class='ocrx_word' id='word_1_223' title='bbox 1159 4217 1435 4293; x_wconf 81' lang='lat' dir='ltr'><strong>Oaaimirnm</strong></span> <span class='ocrx_word' id='word_1_224' title='bbox 1463 4220 1718 4327; x_wconf 78' lang='lat' dir='ltr'><strong>Secundum</strong></span> <span class='ocrx_word' id='word_1_225' title='bbox 1746 4220 1911 4295; x_wconf 83' lang='lat' dir='ltr'><strong>Poloniae</strong></span> 
     </span>
     <span class='ocr_line' id='line_1_24' title="bbox 321 4325 1911 4431; baseline 0.003 -21"><span class='ocrx_word' id='word_1_226' title='bbox 321 4351 323 4356; x_wconf 88' lang='grc'><strong><em>·</em></strong></span> <span class='ocrx_word' id='word_1_227' title='bbox 359 4325 496 4429; x_wconf 61' lang='lat' dir='ltr'><strong>neem,</strong></span> <span class='ocrx_word' id='word_1_228' title='bbox 522 4339 582 4430; x_wconf 89' lang='lat' dir='ltr'><strong>qui</strong></span> <span class='ocrx_word' id='word_1_229' title='bbox 607 4345 644 4413; x_wconf 82' lang='lat' dir='ltr'><strong>et</strong></span> <span class='ocrx_word' id='word_1_230' title='bbox 668 4346 822 4412; x_wconf 83' lang='lat' dir='ltr'><strong>castrum</strong></span> <span class='ocrx_word' id='word_1_231' title='bbox 849 4345 886 4412; x_wconf 91' lang='lat' dir='ltr'><strong>et</strong></span> <span class='ocrx_word' id='word_1_232' title='bbox 912 4338 1089 4413; x_wconf 79' lang='lat' dir='ltr'><strong>civitatem</strong></span> <span class='ocrx_word' id='word_1_233' title='bbox 1116 4340 1268 4419; x_wconf 76' lang='lat' dir='ltr'><strong>muravit</strong></span> <span class='ocrx_word' id='word_1_234' title='bbox 1298 4341 1414 4431; x_wconf 80' lang='lat'><strong>1364,</strong></span> <span class='ocrx_word' id='word_1_235' title='bbox 1442 4343 1574 4413; x_wconf 84' lang='lat' dir='ltr'><strong>babens</strong></span> <span class='ocrx_word' id='word_1_236' title='bbox 1591 4343 1636 4414; x_wconf 88' lang='lat' dir='ltr'><strong>in</strong></span> <span class='ocrx_word' id='word_1_237' title='bbox 1664 4362 1701 4415; x_wconf 91' lang='lat' dir='ltr'><strong>se</strong></span> <span class='ocrx_word' id='word_1_238' title='bbox 1727 4341 1911 4415; x_wconf 76' lang='lat' dir='ltr'><strong>ecelesim</strong></span> 
     </span>
     <span class='ocr_line' id='line_1_25' title="bbox 357 4458 1910 4553; baseline 0.001 -20"><span class='ocrx_word' id='word_1_239' title='bbox 357 4464 538 4550; x_wconf 66' lang='lat' dir='ltr'><strong>numam,</strong></span> <span class='ocrx_word' id='word_1_240' title='bbox 566 4459 663 4532; x_wconf 88' lang='lat' dir='ltr'><strong>cuius</strong></span> <span class='ocrx_word' id='word_1_241' title='bbox 690 4459 887 4550; x_wconf 76' lang='lat' dir='ltr'><strong>proprietas</strong></span> <span class='ocrx_word' id='word_1_242' title='bbox 913 4459 958 4530; x_wconf 84' lang='lat' dir='ltr'><strong>ad</strong></span> <span class='ocrx_word' id='word_1_243' title='bbox 984 4458 1189 4533; x_wconf 82' lang='lat' dir='ltr'><strong>coenobium</strong></span> <span class='ocrx_word' id='word_1_244' title='bbox 1216 4458 1441 4537; x_wconf 79' lang='lat' dir='ltr'><strong>Tblucziense</strong></span> <span class='ocrx_word' id='word_1_245' title='bbox 1468 4462 1630 4552; x_wconf 83' lang='lat' dir='ltr'><strong>pertinet.</strong></span> <span class='ocrx_word' id='word_1_246' title='bbox 1666 4462 1705 4535; x_wconf 89' lang='lat' dir='ltr'><strong>ln</strong></span> <span class='ocrx_word' id='word_1_247' title='bbox 1733 4484 1800 4553; x_wconf 85' lang='lat' dir='ltr'><strong>quo</strong></span> <span class='ocrx_word' id='word_1_248' title='bbox 1827 4469 1910 4535; x_wconf 90' lang='lat' dir='ltr'><strong>sunt</strong></span> 
     </span>
     <span class='ocr_line' id='line_1_26' title="bbox 357 4578 1985 4670; baseline 0.004 -17"><span class='ocrx_word' id='word_1_249' title='bbox 357 4598 481 4654; x_wconf 80' lang='lat' dir='ltr'><strong>uorem</strong></span> <span class='ocrx_word' id='word_1_250' title='bbox 508 4579 609 4670; x_wconf 84' lang='lat' dir='ltr'><strong>lanai,</strong></span> <span class='ocrx_word' id='word_1_251' title='bbox 636 4587 673 4653; x_wconf 90' lang='lat' dir='ltr'><strong>et</strong></span> <span class='ocrx_word' id='word_1_252' title='bbox 699 4578 847 4670; x_wconf 86' lang='lat' dir='ltr'><strong>quilibet</strong></span> <span class='ocrx_word' id='word_1_253' title='bbox 874 4578 980 4655; x_wconf 81' lang='lat' dir='ltr'><strong>uoluit</strong></span> <span class='ocrx_word' id='word_1_254' title='bbox 1005 4600 1071 4670; x_wconf 87' lang='lat' dir='ltr'><strong>pro</strong></span> <span class='ocrx_word' id='word_1_255' title='bbox 1097 4599 1228 4655; x_wconf 69' lang='lat' dir='ltr'><strong>censa</strong></span> <span class='ocrx_word' id='word_1_256' title='bbox 1248 4636 1282 4651; x_wconf 92' lang='lat'><strong>..</strong></span> <span class='ocrx_word' id='word_1_257' title='bbox 1309 4581 1396 4654; x_wconf 86' lang='lat' dir='ltr'><strong>item</strong></span> <span class='ocrx_word' id='word_1_258' title='bbox 1423 4581 1467 4653; x_wconf 92' lang='lat' dir='ltr'><strong>de</strong></span> <span class='ocrx_word' id='word_1_259' title='bbox 1493 4583 1623 4669; x_wconf 83' lang='lat' dir='ltr'><strong>eisdem</strong></span> <span class='ocrx_word' id='word_1_260' title='bbox 1651 4603 1774 4655; x_wconf 89' lang='lat' dir='ltr'><strong>novem</strong></span> <span class='ocrx_word' id='word_1_261' title='bbox 1801 4579 1911 4659; x_wconf 73' lang='lat' dir='ltr'><strong>unm</strong></span> <span class='ocrx_word' id='word_1_262' title='bbox 1983 4584 1985 4591; x_wconf 84' lang='grc'><strong>’</strong></span> 
     </span>
     <span class='ocr_line' id='line_1_27' title="bbox 353 4697 1910 4797; baseline 0.003 -24"><span class='ocrx_word' id='word_1_263' title='bbox 353 4699 505 4773; x_wconf 70' lang='lat' dir='ltr'><strong>solvitur</strong></span> <span class='ocrx_word' id='word_1_264' title='bbox 531 4697 872 4793; x_wconf 55' lang='lat' dir='ltr'><strong>docimassertonalia</strong></span> <span class='ocrx_word' id='word_1_265' title='bbox 897 4701 935 4775; x_wconf 91' lang='lat' dir='ltr'><strong>in</strong></span> <span class='ocrx_word' id='word_1_266' title='bbox 961 4699 1043 4772; x_wconf 89' lang='lat' dir='ltr'><strong>latis</strong></span> <span class='ocrx_word' id='word_1_267' title='bbox 1067 4702 1202 4797; x_wconf 58' lang='lat' dir='ltr'><strong>mesaia</strong></span> <span class='ocrx_word' id='word_1_268' title='bbox 1228 4699 1476 4792; x_wconf 76' lang='lat' dir='ltr'><strong>Prapensibns,</strong></span> <span class='ocrx_word' id='word_1_269' title='bbox 1504 4704 1721 4793; x_wconf 85' lang='lat' dir='ltr'><strong>praebendae</strong></span> <span class='ocrx_word' id='word_1_270' title='bbox 1748 4703 1910 4779; x_wconf 76' lang='lat' dir='ltr'><strong>Crocod-</strong></span> 
     </span>
     <span class='ocr_line' id='line_1_28' title="bbox 356 4818 1908 4916; baseline 0.003 -23"><span class='ocrx_word' id='word_1_271' title='bbox 356 4819 433 4893; x_wconf 83' lang='lat' dir='ltr'><strong>ansi</strong></span> <span class='ocrx_word' id='word_1_272' title='bbox 458 4818 571 4893; x_wconf 87' lang='lat' dir='ltr'><strong>dictae</strong></span> <span class='ocrx_word' id='word_1_273' title='bbox 597 4818 795 4910; x_wconf 70' lang='lat' dir='ltr'><strong>Zprawska</strong></span> <span class='ocrx_word' id='word_1_274' title='bbox 822 4826 859 4892; x_wconf 87' lang='lat' dir='ltr'><strong>et</strong></span> <span class='ocrx_word' id='word_1_275' title='bbox 885 4826 1049 4893; x_wconf 83' lang='lat' dir='ltr'><strong>tenentur</strong></span> <span class='ocrx_word' id='word_1_276' title='bbox 1074 4820 1234 4909; x_wconf 76' lang='lat' dir='ltr'><strong>consules</strong></span> <span class='ocrx_word' id='word_1_277' title='bbox 1261 4822 1379 4912; x_wconf 91' lang='lat' dir='ltr'><strong>oppidi</strong></span> <span class='ocrx_word' id='word_1_278' title='bbox 1407 4822 1499 4895; x_wconf 86' lang='lat' dir='ltr'><strong>illam</strong></span> <span class='ocrx_word' id='word_1_279' title='bbox 1528 4825 1749 4916; x_wconf 77' lang='lat' dir='ltr'><strong>recolligere,</strong></span> <span class='ocrx_word' id='word_1_280' title='bbox 1776 4833 1813 4896; x_wconf 92' lang='lat' dir='ltr'><strong>et</strong></span> <span class='ocrx_word' id='word_1_281' title='bbox 1839 4825 1908 4899; x_wconf 92' lang='lat' dir='ltr'><strong>sol·</strong></span> 
     </span>
     <span class='ocr_line' id='line_1_29' title="bbox 356 4938 1907 5035; baseline 0.004 -24"><span class='ocrx_word' id='word_1_282' title='bbox 356 4959 450 5024; x_wconf 32' lang='lat' dir='ltr'><strong>rere,</strong></span> <span class='ocrx_word' id='word_1_283' title='bbox 474 4954 539 5029; x_wconf 84' lang='lat' dir='ltr'><strong>pro</strong></span> <span class='ocrx_word' id='word_1_284' title='bbox 574 4938 664 5012; x_wconf 85' lang='lat' dir='ltr'><strong>festu</strong></span> <span class='ocrx_word' id='word_1_285' title='bbox 701 4939 819 5011; x_wconf 80' lang='lat' dir='ltr'><strong>Sancti</strong></span> <span class='ocrx_word' id='word_1_286' title='bbox 833 5005 835 5013; x_wconf 87' lang='lat'>.</span> <span class='ocrx_word' id='word_1_287' title='bbox 848 4939 1002 5013; x_wconf 77' lang='lat' dir='ltr'><strong>Martini</strong></span> <span class='ocrx_word' id='word_1_288' title='bbox 1037 4939 1279 5015; x_wconf 81' lang='lat' dir='ltr'><strong>Oracovieusis</strong></span> <span class='ocrx_word' id='word_1_289' title='bbox 1307 4943 1459 5015; x_wconf 88' lang='lat' dir='ltr'><strong>eiusdem</strong></span> <span class='ocrx_word' id='word_1_290' title='bbox 1489 4945 1706 5035; x_wconf 89' lang='lat' dir='ltr'><strong>praebendae</strong></span> <span class='ocrx_word' id='word_1_291' title='bbox 1734 4949 1907 5019; x_wconf 81' lang='lat' dir='ltr'><strong>canomco.</strong></span> 
     </span>
     <span class='ocr_line' id='line_1_30' title="bbox 350 5055 1906 5156; baseline 0.004 -26"><span class='ocrx_word' id='word_1_292' title='bbox 350 5055 445 5135; x_wconf 76' lang='lat' dir='ltr'><strong>Item</strong></span> <span class='ocrx_word' id='word_1_293' title='bbox 470 5060 506 5131; x_wconf 93' lang='lat' dir='ltr'><strong>in</strong></span> <span class='ocrx_word' id='word_1_294' title='bbox 534 5059 654 5131; x_wconf 83' lang='lat' dir='ltr'><strong>eodem</strong></span> <span class='ocrx_word' id='word_1_295' title='bbox 681 5060 809 5150; x_wconf 86' lang='lat' dir='ltr'><strong>oppido</strong></span> <span class='ocrx_word' id='word_1_296' title='bbox 836 5070 891 5133; x_wconf 87' lang='lat' dir='ltr'><strong>est</strong></span> <span class='ocrx_word' id='word_1_297' title='bbox 917 5060 1126 5151; x_wconf 79' lang='lat' dir='ltr'><strong>advocatus,</strong></span> <span class='ocrx_word' id='word_1_298' title='bbox 1153 5063 1286 5136; x_wconf 85' lang='lat' dir='ltr'><strong>babens</strong></span> <span class='ocrx_word' id='word_1_299' title='bbox 1313 5064 1492 5135; x_wconf 87' lang='lat' dir='ltr'><strong>castellnm</strong></span> <span class='ocrx_word' id='word_1_300' title='bbox 1520 5072 1710 5156; x_wconf 88' lang='lat' dir='ltr'><strong>muratum,</strong></span> <span class='ocrx_word' id='word_1_301' title='bbox 1739 5074 1775 5137; x_wconf 90' lang='lat' dir='ltr'><strong>et</strong></span> <span class='ocrx_word' id='word_1_302' title='bbox 1801 5067 1906 5137; x_wconf 88' lang='lat' dir='ltr'><strong>advo-</strong></span> 
     </span>
    </p>
   </div>
   <div class='ocr_carea' id='block_1_3' title="bbox 202 5178 1904 5274">
    <p class='ocr_par' dir='ltr' id='par_1_3' title="bbox 202 5178 1904 5274">
     <span class='ocr_line' id='line_1_31' title="bbox 202 5178 1904 5274; baseline 0.005 -22"><span class='ocrx_word' id='word_1_303' title='bbox 202 5192 205 5203; x_wconf 82' lang='grc'><em>’</em></span> <span class='ocrx_word' id='word_1_304' title='bbox 356 5179 481 5253; x_wconf 80' lang='lat' dir='ltr'><strong>catium</strong></span> <span class='ocrx_word' id='word_1_305' title='bbox 517 5179 674 5251; x_wconf 81' lang='lat' dir='ltr'><strong>vendidit</strong></span> <span class='ocrx_word' id='word_1_306' title='bbox 709 5178 873 5267; x_wconf 78' lang='lat' dir='ltr'><strong>Michaeli</strong></span> <span class='ocrx_word' id='word_1_307' title='bbox 907 5180 953 5254; x_wconf 87' lang='lat' dir='ltr'><strong>de</strong></span> <span class='ocrx_word' id='word_1_308' title='bbox 988 5179 1153 5255; x_wconf 86' lang='lat' dir='ltr'><strong>Boritb</strong></span> <span class='ocrx_word' id='word_1_309' title='bbox 1189 5184 1283 5261; x_wconf 88' lang='lat' dir='ltr'><strong>dicto</strong></span> <span class='ocrx_word' id='word_1_310' title='bbox 1318 5183 1570 5274; x_wconf 84' lang='lat' dir='ltr'><strong>Pnscbnilr,</strong></span> <span class='ocrx_word' id='word_1_311' title='bbox 1597 5187 1706 5259; x_wconf 89' lang='lat' dir='ltr'><strong>nobili</strong></span> <span class='ocrx_word' id='word_1_312' title='bbox 1733 5187 1775 5258; x_wconf 91' lang='lat' dir='ltr'><strong>de</strong></span> <span class='ocrx_word' id='word_1_313' title='bbox 1802 5187 1904 5261; x_wconf 92' lang='lat' dir='ltr'><strong>domo</strong></span> 
     </span>
    </p>
   </div>
   <div class='ocr_carea' id='block_1_4' title="bbox 352 5295 1905 6000">
    <p class='ocr_par' dir='ltr' id='par_1_4' title="bbox 352 5295 1905 6000">
     <span class='ocr_line' id='line_1_32' title="bbox 354 5295 1904 5405; baseline 0.003 -32"><span class='ocrx_word' id='word_1_314' title='bbox 354 5295 542 5388; x_wconf 75' lang='lat' dir='ltr'><strong>Delius,</strong></span> <span class='ocrx_word' id='word_1_315' title='bbox 568 5296 819 5374; x_wconf 73' lang='lat' dir='ltr'><strong>Mecislaus</strong></span> <span class='ocrx_word' id='word_1_316' title='bbox 845 5301 955 5374; x_wconf 91' lang='lat' dir='ltr'><strong>abbas</strong></span> <span class='ocrx_word' id='word_1_317' title='bbox 980 5321 1044 5390; x_wconf 85' lang='lat' dir='ltr'><strong>pro</strong></span> <span class='ocrx_word' id='word_1_318' title='bbox 1063 5305 1228 5377; x_wconf 81' lang='lat' dir='ltr'><strong>trecentis</strong></span> <span class='ocrx_word' id='word_1_319' title='bbox 1247 5306 1372 5379; x_wconf 88' lang='lat' dir='ltr'><strong>marcis</strong></span> <span class='ocrx_word' id='word_1_320' title='bbox 1390 5306 1542 5379; x_wconf 84' lang='lat' dir='ltr'><strong>latorum</strong></span> <span class='ocrx_word' id='word_1_321' title='bbox 1568 5327 1769 5398; x_wconf 74' lang='lat' dir='ltr'><strong>grossorum</strong></span> <span class='ocrx_word' id='word_1_322' title='bbox 1793 5308 1904 5405; x_wconf 64' lang='lat'><strong>1394.</strong></span> 
     </span>
     <span class='ocr_line' id='line_1_33' title="bbox 354 5416 1905 5520; baseline 0.007 -29"><span class='ocrx_word' id='word_1_323' title='bbox 354 5416 443 5491; x_wconf 87' lang='lat' dir='ltr'><strong>Item</strong></span> <span class='ocrx_word' id='word_1_324' title='bbox 470 5426 552 5493; x_wconf 86' lang='lat' dir='ltr'><strong>aunt</strong></span> <span class='ocrx_word' id='word_1_325' title='bbox 577 5420 627 5492; x_wconf 93' lang='lat' dir='ltr'><strong>ibi</strong></span> <span class='ocrx_word' id='word_1_326' title='bbox 653 5419 722 5493; x_wconf 88' lang='lat' dir='ltr'><strong>duo</strong></span> <span class='ocrx_word' id='word_1_327' title='bbox 749 5420 947 5499; x_wconf 83' lang='lat' dir='ltr'><strong>molendina</strong></span> <span class='ocrx_word' id='word_1_328' title='bbox 973 5422 1009 5494; x_wconf 94' lang='lat' dir='ltr'><strong>in</strong></span> <span class='ocrx_word' id='word_1_329' title='bbox 1035 5422 1175 5497; x_wconf 88' lang='lat' dir='ltr'><strong>flumine</strong></span> <span class='ocrx_word' id='word_1_330' title='bbox 1200 5423 1345 5515; x_wconf 87' lang='lat' dir='ltr'><strong>Scala,</strong></span> <span class='ocrx_word' id='word_1_331' title='bbox 1372 5428 1470 5498; x_wconf 85' lang='lat' dir='ltr'><strong>c&#39;nius</strong></span> <span class='ocrx_word' id='word_1_332' title='bbox 1496 5430 1694 5520; x_wconf 86' lang='lat' dir='ltr'><strong>proprietas</strong></span> <span class='ocrx_word' id='word_1_333' title='bbox 1728 5428 1771 5499; x_wconf 94' lang='lat' dir='ltr'><strong>ad</strong></span> <span class='ocrx_word' id='word_1_334' title='bbox 1799 5422 1905 5502; x_wconf 86' lang='lat' dir='ltr'><strong>adro-</strong></span> 
     </span>
     <span class='ocr_line' id='line_1_34' title="bbox 355 5541 1904 5633; baseline 0.006 -22"><span class='ocrx_word' id='word_1_335' title='bbox 355 5545 469 5613; x_wconf 80' lang='lat' dir='ltr'><strong>tatum</strong></span> <span class='ocrx_word' id='word_1_336' title='bbox 495 5541 665 5630; x_wconf 90' lang='lat' dir='ltr'><strong>pertinet,</strong></span> <span class='ocrx_word' id='word_1_337' title='bbox 691 5547 728 5614; x_wconf 88' lang='lat' dir='ltr'><strong>et</strong></span> <span class='ocrx_word' id='word_1_338' title='bbox 762 5541 867 5613; x_wconf 82' lang='lat' dir='ltr'><strong>solvit</strong></span> <span class='ocrx_word' id='word_1_339' title='bbox 899 5548 1065 5615; x_wconf 81' lang='lat' dir='ltr'><strong>metretas</strong></span> <span class='ocrx_word' id='word_1_340' title='bbox 1100 5565 1164 5633; x_wconf 92' lang='lat' dir='ltr'><strong>pro</strong></span> <span class='ocrx_word' id='word_1_341' title='bbox 1190 5545 1360 5623; x_wconf 80' lang='lat' dir='ltr'><strong>advocato</strong></span> <span class='ocrx_word' id='word_1_342' title='bbox 1387 5554 1422 5619; x_wconf 90' lang='lat' dir='ltr'><strong>et</strong></span> <span class='ocrx_word' id='word_1_343' title='bbox 1447 5549 1618 5622; x_wconf 89' lang='lat' dir='ltr'><strong>braseum.</strong></span> <span class='ocrx_word' id='word_1_344' title='bbox 1658 5549 1747 5621; x_wconf 71' lang='lat' dir='ltr'><strong>Imm</strong></span> <span class='ocrx_word' id='word_1_345' title='bbox 1773 5557 1828 5621; x_wconf 92' lang='lat' dir='ltr'><strong>est</strong></span> <span class='ocrx_word' id='word_1_346' title='bbox 1854 5551 1904 5624; x_wconf 90' lang='lat' dir='ltr'><strong>ibi</strong></span> 
     </span>
     <span class='ocr_line' id='line_1_35' title="bbox 353 5659 1905 5761; baseline 0.006 -28"><span class='ocrx_word' id='word_1_347' title='bbox 353 5659 501 5733; x_wconf 78' lang='lat' dir='ltr'><strong>ecclesia</strong></span> <span class='ocrx_word' id='word_1_348' title='bbox 526 5660 733 5750; x_wconf 77' lang='lat' dir='ltr'><strong>parochialis</strong></span> <span class='ocrx_word' id='word_1_349' title='bbox 761 5669 900 5733; x_wconf 87' lang='lat' dir='ltr'><strong>murata</strong></span> <span class='ocrx_word' id='word_1_350' title='bbox 925 5662 1050 5753; x_wconf 87' lang='lat' dir='ltr'><strong>lapide,</strong></span> <span class='ocrx_word' id='word_1_351' title='bbox 1077 5664 1113 5734; x_wconf 95' lang='lat' dir='ltr'><strong>in</strong></span> <span class='ocrx_word' id='word_1_352' title='bbox 1139 5665 1305 5738; x_wconf 88' lang='lat' dir='ltr'><strong>bonorem</strong></span> <span class='ocrx_word' id='word_1_353' title='bbox 1332 5666 1451 5741; x_wconf 85' lang='lat' dir='ltr'><strong>Sancti</strong></span> <span class='ocrx_word' id='word_1_354' title='bbox 1477 5667 1629 5761; x_wconf 86' lang='lat' dir='ltr'><strong>Spiritus</strong></span> <span class='ocrx_word' id='word_1_355' title='bbox 1655 5670 1780 5760; x_wconf 63' lang='lat' dir='ltr'><strong>diuum,</strong></span> <span class='ocrx_word' id='word_1_356' title='bbox 1806 5671 1905 5743; x_wconf 82' lang='lat' dir='ltr'><strong>cuius</strong></span> 
     </span>
     <span class='ocr_line' id='line_1_36' title="bbox 352 5780 1900 5883; baseline 0.006 -30"><span class='ocrx_word' id='word_1_357' title='bbox 352 5782 474 5853; x_wconf 89' lang='lat' dir='ltr'><strong>unicus</strong></span> <span class='ocrx_word' id='word_1_358' title='bbox 508 5786 563 5851; x_wconf 91' lang='lat' dir='ltr'><strong>est</strong></span> <span class='ocrx_word' id='word_1_359' title='bbox 597 5781 743 5853; x_wconf 87' lang='lat' dir='ltr'><strong>collator</strong></span> <span class='ocrx_word' id='word_1_360' title='bbox 777 5782 886 5854; x_wconf 87' lang='lat' dir='ltr'><strong>abbas</strong></span> <span class='ocrx_word' id='word_1_361' title='bbox 922 5780 1157 5857; x_wconf 81' lang='lat' dir='ltr'><strong>Thincziensis</strong></span> <span class='ocrx_word' id='word_1_362' title='bbox 1192 5793 1229 5857; x_wconf 87' lang='lat' dir='ltr'><strong>et</strong></span> <span class='ocrx_word' id='word_1_363' title='bbox 1265 5796 1463 5861; x_wconf 85' lang='lat' dir='ltr'><strong>conventus.</strong></span> <span class='ocrx_word' id='word_1_364' title='bbox 1503 5790 1590 5862; x_wconf 90' lang='lat' dir='ltr'><strong>ltem</strong></span> <span class='ocrx_word' id='word_1_365' title='bbox 1627 5784 1709 5862; x_wconf 78' lang='lat' dir='ltr'><strong>sont</strong></span> <span class='ocrx_word' id='word_1_366' title='bbox 1745 5791 1798 5864; x_wconf 92' lang='lat' dir='ltr'><strong>ibi</strong></span> <span class='ocrx_word' id='word_1_367' title='bbox 1822 5793 1900 5883; x_wconf 70' lang='lat' dir='ltr'><strong>apri</strong></span> 
     </span>
     <span class='ocr_line' id='line_1_37' title="bbox 352 5900 1903 6000; baseline 0.005 -24"><span class='ocrx_word' id='word_1_368' title='bbox 352 5900 513 5976; x_wconf 71' lang='lat' dir='ltr'><strong>advocati</strong></span> <span class='ocrx_word' id='word_1_369' title='bbox 538 5900 741 5992; x_wconf 84' lang='lat' dir='ltr'><strong>praedialea,</strong></span> <span class='ocrx_word' id='word_1_370' title='bbox 768 5902 812 5974; x_wconf 92' lang='lat' dir='ltr'><strong>de</strong></span> <span class='ocrx_word' id='word_1_371' title='bbox 839 5903 964 5993; x_wconf 82' lang='lat' dir='ltr'><strong>quibus</strong></span> <span class='ocrx_word' id='word_1_372' title='bbox 985 5904 1138 5977; x_wconf 81' lang='lat' dir='ltr'><strong>solvitur</strong></span> <span class='ocrx_word' id='word_1_373' title='bbox 1162 5906 1297 5981; x_wconf 85' lang='lat' dir='ltr'><strong>decima</strong></span> <span class='ocrx_word' id='word_1_374' title='bbox 1323 5910 1549 6000; x_wconf 82' lang='lat' dir='ltr'><strong>manipularis</strong></span> <span class='ocrx_word' id='word_1_375' title='bbox 1568 5911 1733 5984; x_wconf 85' lang='lat' dir='ltr'><strong>ecclesiae</strong></span> <span class='ocrx_word' id='word_1_376' title='bbox 1751 5912 1788 5983; x_wconf 93' lang='lat' dir='ltr'><strong>in</strong></span> <span class='ocrx_word' id='word_1_377' title='bbox 1806 5911 1903 5983; x_wconf 88' lang='lat' dir='ltr'><strong>Slra-</strong></span> 
     </span>
    </p>
   </div>
   <div class='ocr_carea' id='block_1_5' title="bbox 350 6020 2025 6123">
    <p class='ocr_par' dir='ltr' id='par_1_5' title="bbox 350 6020 2025 6123">
     <span class='ocr_line' id='line_1_38' title="bbox 350 6020 2025 6123; baseline 0.008 -30"><span class='ocrx_word' id='word_1_378' title='bbox 350 6023 475 6093; x_wconf 71' lang='lat' dir='ltr'><strong>trina.</strong></span> <span class='ocrx_word' id='word_1_379' title='bbox 504 6020 617 6092; x_wconf 85' lang='lat' dir='ltr'><strong>Valor·</strong></span> <span class='ocrx_word' id='word_1_380' title='bbox 639 6022 714 6093; x_wconf 89' lang='lat' dir='ltr'><strong>eins</strong></span> <span class='ocrx_word' id='word_1_381' title='bbox 740 6021 785 6093; x_wconf 90' lang='lat' dir='ltr'><strong>ad</strong></span> <span class='ocrx_word' id='word_1_382' title='bbox 812 6028 961 6112; x_wconf 86' lang='lat' dir='ltr'><strong>quatuor</strong></span> <span class='ocrx_word' id='word_1_383' title='bbox 988 6045 1139 6123; x_wconf 81' lang='lat' dir='ltr'><strong>unarcuo.¹</strong></span> <span class='ocrx_word' id='word_1_384' title='bbox 1159 6027 1321 6107; x_wconf 84' lang='lat' dir='ltr'><strong>Gontinat</strong></span> <span class='ocrx_word' id='word_1_385' title='bbox 1346 6049 1423 6102; x_wconf 86' lang='lat' dir='ltr'><strong>cnm</strong></span> <span class='ocrx_word' id='word_1_386' title='bbox 1450 6029 1735 6121; x_wconf 82' lang='lat' dir='ltr'><strong>Stbimbarlr,</strong></span> <span class='ocrx_word' id='word_1_387' title='bbox 1760 6031 1900 6106; x_wconf 86' lang='lat' dir='ltr'><strong>Kora·</strong></span> <span class='ocrx_word' id='word_1_388' title='bbox 2022 6080 2025 6089; x_wconf 90' lang='lat'>-</span> 
     </span>
    </p>
   </div>
   <div class='ocr_carea' id='block_1_6' title="bbox 351 6138 2009 6499">
    <p class='ocr_par' dir='ltr' id='par_1_6' title="bbox 351 6138 2009 6499">
     <span class='ocr_line' id='line_1_39' title="bbox 352 6138 2009 6248; baseline 0.009 -34"><span class='ocrx_word' id='word_1_389' title='bbox 352 6142 503 6231; x_wconf 75' lang='lat' dir='ltr'><strong>bairy,</strong></span> <span class='ocrx_word' id='word_1_390' title='bbox 529 6141 853 6234; x_wconf 81' lang='lat' dir='ltr'><strong>Lnbyertltow,</strong></span> <span class='ocrx_word' id='word_1_391' title='bbox 875 6142 1720 6248; x_wconf 72' lang='lat' dir='ltr'><strong>liogilanp,BakowyeRadzesc&#39;hon,</strong></span> <span class='ocrx_word' id='word_1_392' title='bbox 1739 6151 1900 6247; x_wconf 72' lang='lat' dir='ltr'><strong>Zopow</strong></span> <span class='ocrx_word' id='word_1_393' title='bbox 2001 6138 2009 6145; x_wconf 52' lang='grc'><strong><em>’</em></strong></span> 
     </span>
     <span class='ocr_line' id='line_1_40' title="bbox 351 6260 1628 6363; baseline 0.012 -31"><span class='ocrx_word' id='word_1_394' title='bbox 351 6266 387 6332; x_wconf 85' lang='lat' dir='ltr'><strong>et</strong></span> <span class='ocrx_word' id='word_1_395' title='bbox 413 6260 437 6332; x_wconf 92' lang='lat' dir='ltr'>J</span> <span class='ocrx_word' id='word_1_396' title='bbox 446 6263 671 6335; x_wconf 80' lang='lat' dir='ltr'><strong>urcuicua.</strong></span> <span class='ocrx_word' id='word_1_397' title='bbox 696 6262 785 6337; x_wconf 79' lang='lat' dir='ltr'><strong>item</strong></span> <span class='ocrx_word' id='word_1_398' title='bbox 812 6264 980 6355; x_wconf 84' lang='lat' dir='ltr'><strong>plebanus</strong></span> <span class='ocrx_word' id='word_1_399' title='bbox 1006 6267 1113 6340; x_wconf 90' lang='lat' dir='ltr'><strong>habet</strong></span> <span class='ocrx_word' id='word_1_400' title='bbox 1137 6289 1242 6358; x_wconf 81' lang='lat' dir='ltr'><strong>agros</strong></span> <span class='ocrx_word' id='word_1_401' title='bbox 1268 6269 1428 6361; x_wconf 85' lang='lat' dir='ltr'><strong>proprios</strong></span> <span class='ocrx_word' id='word_1_402' title='bbox 1455 6280 1491 6343; x_wconf 91' lang='lat' dir='ltr'><strong>et</strong></span> <span class='ocrx_word' id='word_1_403' title='bbox 1518 6281 1628 6363; x_wconf 86' lang='lat' dir='ltr'><strong>prata</strong></span> 
     </span>
     <span class='ocr_line' id='line_1_41' title="bbox 356 6381 1899 6499; baseline 0.008 -43"><span class='ocrx_word' id='word_1_404' title='bbox 356 6412 384 6433; x_wconf 95' lang='lat'><strong>·-</strong></span> <span class='ocrx_word' id='word_1_405' title='bbox 453 6381 703 6499; x_wconf 67' lang='lat' dir='ltr'><strong>Srm,</strong></span> <span class='ocrx_word' id='word_1_406' title='bbox 739 6384 824 6457; x_wconf 78' lang='lat' dir='ltr'><strong>uilla</strong></span> <span class='ocrx_word' id='word_1_407' title='bbox 858 6385 925 6459; x_wconf 88' lang='lat' dir='ltr'><strong>sub</strong></span> <span class='ocrx_word' id='word_1_408' title='bbox 957 6387 1125 6477; x_wconf 77' lang='lat' dir='ltr'><strong>parocbia</strong></span> <span class='ocrx_word' id='word_1_409' title='bbox 1158 6386 1203 6460; x_wconf 87' lang='lat' dir='ltr'><strong>de</strong></span> <span class='ocrx_word' id='word_1_410' title='bbox 1228 6386 1460 6482; x_wconf 81' lang='lat' dir='ltr'><strong>Skatrina,</strong></span> <span class='ocrx_word' id='word_1_411' title='bbox 1486 6395 1597 6467; x_wconf 88' lang='lat' dir='ltr'><strong>cuius·</strong></span> <span class='ocrx_word' id='word_1_412' title='bbox 1620 6395 1818 6485; x_wconf 84' lang='lat' dir='ltr'><strong>proprietas</strong></span> <span class='ocrx_word' id='word_1_413' title='bbox 1854 6397 1899 6483; x_wconf 89' lang='lat' dir='ltr'><strong>ad</strong></span> 
     </span>
    </p>
   </div>
   <div class='ocr_carea' id='block_1_7' title="bbox 0 0 2114 8059">
    <p class='ocr_par' dir='ltr' id='par_1_7' title="bbox 0 0 2114 8059">
     <span class='ocr_line' id='line_1_42' title="bbox 0 0 2114 8059; baseline 0 1"><span class='ocrx_word' id='word_1_414' title='bbox 0 0 2114 8059; x_wconf 95' lang='lat' dir='ltr'><strong> </strong></span> 
     </span>
    </p>
   </div>
  </div>
 </body>
</html>
