4217 8059
1719 1466 1791 1537 lar

248 1678 400 1763 quatuor
434 1672 526 1745 lanei
561 1671 814 1761 cmethoualea,
834 1676 885 1744 et
919 1669 1066 1761 quilibet
1100 1669 1205 1743 noluit
1239 1690 1303 1760 pro
1339 1690 1443 1743 aenan
1469 1690 1532 1761 per
1558 1676 1637 1777 octo
1662 1677 1794 1747 scotta

249 1813 456 1882 communes,
484 1793 566 1863 item
594 1814 660 1863 ova
686 1793 832 1882 triginta
857 1812 922 1881 pro
944 1791 1031 1863 leste
1049 1790 1214 1880 Paschae,
1233 1791 1315 1862 item
1333 1790 1443 1880 gallos
1460 1791 1557 1881 duca,
1575 1793 1658 1866 item
1677 1815 1795 1869 careae

247 1914 353 2002 duoe;
379 1914 462 1985 item
490 1913 651 1986 laborant
676 1934 781 1985 unum
807 1911 899 1983 diem
917 1912 953 1984 in
972 1913 1167 2003 septimana
1184 1912 1325 2002 proprio
1344 1931 1450 1985 curru
1466 1918 1527 1983 aut
1545 1919 1683 2004 aratro;
1710 1916 1794 1987 item

248 2054 385 2128 oaazyep
412 2054 481 2105 nou
507 2032 655 2121 solvunt,
682 2032 743 2104 aed
770 2053 877 2103 uuum
903 2032 1040 2104 octuale
1066 2031 1233 2104 cervisiae
1260 2031 1365 2102 semel
1392 2032 1428 2101 iu
1453 2052 1544 2105 anno
1559 2053 1625 2123 pro
1643 2033 1795 2115 adventu

248 2155 396 2249 abbatie,
423 2155 506 2225 item
533 2153 681 2225 taberna
706 2173 777 2224 una
802 2153 934 2224 habens
962 2172 1077 2241 agros,
1103 2157 1139 2222 et
1164 2151 1269 2224 solvit
1295 2170 1398 2235 quam
1425 2171 1587 2241 marcam,
1613 2154 1696 2225 item
1715 2155 1796 2226 hor·

248 2275 401 2347 mlauiae
436 2281 509 2345 tres
544 2294 612 2365 non
648 2268 981 2363 solvunt‚'cenaum,
1016 2272 1079 2344 sed
1113 2255 1275 2346 laborant
1300 2293 1406 2344 unum
1431 2272 1523 2344 mem
1549 2272 1730 2362 pedestres
1757 2277 1794 2347 in

249 2397 450 2486 septimana
488 2394 576 2468 Item
614 2393 793 2485 praedium
830 2400 886 2465 eet
920 2394 969 2466 ibi
1004 2393 1223 2483 coenobiale,
1256 2392 1299 2464 de
1336 2393 1433 2465 cuiue
1460 2393 1554 2483 &ris
1581 2394 1666 2465 nulli
1692 2397 1797 2469 solvit

248 2517 424 2606 decimam,
450 2515 512 2587 sed
537 2535 613 2587 eam
639 2535 705 2606 pro
730 2536 768 2586 se
793 2514 894 2589 tollit.
920 2514 1011 2601 Item¹
1035 2514 1148 2587 altera
1174 2513 1341 2585 mediatae
1367 2514 1470 2586 villae
1494 2516 1646 2603 pertinet
1672 2516 1718 2588 ad
1735 2517 1796 2588 J0.

250 2641 398 2717 bannem
424 2637 597 2709 Slanka
622 2636 666 2709 de
692 2637 799 2708 armis
825 2635 1145 2726 Koppasayna,
1168 2636 1256 2713 item
1282 2641 1338 2707 est
1364 2636 1414 2708 ibi
1439 2636 1619 2725 praedium
1633 2637 1797 2728 militare,

250 2759 342 2850 quod
369 2758 474 2831 solvit
508 2757 676 2829 decimam
711 2757 962 2849 manipularem
998 2756 1165 2828 ecclesiae
1191 2756 1383 2846 parochiali
1409 2757 1445 2827 in
1472 2756 1670 2830 Radlow.
1709 2759 1798 2831 Item
1854 2746 1859 2754 ’

250 2901 370 2953 omnes
395 2879 472 2969 agri
485 2879 601 2951 uillae
627 2878 767 2951 solvunt
793 2884 831 2950 et
857 2877 1053 2950 conducunt
1078 2877 1245 2949 decimam
1273 2877 1521 2967 manipularem
1538 2883 1575 2949 et
1592 2880 1799 2970 canapalem,

251 3000 413 3071 videlicet
439 2999 657 3071 coenobiales
684 3002 833 3088 quatuor
860 2998 969 3087 lanei,
997 2997 1273 3069 hortulaniarum
1300 3003 1337 3069 et
1363 2998 1608 3088 tabemamm,
1633 3000 1799 3072 eeclesiae

253 3120 443 3212 parochiali
478 3121 514 3190 in
540 3118 904 3209 Opathkowicze
931 3137 1039 3208 prope
1066 3117 1281 3207 Meletin,
1307 3123 1345 3190 et
1370 3117 1470 3190 valor
1495 3120 1569 3190 eiua
1594 3121 1799 3193 aestimatur

112 3306 117 3315 .
225 3242 295 3331 ,ad
321 3242 471 3332 quinque
497 3260 640 3312 marcas.
668 3239 755 3312 Item
781 3240 857 3329 agri
877 3244 1026 3328 quatuor
1051 3237 1346 3327 hortulaniarurn,
1364 3259 1461 3328 quoa
1487 3240 1595 3312 habet
1618 3239 1819 3334 lohannes.

233 3361 400 3454 'Slqka
426 3361 566 3433 solvunt
592 3360 759 3433 decimam
795 3358 1044 3450 manipularem
1071 3359 1289 3449 praebendae
1315 3357 1532 3447 Vislicienui,
1559 3381 1647 3450 quae
1673 3362 1800 3444 dicitur

251 3483 502 3556 llrocheczska.
538 3479 698 3555 Confluat
732 3500 809 3551 cum
835 3479 1050 3589 Radlon,¹
1068 3478 1269 3569 Jurkow,
1295 3479 1470 3568 Lanka,
1496 3470 1799 3573 Dobecbicu‘e,

251 3602 710 3690 Wirzchoalawicze,
747 3598 1059 3690 Goalawicze,
1092 3598 1340 3689 Komarow,
1366 3599 1801 3690 Byala,Bobrowui·

174 3766 181 3776 -
254 3724 309 3814 ky
336 3729 373 3796 et
398 3722 608 3815 Byeleaa.
840 3704 842 3708 ¹
1615 3782 1618 3787 .

353 3842 534 3932 Kronou,
560 3841 643 3914 villa
670 3842 734 3914 sub
761 3841 926 3932 parochia
943 3841 1118 3913 'ecclesiae
1145 3840 1189 3912 de
1215 3839 1403 3913 Radlow
1426 3841 1508 3935 uita,
1526 3842 1624 3914 cuiue
1641 3844 1799 3934 proprie·

251 3971 307 4037 taa
341 3964 386 4037 ad
421 3964 669 4037 monasterium
706 3962 911 4035 Tbinciense
948 3962 1110 4051 pertinet.
1149 3961 1190 4033 In
1217 3961 1394 4052 quaeunt
1419 3967 1567 4052 quatuor
1592 3963 1802 4036 lanei-cmo·

251 4078 410 4157 thonalee
445 4088 482 4154 et
517 4062 663 4172 quilibet
698 4103 763 4172 pro
799 4102 903 4153 censu
939 4082 1044 4154 solvit
1080 4102 1184 4153 unam
1205 4102 1436 4171 ,sexagenam-,
1460 4083 1547 4174 item
1574 4103 1643 4155 ova
1666 4085 1798 4175 ugron

250 4204 334 4277 item
359 4202 470 4294 gallos
495 4202 593 4292 duos,
620 4203 702 4274 item
730 4221 849 4274 caseos
875 4201 983 4290 duoe;
1008 4203 1091 4273 item
1111 4201 1248 4273 laborat
1265 4201 1421 4292 quilibet,
1438 4202 1580 4292 arando,
1598 4204 1800 4276 seminando

251 4324 338 4403 duos
373 4325 497 4396 choros
531 4323 641 4395 tritici
675 4329 712 4395 et
746 4322 833 4394 dune
859 4341 1009 4411 avenae3
1035 4322 1119 4393 item
1146 4343 1210 4411 pro
1237 4322 1389 4394 statione
1418 4322 1557 4394 abbatis
1583 4323 1668 4395 dant
1694 4346 1800 4396 uuum

252 4444 388 4533 canale
414 4444 592 4533 aeramine,
618 4450 655 4515 et
682 4443 828 4533 quilibet
853 4443 940 4515 dune
967 4443 1091 4514 cheres
1118 4420 1271 4529 avenae}
1295 4443 1379 4515 item
1405 4463 1474 4515 non
1502 4449 1585 4515 sunt
1609 4445 1659 4517 ibi
1685 4446 1801 4518 aber-

166 4636 170 4640 .
252 4586 327 4656 nae,
355 4587 423 4639 uon
451 4572 534 4639 aaut
560 4565 788 4655 hortulaniae,
813 4585 882 4636 non
910 4561 965 4637 es't
991 4563 1191 4654 praedium,
1222 4583 1335 4655 neque
1371 4564 1623 4655 molendinum,
1650 4587 1720 4638 non
1746 4573 1834 4639 eet·

250 4687 429 4761 ocoltetua
455 4686 547 4767 item¹
564 4687 614 4759 ¹de
640 4686 801 4759 omnibus
826 4685 922 4776 agria
949 4684 1097 4759 solvitrrr
1122 4690 1160 4775 et
1187 4684 1391 4784 conducitur
1417 4685 1552 4761 decima
1577 4687 1802 4778 manipulario

251 4813 289 4880 et
313 4809 488 4899 canapalis
524 4829 587 4899 pro
617 4807 840 4887 monasterio
871 4805 1108 4894 Thiucaienai,
1133 4812 1171 4877 et
1202 4806 1301 4879 valor
1334 4807 1410 4878 eius
1426 4796 1641 4880 aestimatur
1667 4809 1713 4881 ad
1738 4830 1800 4883 sex

126 4986 129 4993 .
255 4914 689 5005 mareauconfinateum
716 4926 1804 5022 Rauranuyskupiczo,Glyennanzlawiczo,
1957 4912 1985 4970 .·

252 5049 421 5123 Lanka
991 5084 994 5089 ·

356 5170 704 5261 Orrnrrmowrcza,
731 5190 840 5261 prope
865 5169 1087 5259 Mutuum,
1113 5168 1196 5241 villa
1221 5169 1353 5243 babens
1370 5169 1554 5243 ecclesiam
1567 5144 1808 5262 maiman
1892 5110 1898 5118 '

252 5291 420 5381 ligneam,
446 5291 545 5363 iuxta
579 5291 720 5370 fluvium
746 5292 1000 5382 Duuayecz-
1018 5291 1107 5380 sita,
1134 5291 1233 5362 cuiue
1259 5293 1457 5382 proprietas
1483 5293 1528 5364 ad
1554 5294 1802 5367 amaneum·

254 5410 458 5484 Tbincienee
493 5412 654 5502 pertinet
689 5412 729 5485 In
758 5433 827 5502 qua
852 5418 934 5484 aaut
960 5417 1038 5483 octo
1065 5411 1166 5483 lanei
1184 5411 1438 5502 emethonales,
1452 5417 1500 5482 et
1525 5413 1673 5502 quilibet
1699 5413 1804 5485 solvit

253 5551 316 5621 pro
343 5552 449 5622 aenou
475 5531 623 5604 mediam
650 5551 817 5622 mmcam,
838 5533 921 5603 item
948 5552 1016 5604 ova
1041 5531 1197 5642 triginta
1224 5531 1315 5603 item·
1333 5529 1446 5620 gallos
1467 5530 1565 5622 duos,
1582 5532 1671 5603 item
1684 5551 1805 5605 camec

110 5668 114 5673 ’
253 5651 348 5741 duos,
375 5653 458 5723 item
485 5674 631 5748 oaazyep,
659 5653 743 5724 item
770 5653 877 5742 labor,
895 5653 979 5723 item
996 5649 1163 5747 poneba
1189 5652 1272 5724 item
1290 5652 1438 5724 taberna
1455 5671 1524 5722 una
1542 5652 1673 5725 habeus
1691 5671 1804 5744 agree,
1885 5662 1888 5671 '

251 5778 289 5844 et
314 5773 421 5845 solvit
446 5777 519 5845 tres
546 5793 685 5845 marcae
698 5793 761 5863 pro
779 5793 904 5862 ceneu3
930 5774 1014 5844 item
1032 5771 1251 5845 hortulaniae
1270 5778 1421 5862 quatuor
1439 5777 1531 5863 sunt,
1551 5773 1637 5847 nibil
1655 5773 1803 5862 solvunt,
1944 5852 1948 5857 ,

251 5893 313 5965 sed
347 5894 526 5983 laborant;
561 5894 645 5966 item
665 5892 882 5981 ,molendina
907 5892 1000 5983 duo,
1021 5913 1127 5964 unum
1155 5893 1192 5965 in
1218 5892 1322 5983 villa,
1338 5891 1443 5965 aliud
1469 5893 1505 5965 in
1532 5893 1671 5966 flumine
1699 5893 1806 5967 eol-rit
1865 5956 1870 5963 .

251 6020 436 6103 metretae3
462 6015 548 6087 item
575 5990 754 6105 pissdium
782 6019 845 6105 eat,
863 5994 915 6091 ,de
942 6013 1039 6085 cuine
1066 6014 1161 6104 agris
1189 6034 1258 6086 non
1284 6015 1542 6105 monasterium,
1571 6015 1634 6086 aad
1659 6015 1806 6087 aaran

252 6135 462 6225 parochialis
497 6135 592 6208 tollit
629 6135 796 6208 decimam
832 6135 868 6206 in
894 6132 1301 6224 Oppathkowicne.
1340 6133 1428 6205 Item
1453 6152 1572 6206 omnen
1598 6137 1675 6225 agri
1701 6128 1805 6208 vilui

251 6256 392 6329 solvunt
414 6255 588 6357 decimam
615 6255 866 6346 mampularem
892 6275 957 6346 pro
984 6253 1136 6344 capitulo
1164 6251 1393 6344 (lracovienai,
1420 6259 1457 6325 et
1483 6254 1581 6326 valor
1607 6257 1687 6329 eine
1698 6258 1805 6329 aeeti-

251 6383 368 6465 matur
403 6377 448 6449 ad
471 6375 668 6470 duodecim,
691 6396 836 6451 mucan
872 6374 959 6449 Item
986 6363 1141 6447 eeneii-
1167 6374 1204 6447 in
1230 6372 1597 6465 Opathkeuicne
1622 6376 1807 6450 habetibi
