4217 8059
326 1472 397 1546 196
528 1469 530 1472 ’

198 1709 200 1713 ·
323 1677 560 1765 hortulaniae,
586 1675 670 1746 item
696 1693 761 1762 pro
788 1671 940 1743 adventu
965 1675 1003 1741 et
1029 1669 1180 1741 statione
1206 1667 1344 1741 abbatis
1370 1667 1517 1758 triginta
1540 1666 1671 1756 gallos,
1697 1666 1782 1737 11111
1808 1665 1873 1737 tri·

321 1798 420 1886 ginta
446 1800 483 1866 et
508 1814 614 1865 unum
641 1792 784 1862 eborum
811 1808 941 1862 avenae
968 1793 1005 1859 et
1031 1788 1100 1883 duo
1127 1787 1277 1859 octualia
1302 1787 1469 1859 cervisiae
1497 1785 1690 1876 proscboen
1708 1837 1717 1853 .
1736 1837 1744 1853 .
1762 1837 1770 1853 .
1789 1784 1873 1867 item

322 1935 425 1986 unam
451 1931 595 2005 pernam
621 1911 712 1983 lardi
738 1931 803 2000 pro
829 1909 919 1981 festo
945 1908 1110 1997 Paschae,
1137 1927 1256 1979 omnes
1274 1907 1409 1980 solvere
1427 1910 1599 1977 tenentur.
1618 1903 1708 1975 Item
1726 1903 1874 1994 quilibet

321 2035 459 2106 laborat
484 2029 642 2127 iatrryni,
668 2036 706 2102 et
731 2035 896 2102 tenentur
922 2050 1032 2119 arare,
1059 2029 1248 2127 seminare,
1266 2033 1427 2116 metere,
1454 2025 1666 2113 condocere3
1692 2025 1776 2111 item
1802 2043 1873 2096 nou

321 2161 376 2224 est
411 2154 460 2225 ibi
486 2152 676 2242 praedium.
716 2151 803 2222 Item
840 2152 890 2221 ibi
924 2155 979 2221 est
1014 2142 1248 2221 molendinum
1275 2148 1413 2219 scolteti
1439 2147 1476 2219 in
1502 2145 1637 2234 Raba,
1663 2144 1771 2217 solvit
1796 2148 1871 2216 tres

320 2294 463 2345 marcas
491 2273 578 2343 Item
606 2272 649 2343 de
676 2271 861 2343 medietate
887 2270 991 2342 villae
1018 2268 1166 2341 solvitur
1191 2276 1229 2339 et
1254 2267 1458 2349 conducitur
1484 2266 1618 2349 decima
1633 2263 1872 2362 manipularis,
2009 2346 2011 2350 v

321 2414 390 2484 pro·
411 2394 515 2463 altari
551 2390 670 2462 Sancti
705 2391 824 2462 Christ
808 2390 983 2480 topheri
974 2411 1009 2460 rn
1037 2389 1183 2460 ecclesia
1209 2387 1451 2477 cracoviensi,
1477 2392 1514 2463 et
1539 2386 1638 2459 valor
1663 2386 1742 2457 eius
1765 2385 1872 2477 1811-

321 2520 436 2585 matur
461 2513 506 2583 ad
532 2511 726 2601 quindecim
752 2531 896 2599 marcas,
923 2517 960 2581 et
986 2509 1029 2581 de
1055 2509 1168 2580 altera
1194 2507 1378 2580 medietate
1396 2508 1542 2580 solvitur
1559 2506 1725 2578 eeclesiae
1743 2504 1871 2577 ibidem
1926 2521 1933 2529 '

202 2705 207 2713 ,
320 2634 356 2703 in
382 2634 655 2723 Lapszycre
682 2631 770 2715 Item
797 2630 977 2721 praedium
1004 2628 1164 2719 militare,
1190 2629 1234 2701 de
1260 2649 1329 2719 quo
1353 2628 1488 2700 decima
1513 2627 1661 2718 plebano
1687 2624 1844 2700 ibidem
1832 2646 1871 2697 nr

320 2754 594 2843 Lapsaycze
1906 2738 1921 2752 ⁸

424 2872 634 2961 Corauovv,
670 2871 754 2942 villa
789 2872 853 2943 sub
889 2870 1055 2960 parocbia
1089 2869 1253 2941 ecclesiae
1288 2869 1332 2941 de
1366 2869 1515 2960 Lapsa
1522 2887 1631 2959 ycae
1657 2806 1745 2956 sita,
1771 2866 1870 2939 cuius
1913 2854 1921 2861 ’

319 2995 516 3085 proprietas
542 2993 587 3065 ad
614 2993 861 3064 monasterium
897 2991 1103 3062 Thinciense
1130 2991 1293 3080 pertinet
1329 2990 1369 3061 ln
1396 3010 1466 3081 qua
1491 2995 1572 3061 sunt
1597 2989 1690 3060 lanei
1715 2987 1871 3060 cmetbo-

319 3115 415 3186 nales
442 3120 478 3186 et
503 3113 608 3185 solvit
634 3112 832 3203 quilibet..
852 3165 886 3201 .,
914 3113 997 3183 item
1024 3111 1141 3200 labor,
1169 3112 1252 3182 item
1272 3109 1475 3207 parandam,
1501 3111 1584 3193 item
1611 3130 1758 3205 amayae,
1784 3109 1869 3183 aen

318 3236 505 3322 tabernae,
536 3234 618 3304 item
655 3232 895 3320 hortulaniae3
935 3233 1019 3303 item
1055 3231 1232 3322 praedium
1269 3230 1469 3304 coenobiale
1503 3251 1574 3302 non
1599 3235 1656 3302 est
1681 3230 1740 3302 ibi.
1780 3228 1869 3301 Item

319 3374 437 3425 omnes
465 3354 541 3443 agri
567 3353 671 3424 villae
697 3352 837 3423 solvunt
863 3352 1030 3424 decimam
1057 3352 1324 3441 manipularem,
1351 3356 1389 3422 et
1414 3351 1519 3423 etiam
1545 3352 1623 3440 agri
1639 3341 1870 3438 scoltetialcs,

318 3473 483 3545 ecclesiae
519 3477 556 3544 et
589 3473 786 3563 plebano
776 3495 812 3543 rn
849 3436 1141 3682 111131γῄ
1134 3477 1195 3542 et
1222 3471 1320 3543 valor
1347 3471 1422 3543 eius
1448 3471 1494 3543 ad
1520 3477 1600 3543 octo
1626 3490 1777 3560 marcas,
1804 3469 1868 3542 ali·

318 3592 456 3683 quando
492 3592 537 3664 ad
571 3593 698 3664 decem.
738 3592 824 3663 ltem
860 3598 915 3664 est
949 3592 1020 3663 scol
1156 3611 1245 3682 quae
1270 3593 1378 3663 babet
1403 3591 1491 3671 dnos
1516 3592 1646 3681 laneos,
1671 3591 1716 3664 de
1741 3588 1869 3695 quim

318 3711 511 3783 decimatur
545 3732 609 3801 pro
644 3712 835 3783 ecclesia
825 3733 861 3782 1n
888 3712 1032 3801 Lapsa
1040 3732 1160 3802 ycze
1200 3709 1359 3783 Confluat
1343 3717 1461 3783 tcum
1489 3682 1703 3802 Bocbnya
1728 3709 1866 3801 oppido,

317 3822 592 3921 Lapszycne.

420 3950 689 4041 Pocvvrsznow,
714 3949 798 4022 villa
824 3951 956 4023 babens
982 3950 1162 4031 ecclesiam
1188 3950 1459 4042 parochialem
1449 3973 1486 4023 ιιι
1512 3971 1552 4023 se
1577 3950 1739 4042 ligneam,
1768 3950 1867 4023 cuius

316 4071 513 4164 proprietas
549 4070 592 4141 ad
619 4072 868 4141 monasterinm
903 4071 1131 4147 Thincziense.
1156 4073 1318 4163 pertinet.
1343 4071 1398 4142 *ln
1425 4092 1495 4162 qua
1521 4077 1603 4145 sunt
1629 4070 1750 4143 decern
1774 4068 1866 4143 lanei

318 4190 373 4261 vel
400 4191 516 4281 potius
543 4191 620 4280 agri
646 4183 898 4281 cmetbonales',
925 4196 962 4262 et
988 4191 1135 4282 quilibet
1160 4191 1266 4266 solvit
1290 4212 1355 4283 pro
1382 4211 1486 4265 censu
1505 4245 1666 4283 .......
1692 4192 1777 4263 item
1802 4210 1869 4262 ova

316 4311 451 4412 viginti,
478 4313 561 4383 item
587 4311 699 4401 gallos
726 4311 822 4400 duos,
848 4312 930 4384 item
958 4331 1077 4385 caseos
1104 4312 1200 4403 duos,
1227 4313 1312 4385 item
1332 4312 1449 4402 labor,
1475 4312 1560 4385 item
1570 4309 1764 4407 pmoobcoa,
1783 4312 1869 4383 item

316 4453 476 4527 carmem
511 4433 594 4504 item
630 4433 796 4505 tabernae
831 4438 1026 4524 non-sunt,
1053 4454 1122 4505 non
1150 4440 1234 4507 sunt
1258 4433 1489 4513 hortulaniae.
1528 4433 1616 4505 Item
1643 4452 1763 4505 omnes
1789 4432 1867 4523 agri

315 4553 549 4624 cmetbonales
577 4553 716 4625 solvunt
742 4557 778 4624 et
804 4552 1000 4625 conducunt
1025 4552 1192 4626 decimam
1219 4552 1470 4644 manipularem
1496 4558 1533 4625 et
1558 4536 1775 4647 canapalem,
1802 4572 1866 4645 pro

312 4671 417 4743 altari
444 4673 647 4745 Sanctorum
674 4671 772 4755 Petri
799 4676 835 4744 et
860 4672 961 4757 Pauli
986 4673 1023 4745 in
1049 4673 1195 4746 ecclesia
1220 4671 1452 4764 cracoviensi,
1478 4680 1516 4747 et
1541 4673 1640 4747 valor
1665 4674 1742 4747 eius
1759 4656 1865 4746 aare·

311 4797 428 4864 matur
453 4793 498 4865 ad
524 4798 596 4865 tres
623 4813 766 4865 marcas.
801 4792 890 4865 Item
916 4791 1096 4882 praedium
1122 4794 1174 4865 ibi
1200 4794 1418 4886 coenobiale,
1444 4794 1612 4871 decaicus
1638 4794 1735 4886 agris
1760 4793 1866 4867 solvit

313 4915 349 4981 et
373 4910 435 4983 dat
460 4912 627 4983 decimam
655 4911 906 5003 manipularem
931 4911 1080 5002 plebano
1107 4913 1143 4985 in
1160 4912 1494 5003 Pogvviszdovr3
1520 4915 1604 4987 item
1622 4896 1871 4995 molendinum}

417 5031 747 5122 Marsnnowncm,
774 5031 857 5105 villa
891 5033 956 5105 snb
985 5034 1158 5124 parocbia
1191 5034 1357 5107 ecclesiae
1384 5034 1440 5117 de
1454 5035 1761 5128 Byskupycze
1787 5035 1864 5126 sita,

228 5229 232 5235 ,
312 5151 411 5222 cuius
446 5153 646 5242 proprietas
682 5152 726 5225 od
763 5153 967 5227 coenobium
1003 5153 1229 5227 Tbincalense
1264 5156 1425 5246 pertinet
1463 5155 1505 5228 ln
1534 5176 1604 5247 quo
1639 5162 1722 5231 sunt
1746 5156 1865 5229 decen

312 5272 529 5360 cmetbones,
564 5272 783 5345 indistinctos
818 5270 937 5345 laneos
973 5295 1036 5346 seu
1072 5295 1175 5365 agros
1203 5276 1393 5366 babentes,
1419 5282 1457 5348 et
1483 5277 1630 5367 qpilibot
1665 5276 1771 5349 solvit
1796 5297 1861 5367 pra

310 5411 414 5465 censu
430 5448 438 5464 .
457 5448 464 5463 .
483 5447 491 5463 .
509 5447 536 5484 .,
563 5395 646 5465 item
661 5392 859 5489 pcrmadoan,
885 5396 970 5467 itam
996 5416 1065 5471 ova
1090 5397 1236 5487 triginta
1261 5398 1345 5469 item
1368 5398 1482 5488 gallos
1508 5397 1716 5496 duos-itam
1743 5417 1861 5470 caseos

309 5513 406 5605 daos,
433 5515 514 5586 item
542 5515 656 5607 labor;
683 5516 767 5588 item
793 5528 900 5588 rmum
926 5516 1160 5589 molendinum
1187 5519 1319 5591 babens
1346 5539 1461 5611 agros,
1485 5520 1572 5593 item
1596 5540 1752 5615 omayep,
1778 5519 1863 5601 item

214 5693 216 5696 .
309 5654 411 5706 unam
438 5637 619 5711 tabernam
645 5636 828 5709 habentem
855 5657 978 5741 agros,
1004 5637 1048 5709 de
1075 5658 1144 5729 qua
1170 5658 1235 5729 pro
1261 5659 1367 5712 censu
1393 5641 1541 5714 solvitur
1560 5692 1863 5711 ............

309 5808 397 5824 ....
424 5755 522 5827 ltem'
539 5778 644 5828 unum
671 5756 851 5846 praedium
887 5758 1104 5850 coenobiale,
1131 5760 1174 5831 dc
1201 5761 1299 5834 cuius
1326 5738 1421 5851 agris
1442 5767 1493 5845 ‚et
1526 5760 1800 5835 cmemonrlilms
1826 5768 1864 5841 et

307 5875 474 5947 tabernae
500 5881 536 5946 et
562 5876 750 5947 molendini
776 5877 924 5949 solvitur
950 5870 1085 5971 decima
1102 5881 1328 5972 manipularis
1345 5887 1382 5952 et
1399 5876 1584 5972 canapelis,
1602 5887 1639 5954 et
1656 5880 1861 5955 conducitur

307 6014 371 6084 pro
398 5996 502 6067 altari
536 5990 742 6069 Sanctorum
777 5996 920 6070 Oosmae
948 6007 985 6073 et
1010 6000 1171 6074 Damiani
1199 6003 1233 6073 in
1247 6002 1407 6101 ecclesia
1431 5980 1672 6094 (linconiensi,
1699 6008 1736 6074 et
1763 6001 1862 6075 valor

306 6115 380 6187 eius
407 6116 612 6189 aestimatur
637 6117 683 6213 ad
709 6118 860 6209 quinque
887 6140 1032 6192 marcas.
1193 6188 1196 6193 .

409 6237 609 6345 Rornae„
627 6238 710 6309 villa
745 6240 810 6312 snb
846 6242 1012 6334 parocbia
1047 6242 1091 6314 do
1127 6241 1326 6314 Radl-ow.
1342 6243 1430 6334 sita,
1456 6244 1493 6315 in
1519 6238 1588 6335 qua
1613 6243 1861 6319 monasterium

306 6355 511 6431 Tbiuciense
543 6378 608 6450 pro
633 6381 712 6441 nna
747 6361 934 6434 medietate
967 6341 1080 6435 babet¹
1108 6362 1380 6454 proprietatem3
1406 6366 1541 6461 1111111
1560 6365 1749 6459 medietate
1777 6369 1860 6437 sunt
