4217 8059
306 1502 377 1569 114

251 1672 269 1683 Η
303 1705 398 1775 etin
427 1702 686 1792 amplitudinem
718 1700 795 1769 lidei
824 1706 859 1767 et.
886 1699 1064 1789 religionis
1100 1699 1328 1785 christianae,
1357 1699 1523 1788 regnique
1552 1697 1714 1767 Poloniae
1742 1698 1853 1767 incre-

303 1830 465 1895 mentum.
494 1822 569 1891 Non
599 1822 642 1891 ob
671 1821 704 1890 id
733 1828 847 1889 tannen
877 1819 961 1889 illud
989 1820 1023 1889 in
1044 1826 1200 1891 extremo
1219 1820 1427 1890 situabimus
1446 1820 1530 1907 loeo,
1550 1818 1611 1889 sed
1630 1826 1854 1908 praepostero

121 2024 140 2041 ,ῃ
205 2034 209 2043 Ι
303 1942 434 2030 ordine,
448 1940 539 2013 inter
553 1942 668 2013 Sancti
689 1940 788 2011 Pauli
806 1939 906 2030 primi
928 1940 1127 2028 heremitae,
1142 1942 1199 2028 qui
1215 1940 1475 2013 Graeoviensem
1492 1941 1674 2011 dioecesim
1689 1942 1854 2029 continet,

304 2086 325 2135 a
361 2064 461 2135 nobis
497 2063 565 2134 iam
606 2062 782 2133 nominata
823 2061 1034 2133 monasteria
1070 2062 1216 2151 primum
1252 2062 1302 2133 illi
1338 2063 1616 2152 consignabimus
1650 2063 1771 2134 locum.
1808 2063 1856 2135 111

303 2186 414 2258 locum
442 2184 554 2274 ipsum
581 2204 683 2276 quem
710 2182 936 2255 Beatissimus
964 2182 1158 2254 Stanislaus
1191 2182 1366 2273 praelatus
1393 2184 1495 2271 Ι101101
1530 2184 1737 2274 glorificavit
1763 2205 1855 2255 mar·

303 2306 394 2397 tyrio
422 2311 460 2377 01
486 2304 759 2393 cracoviensem,
778 2325 867 2394 quae
894 2303 1104 2375 Polonornm
1123 2312 1159 2375 et
1178 2306 1380 2395 metropolis
1399 2313 1435 2376 et
1453 2306 1551 2395 regia
1569 2312 1632 2393 est,
1651 2306 1855 2377 honoraturi

304 2427 434 2515 urbem,
453 2424 630 2517 indignum
659 2424 726 2495 rati
754 2431 824 2495 tam
853 2423 981 2494 celebri
1008 2424 1092 2513 loco,
1112 2424 1229 2496 divino
1257 2435 1292 2496 et
1310 2427 1458 2497 humano
1477 2447 1645 2497 consensu
1665 2425 1855 2514 nobilitato,

305 2547 418 2635 colles,
439 2544 570 2637 oppida
589 2551 625 2617 et
652 2545 792 2634 villagia
819 2565 1042 2634 praeponere.
1069 2544 1247 2617 Johannes
1274 2547 1442 2636 siquidem
1469 2546 1703 2636 Dlugosch
1730 2546 1856 2633 senior,

304 2668 488 2738 canonicus
515 2664 755 2739 cracoviensis
783 2664 926 2735 moleste
953 2665 1077 2754 terens,
1105 2672 1176 2737 tam
1204 2668 1371 2757 insignem
1399 2667 1509 2738 locum
1538 2666 1703 2754 sangvine
1730 2667 1855 2737 Sancto

303 2793 340 2858 et
367 2786 546 2877 stupendis
573 2786 790 2858 mirificatum
818 2784 987 2875 prodigiis
1014 2808 1078 2873 per
1103 2792 1158 2855 tot
1183 2784 1331 2873 saecula,
1359 2805 1446 2874 qnae
1473 2805 1590 2856 necem
1619 2786 1720 2855 Reati
1740 2785 1855 2853 81001-

304 2907 368 2979 slai
397 2912 543 2999 sequuta
571 2914 669 2995 sunt,
698 2907 816 2977 haberi
845 2904 1048 2993 neglectum,
1077 2911 1113 2975 et
1140 2890 1194 2974 cui
1222 2905 1315 2975 ult-ra
1344 2912 1502 2976 caeteros
1538 2903 1727 2993 impensior
1753 2904 1855 2975 debe-

304 3028 409 3101 batur
435 3028 557 3118 honos,
583 3033 619 3100 et
646 3026 737 3118 quod
764 3026 803 3114 is,
832 3045 936 3114 aegre
963 3026 1019 3097 die
1046 3026 1139 3113 solis,
1166 3025 1307 3097 Saturni
1334 3031 1369 3097 et
1395 3025 1543 3097 Veneris
1571 3047 1609 3097 re
1635 3025 1754 3097 divina
1779 3031 1857 3097 tan·

303 3148 481 3223 tummodo
517 3148 846 3237 administrabatur,
875 3148 1100 3238 proventibus
1128 3148 1232 3217 etiam
1261 3148 1333 3219 suis
1360 3149 1555 3237 veteribus,
1583 3170 1669 3238 quos
1696 3148 1855 3238 ampliari

303 3291 372 3344 nou
400 3268 528 3341 auferri
556 3269 784 3340 conveniebat
802 3270 837 3339 in
856 3268 1135 3358 praeposituram
1154 3267 1187 3339 S.
1206 3268 1360 3340 Floriani
1379 3270 1559 3340 translatis
1578 3277 1713 3359 exutus,
1731 3290 1855 3360 magno

306 3390 440 3479 studio,
467 3412 662 3481 magnoque
687 3397 815 3461 conatu
843 3410 906 3479 per
933 3411 1042 3460 annos
1070 3390 1187 3480 plures
1214 3396 1250 3459 et
1276 3388 1498 3461 difficultates
1523 3396 1692 3481 expertus
1718 3391 1856 3479 institit,

304 3518 344 3584 01
370 3512 465 3583 locus
494 3511 567 3601 ipse
595 3510 761 3581 hactenus
789 3510 977 3581 saecularis
996 3530 1072 3580 curn
1092 3509 1237 3581 ecclesia
1255 3511 1453 3600 parochiali,
1473 3512 1507 3581 in
1528 3512 1723 3601 regularem
1742 3518 1856 3583 trans·

304 3632 464 3721 serretur,
491 3639 527 3703 et
553 3631 721 3702 fratribus
749 3630 851 3701 Beati
878 3630 977 3701 Pauli
1005 3630 1107 3720 primi
1135 3631 1325 3701 heremitae
1353 3633 1641 3723 contemplativae
1667 3640 1704 3703 et
1722 3633 1856 3704 activae

176 3794 179 3799 ·
305 3754 397 3825 vitae
425 3750 562 3841 deditis,
590 3771 703 3841 parco,
731 3750 887 3841 simplici,
915 3751 1094 3841 castigato,
1121 3758 1193 3822 tarn
1221 3752 1350 3824 amictu
1370 3774 1472 3842 quam
1493 3753 1586 3825 victu
1605 3754 1722 3825 vivere
1739 3774 1856 3825 assue-

303 3875 359 3965 tis,
387 3873 509 3945 oilie-iis
537 3871 670 3945 diurnis
698 3877 733 3942 et
760 3872 947 3960 nocturnis,
974 3892 1013 3941 re
1041 3893 1176 3963 quoque
1202 3872 1375 3963 frequenti
1402 3874 1522 3945 diviua
1540 3873 1624 3946 illud
1644 3874 1857 3963 officiaturis,

304 3996 551 4087 assignaretur.
578 3992 617 4065 ld
646 4012 732 4083 opus
759 3993 935 4082 egregium
963 4013 1038 4065 cum
1068 3993 1223 4083 plerique¹
1251 3995 1414 4065 mortales
1433 3994 1638 4066 damnarent
1656 4002 1855 4086 carperent·

304 4136 381 4209 que,
409 4124 445 4186 01
472 4115 564 4186 omni
603 4134 686 4185 cura
713 4097 985 4187 ne'suceederet
1011 4113 1267 4204 adniterentur,
1295 4116 1548 4187 casimirus
1575 4116 1764 4188 Tertius
1791 4116 1857 4187 Po·

304 4236 415 4309 leniao
443 4258 504 4309 rex
532 4257 553 4307 a
579 4235 602 4308 J
611 4236 790 4308 ohanne
817 4234 964 4325 seniore,
991 4236 1049 4327 qni
1076 4236 1177 4307 arinis
1205 4238 1856 4325 0001001000000000001110110101,

184 4394 187 4401 ·
252 4340 254 4345 ⁵
305 4358 543 4449 casimiri,
579 4357 787 4446 Alberti,
824 4356 1102 4445 Alexandri,
1130 4357 1480 4448 Sigismundiet
1511 4359 1857 4431 Fridericierat

183 4504 208 4555 ·.
305 4488 510 4572 praeceptor
536 4485 572 4551 01
597 4479 777 4551 institutor
804 4478 1053 4569 interpellatus,
1072 4477 1181 4550 nodos
1208 4478 1530 4569 impedimentorum
1550 4480 1665 4571 solvit,
1687 4480 1722 4552 in
1742 4489 1856 4552 trans-

307 4603 472 4673 lationem
493 4620 630 4693 quoque
657 4599 853 4672 huiusmodi
880 4599 1072 4688 corrsensit,
1098 4597 1361 4691 Johannemqno
1388 4601 1597 4672 Scalkanr
1625 4602 1669 4673 de
1695 4604 1857 4693 Schye-

204 4712 207 4717 ’
305 4724 389 4795 100
418 4724 527 4813 ipsius
555 4722 719 4793 ecclesiae
755 4721 798 4792 de
826 4718 1023 4809 Rupella
1049 4726 1133 4792 1000
1159 4727 1348 4809 rectorem,
1376 4724 1433 4811 qui
1461 4729 1497 4792 et
1523 4722 1597 4812 ipse
1624 4723 1668 4793 ab
1697 4724 1754 4795 illo
1782 4723 1857 4795 loco

305 4842 547 4915 molestissimo
574 4841 708 4912 serebat
735 4861 772 4911 se
799 4839 1085 4930 sequestrandum
1111 4839 1166 4930 iri,
1193 4841 1325 4915 duabus
1344 4842 1550 4932 praebendis
1568 4844 1751 4931 ventrosis,
1770 4846 1855 4915 Sau-

243 5034 252 5045 ,
306 4963 517 5053 domiriensi,
545 4984 633 5052 quae
660 4961 856 5053 appellatur
883 4960 1257 5054 Zayanczkowyczska,
1284 4970 1321 5035 et
1337 4962 1535 5053 Kyelciensi
1554 4986 1643 5055 quae
1663 4964 1856 5053 appellatur

81 5060 122 5131 '⁵
185 5124 187 5131 ·
229 5178 231 5183 Ι
305 5084 634 5177 Sebidlouyeczslra,
660 5082 837 5155 Johaunes
863 5082 1101 5173 Dlugoseh
1128 5084 1360 5174 contentavit3
1387 5084 1538 5156 obtinuit
1556 5091 1593 5157 et
1609 5085 1721 5157 altare
1739 5140 1747 5154 .
1766 5139 1774 5154 .
1793 5140 1800 5155 .
1819 5086 1854 5154 in

156 5294 159 5303 Ι
306 5204 426 5307 eadem
462 5202 613 5279 ec'clesia¹
644 5202 686 5275 10
722 5202 920 5293 11000110
956 5203 1132 5294 praelatus
1157 5203 1335 5276 10100000
1362 5205 1613 5297 Dlugosch,
1640 5228 1662 5277 a
1689 5207 1855 5296 magistro

106 5302 170 5371 *’·“·“
196 5356 267 5421 ap„
304 5326 328 5401 J
336 5326 477 5399 acobo
505 5325 637 5417 phisico
664 5332 815 5397 erectum
843 5331 879 5396 et
906 5346 1010 5397 cerrsu
1037 5326 1185 5397 sedecim
1213 5346 1405 5398 marcarum
1433 5348 1546 5399 annuo
1573 5328 1748 5417 dotatum,
1776 5350 1856 5399 con·

132 5544 134 5549 ,
167 5458 194 5515 .’
305 5448 537 5521 sentientibus
564 5447 762 5520 consulibus
790 5446 1103 5537 Casimiriensibus,
1130 5447 1277 5537 praelati
1303 5448 1426 5521 altaris
1449 5449 1673 5521 collatoribus
1691 5450 1857 5540 extingui,

214 5558 243 5597 ·’
305 5576 342 5643 01
377 5576 565 5659 proventus
601 5568 675 5640 eius
711 5568 877 5640 coenobio
912 5567 1077 5655 fratrum,
1105 5559 1210 5639 salvis
1238 5569 1401 5641 oneribus
1429 5571 1550 5643 altaris
1575 5572 1723 5643 annecti.
1760 5571 1857 5643 Emit

88 5770 108 5781 ..
306 5690 411 5787 0110οι
439 5690 615 5781 praelatus
641 5689 819 5762 Johannes
846 5688 1081 5777 Dlugosch
1108 5688 1287 5779 praedium
1315 5690 1351 5761 in
1378 5691 1461 5763 villa
1478 5690 1857 5783 cpathlrowicze,

88 5836 92 5853 ··
120 5804 137 5905 f
241 5800 276 5861 ⁹⁴²²·
308 5813 401 5905 quod
428 5817 504 5883 crat
531 5811 805 5883 sanctuariorum
834 5808 1128 5899 Cracoviensium,
1155 5830 1219 5901 pro
1246 5818 1383 5885 000100
1411 5814 1546 5903 marcis,
1573 5814 1671 5885 salva
1688 5815 1856 5887 servituto

114 5910 201 6024 3³5³!
237 5930 274 5993 a?
304 5934 486 6021 ecelesiae,
522 5952 585 6022 per
620 5936 697 6001 octo
733 5928 966 6001 hebdomadas
1002 5929 1036 6000 in
1072 5950 1181 6021 anuo,
1218 5952 1281 6023 per
1315 5954 1420 6005 unum
1456 5935 1629 6007 hominem
1657 5934 1853 6026 pedestrem

233 6050 543 6167 ,Hgssimpand'enda
571 6058 608 6124 et
634 6072 736 6123 00000
764 6052 866 6123 00100
893 6071 1032 6123 marcae
1050 6072 1176 6143 annuo,
1194 6054 1329 6127 0001011
1347 6054 1569 6127 cracoviensi
1598 6056 1773 6129 solvendo.
1801 6056 1856 6129 Ad

168 6138 222 6241 ἦν
263 6176 479 6267 &instantes
515 6174 632 6265 itaque
668 6172 818 6264 praefati
852 6172 1725 6267 10100010111οε0001001111οι100,10100000
1753 6178 1857 6251 1100-

271 6280 515 6387 vlszowsky
541 6302 625 6369 tune
650 6294 890 6369 Gracoviensis
916 6297 1099 6387 episcopus
1125 6317 1169 6368 ex
1194 6298 1387 6389 parochiali
1414 6301 1560 6372 ecelesia
1587 6302 1630 6373 de
1658 6301 1860 6390 Ilupella

166 6404 168 6411 ’
308 6422 345 6487 01
380 6414 484 6487 altari
519 6418 694 6509 praelato,
730 6416 831 6585 titigo
867 6418 942 6491 eius
978 6418 1013 6489 in
1049 6420 1452 6517 mrpaunmexuncm,
1480 6423 1673 6511 regularem
1700 6412 1859 6493 10010011

382 6554 445 6635 ῂῆἓή
472 6578 474 6583 .

1491 6758 1498 6781 Ι

1092 6812 1172 6869 ¹1·
1491 6804 1511 6847 ὁ
