4217 8059
1598 1482 1641 1595 j
1738 1472 1838 1569 aor-

266 1681 335 1753 alio
362 1683 429 1753 nisi
455 1681 612 1773 praelato
638 1682 850 1775 monasterio
878 1681 1034 1754 subiecti.
1060 1682 1148 1753 Item
1165 1683 1303 1754 laneum
1329 1702 1434 1753 unum
1460 1702 1633 1785 agrorum,
1650 1681 1817 1755 donatum
1927 1694 1930 1707 '

266 1803 476 1875 monasterio
504 1824 567 1892 per
592 1801 801 1893 oppidanum
828 1802 1073 1875 Lublinensem
1101 1802 1285 1891 Tlusto‚
1311 1803 1356 1879 ab
1382 1802 1542 1873 omuibus
1568 1801 1753 1881 ordinariis
1779 1809 1817 1873 et

267 1922 554 1994 extraordinariis
582 1923 741 1994 censibus
768 1930 804 1995 et
831 1923 973 1995 tributis
1000 1923 1148 2013 liberum
1177 1923 1344 2012 obligans
1372 1929 1410 1995 ut
1438 1922 1583 2014 quilibet
1608 1922 1718 1994 frater
1735 1928 1817 1995 astu

267 2044 451 2135 presbyter
478 2044 678 2139 monasterii
705 2042 871 2134 praelati,
899 2050 972 2115 tres
998 2044 1124 2115 missas
1159 2042 1397 2115 detunctorum
1423 2063 1488 2134 pro
1514 2042 1626 2129 salute
1652 2043 1755 2134 regis,
1782 2048 1820 2112 et

116 2199 122 2212 ·
268 2171 362 2235 statu
398 2185 518 2254 regum
554 2171 591 2237 et
618 2165 716 2256 regni
753 2163 935 2253 Poloniae,
961 2164 1107 2254 singulis
1133 2163 1335 2255 septimanis
1363 2163 1503 2255 explere
1529 2170 1565 2235 et
1585 2163 1725 2266 legere,
1752 2163 1818 2234 sub

269 2305 373 2355 onere
402 2285 632 2357 conscientiae
659 2285 706 2359 sit
733 2284 931 2357 adstrictus.
958 2284 1044 2356 Item
1064 2282 1211 2356 liberum
1230 2272 1340 2373 usum,
1359 2284 1545 2357 sectionem
1564 2290 1601 2356 et
1618 2283 1818 2357 fruitionem
1836 2266 1840 2279 '

270 2406 419 2477 omnium
457 2406 632 2498 sylvarum
669 2413 705 2478 et
739 2405 930 2497 lignorum,
967 2410 1038 2477 tam
1073 2426 1137 2496 pro
1173 2404 1357 2492 aedificiis,
1393 2426 1497 2494 quam
1533 2425 1596 2497 pro
1614 2403 1726 2492 -loeis,
1754 2424 1818 2494 pro
1947 2458 1953 2468 .

151 2596 160 2603 .
269 2525 424 2616 quolibet
459 2533 632 2615 tempore,
667 2526 711 2617 ad
741 2527 801 2597 ins
837 2525 970 2616 regium
1004 2507 1043 2597 'et
1065 2524 1119 2597 „ad
1146 2530 1297 2597 castrum
1326 2524 1536 2596 Lublinense
1562 2511 1821 2624 quomodolibet

268 2647 526 2736 pertinentium.
553 2646 666 2717 Erant
693 2634 809 2718 autem
836 2646 928 2719 cirea
954 2645 1151 2721 huiusmodi
1178 2646 1392 2718 dotationem
1419 2644 1511 2736 apud
1534 2643 1697 2735 oppidum
1716 2643 1819 2736 Gra·
1933 2696 1939 2714 ,

270 2772 508 2859 sznystavv
544 2767 670 2839 tactam
707 2774 928 2858 praesentes,
963 2773 997 2839 et
1033 2767 1304 2858 adstipulatores
1340 2766 1517 2839 lohannes
1553 2764 1598 2838 de
1625 2764 1819 2838 Tarnov

270 2886 518 2978 Gracoviensis,
545 2888 709 2961 Nicolaus
737 2887 779 2959 de
807 2886 1052 2960 Michalov
1079 2885 1370 2989 Sandomiriensis
1403 2885 1558 2978 palatini,
1587 2885 1819 2976 Dobrogo-

270 3010 399 3089 atius
419 3009 463 3081 de
488 3008 811 3085 Schamothuli
839 3009 1110 3086 suocamerarins
1137 3006 1367 3097 Galissiensis,
1393 2988 1644 3079 Damaratb
1670 3007 1713 3079 de
1739 3005 1820 3079 Ko-

269 3130 445 3223 bylany
481 3129 677 3220 Biecensis,
702 3129 882 3211 iohannes
914 3128 1172 3221 Licbinslry
1209 3129 1420 3200 Szremensis
1456 3126 1645 3205 castellani
1684 3127 1821 3217 Littera

270 3272 354 3323 vero
390 3248 602 3323 fundationis
638 3251 803 3323 transivit
837 3270 900 3342 per·
936 3271 1057 3322 manus
1092 3249 1115 3323 J
1126 3250 1323 3322 ohannis
1358 3249 1480 3322 decani
1515 3247 1754 3321 cracoviensis
1773 3253 1821 3339 ‚et

270 3373 371 3463 regni
406 3371 572 3445 Polouiae
608 3372 889 3443 vicecancellarii.
925 3372 1037 3444 Annis
1064 3375 1180 3444 autem
1207 3370 1364 3461 pluribus
1391 3370 1550 3460 quaesita
1575 3368 1650 3459 tuit,
1675 3388 1740 3461 per
1757 3389 1819 3441 no·

270 3470 395 3566 tabiles
431 3493 573 3565 nuncios
609 3499 646 3564 et
681 3468 839 3565 oratores
865 3490 998 3583 regios,
1026 3490 1185 3563 maximis
1211 3491 1424 3581 sumptibus,
1450 3489 1569 3581 fatigis
1586 3495 1632 3561 et
1657 3488 1822 3580 impensis

270 3614 471 3687 monasterii
506 3613 653 3705 praelati
679 3611 837 3686 -Sanctae
872 3610 1046 3703 Brigittae
1082 3611 1322 3701 Lublinensis,
1358 3611 1392 3682 in
1420 3594 1821 3685 Italiae-et'Almaniae

271 3735 489 3825 regionibus,
517 3734 609 3825 apud
637 3754 788 3806 summos
814 3733 1008 3824 pontifices,
1035 3738 1072 3804 et
1098 3732 1231 3804 ordinis
1257 3731 1405 3823 praelati
1431 3731 1630 3821 superiores
1653 3729 1822 3819 fundatio,

273 3860 309 3925 et
343 3855 476 3945 aliquot
511 3855 664 3945 capitula
698 3854 884 3956 Romae,
919 3853 1216 3945 Florentiae,
1242 3850 1419 3927 ianuae
1444 3850 1623 3943 generum
1648 3852 1693 3947 ob
1719 3851 1824 3940 id,a

140 4052 144 4058 ,
268 3974 445 4065 prioribus
481 3974 630 4062 ordinis,
657 3974 702 4045 ad
729 3986 818 4064 quae
844 3995 907 4046 rex
942 3993 1023 4051 suos
1049 3973 1213 4045 mittebat
1238 3974 1396 4045 oratores
1421 3979 1540 4063 gesta,
1566 3971 1753 4045 cruciferis
1779 3971 1823 4043 de

271 4093 414 4165 Prussia
435 4093 676 4165 fundationem
704 4096 812 4185 ipsam
841 4116 903 4184 per
930 4116 968 4165 se
994 4100 1030 4165 et
1057 4094 1247 4165 submissas
1265 4114 1433 4185 personas
1451 4093 1656 4193 muantibus
1673 4090 1823 4164 inficere.

271 4213 371 4285 Pium
399 4218 528 4285 tamen
542 4221 578 4284 et
604 4213 802 4304 religiosum
831 4235 948 4303 regem
976 4213 1071 4285 nulla
1098 4220 1238 4303 poterat
1264 4212 1459 4285 adversitas
1484 4234 1661 4304 superare,
1686 4213 1725 4285 in
1750 4219 1823 4286 tam

272 4333 470 4407 diuturnam
489 4355 626 4426 quoque
654 4333 977 4425 impedimentorum
1004 4339 1041 4405 et
1068 4332 1310 4406 difficultatum
1330 4354 1418 4424 quae
1436 4334 1749 4424 interponebantur
1767 4355 1823 4405 ra·

272 4456 347 4526 bles
373 4461 534 4545 grassata
561 4461 626 4545 est,
652 4459 693 4526 ¹ut
720 4460 878 4546 sumptus
906 4454 994 4545 regii
1020 4454 1057 4525 in
1075 4454 1165 4527 huuc
1182 4474 1256 4545 rem
1285 4454 1441 4546 impensi,
1457 4460 1685 4551 posteaquam
1702 4452 1824 4525 tunda-
1924 4500 1930 4507 -

272 4574 378 4646 tionis
405 4575 579 4646 conclusio
616 4574 760 4646 obtenta
787 4580 823 4646 et
849 4574 989 4646 decreta
1016 4579 1090 4663 est,
1116 4552 1339 4665 ad'quinque
1366 4572 1477 4646 millia
1501 4573 1710 4646 florenorum
1737 4573 1824 4647 bun·

271 4695 454 4785 gamelium
482 4695 711 4769 ascenderint.
1567 4700 1575 4713 ‘

375 4937 532 5036 Lusum,
560 4935 734 5027 oppidum,
762 4943 867 5029 caput
893 4942 931 5010 et
948 4937 1074 5009 civitas
1091 4935 1294 5028 principalis
1313 4928 1684 5027 terraelaublinensis,
1696 4936 1827 5009 babens

273 5058 452 5130 ecclesiam
479 5057 614 5129 unicam
641 5056 873 5146 parochialem
901 5057 936 5127 in
964 5078 1010 5145 se,
1038 5058 1136 5141 emus
1162 5058 1358 5148 proprietas
1383 5063 1420 5131 et
1444 5056 1633 5135 dominium
1659 5057 1705 5129 ad
1731 5078 1825 5131 sere-

273 5179 452 5251 nissimum
479 5178 644 5250 Polouiae
671 5197 788 5268 regem
815 5177 987 5268 pertinet,
1014 5177 1060 5249 ad
1087 5198 1189 5269 quam
1216 5176 1452 5270 propter-loci
1479 5177 1757 5251 commoditatem
1790 5185 1828 5251 et

274 5297 514 5388 aptitudinem,
541 5299 670 5370 multae
697 5299 906 5370 mercantias
935 5299 1108 5370 variarum
1136 5299 1376 5389 manerierum,
1403 5299 1603 5375 eranam
1628 5306 1665 5372 et
1682 5299 1828 5373 iithva·

274 5420 343 5515 nia,
370 5420 585 5526 caeterisque
612 5420 767 5495 finitimis
794 5419 879 5492 locis
905 5418 1117 5511 afferuntur,
1143 5419 1188 5491 ad
1215 5419 1354 5493 fluvium
1382 5419 1651 5497 Bistrzieza
1676 5421 1763 5509 situ,
1790 5420 1826 5491 in

147 5570 149 5575 ·
275 5539 423 5612 dioecesi
450 5540 678 5613 Craeoviensi.
704 5540 745 5613 ln
772 5541 838 5612 hac
863 5546 921 5611 est
946 5539 1147 5631 theloneum
1174 5540 1318 5630 regium
1346 5539 1437 5631 quod
1464 5540 1565 5611 annis
1593 5538 1742 5630 singulis
1758 5560 1823 5632 pro

275 5667 411 5733 centurn
438 5663 573 5748 marcis,-
600 5661 784 5753 aliquando
812 5661 1265 5752 amplioribusareudatua
1300 5660 1356 5733 Ex
1382 5660 1581 5733 huiusmodi
1606 5661 1725 5752 itaque
1750 5661 1827 5735 tbe-

275 5780 375 5863 loneo
403 5779 679 5854 Vladislaus
704 5767 870 5853 Poloniae
897 5801 958 5853 rex
986 5780 1162 5887 mundando
1188 5788 1226 5869 et
1244 5780 1397 5854 dotando
1416 5782 1663 5853 monasterium
1681 5781 1828 5855 Sanctae

271 5900 449 5991 ¹Brigittae
476 5902 512 5973 iu
538 5901 717 5990 Lublin,
746 5900 894 5993 contulit
920 5906 956 5972 et
982 5900 1125 5972 donavit
1152 5901 1340 5981 donatione
1357 5908 1527 5994 perpetua
1544 5906 1581 5973 et
1597 5900 1827 5998 irrevocabili,

275 6023 486 6094 monasterio
522 6021 678 6113 praelato
707 6023 741 6093 in
769 6021 941 6094 Lublin
978 6021 1102 6112 viginti
1136 6041 1272 6093 marcas
1299 6023 1490 6095 communis
1509 6022 1701 6112 pecuniae,
1727 6020 1827 6093 annia

276 6142 431 6233 singulis,
459 6143 503 6215 ad
531 6142 704 6234 quaelibet
731 6150 880 6234 quatuor
906 6148 1074 6233 tempora,
1102 6162 1164 6233 per
1191 6142 1343 6233 quinque
1369 6162 1503 6215 marcas
1530 6163 1593 6233 per
1611 6141 1827 6215 theloneato·

275 6284 333 6336 res
360 6272 406 6336 et.
423 6285 656 6355 quoscumque
681 6264 834 6337 thelonei
860 6263 1082 6336 Lublinensis
1109 6263 1521 6352 tenutarioseaactores,
1546 6262 1773 6335 mandatores
1789 6270 1828 6334 et
1878 6352 1886 6367 ³

277 6383 451 6477 olficmles,
478 6384 609 6478 absque
635 6384 728 6459 omui
756 6386 944 6459 renitentia
971 6389 1007 6460 et
1033 6382 1236 6457 difficultate
1263 6381 1517 6472 mundandam
1540 6387 1667 6461 matra
1680 6382 1827 6479 quoad
