4217 8059
306 1480 382 1551 aab

306 1690 401 1780 agris
429 1688 575 1759 solvitur
602 1687 650 1787 d
686 1676 689 1683 ’
717 1768 719 1773 ,
749 1664 996 1778 'manipularis
1019 1690 1197 1762 'eeclesiae
1234 1691 1269 1762 in
1296 1691 1552 1782 Rihithwy,
1587 1698 1624 1763 et
1650 1692 1749 1773 valor
1783 1693 1859 1765 eius

306 1811 513 1881 aestimatur
539 1809 583 1879 ad
610 1814 682 1880 tres
708 1828 853 1881 marcas.
897 1810 984 1881 Item
1021 1817 1077 1884 est
1102 1832 1192 1883 unns
1218 1812 1340 1884 laneus
1376 1812 1619 1903 emetherialis,
1660 1813 1799 1886 noviter
1822 1814 1859 1886 in

227 1910 234 1923 ⁸
306 1929 414 2001 cruda
441 1930 557 2001 radice
585 1951 649 2020 per
675 1930 859 2009 haeredem
888 1933 1099 2022 extirpatus,
1140 1933 1199 2022 qui
1225 1933 1358 2004 locatus
1385 1918 1441 2005 est
1467 1932 1664 2025 cmethone,
1692 1939 1728 2015 et
1754 1935 1860 2007 solvit

309 2049 477 2123 decimam
504 2052 753 2142 manipularem
780 2052 946 2124 ecclesiae
974 2053 1009 2123 in
1037 2052 1283 2146 Ri‘hithwy.
1389 2117 1392 2124 .

330 2204 333 2213 ·
413 2172 591 2262 Gauron,
619 2173 701 2263 villa
727 2173 858 2244 habens
886 2174 921 2244 in
940 2174 1174 2245 se'eeclesiam
1194 2176 1428 2265 parochialem
1449 2174 1599 2266 ligneam
1617 2175 1734 2249 Sancti
1752 2177 1859 2261 Adel·

305 2296 412 2387 berti,
449 2296 545 2366 cuins
582 2295 705 2365 haeres
739 2287 931 2366 Dobeslaus
968 2296 1291 2386 Sezehofczslry
1328 2296 1370 2368 de
1406 2296 1508 2369 domo
1535 2295 1858 2372 Odrowanach

196 2475 200 2485 ,
305 2420 399 2491 llaec
426 2417 562 2488 decima
589 2415 728 2505 dudum,
756 2416 925 2493 incertum
954 2438 1022 2506 quo
1049 2424 1214 2508 tempore,
1243 2430 1358 2507 quove
1377 2418 1479 2489 mo'do
1499 2418 1649 2490 alienata
1675 2428 1729 2492 est
1747 2441 1769 2490 a
1786 2439 1858 2493 mo·

304 2539 458 2613 nasterio
486 2537 635 2608 Sanctae
659 2535 801 2626 Crucis,
828 2544 865 2608 et
892 2538 1039 2631 percipit
1075 2559 1151 2608 eam
1178 2545 1258 2628 post
1285 2558 1404 2610 omnes
1430 2539 1567 2629 laneos,
1606 2546 1678 2612 tam
1706 2540 1858 2615 emetha
1962 2520 1975 2531 ’

298 2663 420 2750 hales,
448 2660 729 2747 tabernatoruin‚
758 2658 1040 2749 hortulanorum,
1077 2681 1178 2750 quam
1207 2658 1400 2750 praediales
1427 2661 1592 2732 ecclesiae
1618 2660 1796 2753 praefatae
1822 2664 1858 2735 in

305 2782 500 2856 Garbou
528 2801 591 2870 pro
618 2786 774 2870 tempore
801 2788 926 2871 rector,
954 2782 1027 2852 sive
1055 2782 1233 2872 plebanae,
1260 2781 1391 2877 absque
1418 2781 1655 2874 diminutione,
1682 2783 1764 2875 quia
1788 2783 1858 2856 lor-

305 2906 396 2977 sitan
436 2912 610 2994 nunquam
639 2902 682 2972 ad
711 2902 956 2975 monasterium
985 2902 1133 2974 Sanctae
1160 2900 1283 2979 Crucis
1309 2904 1518 2995 pertinebat,
1556 2910 1698 2995 praeter
1723 2905 1859 2998 aliquos

305 3046 418 3118 agros,
447 3025 506 3116 qui
533 3022 660 3094 cedunt
688 3042 750 3114 pro
779 3024 979 3114 episcopatu
1005 3022 1228 3096 Cracoviensi
1253 3024 1297 3095 de
1325 3030 1474 3117 quatuor
1500 3025 1619 3096 laneis.
1736 3060 1739 3067 =

381 3148 383 3153 ’
410 3145 722 3233 Wrnzcnosnoru
750 3144 832 3216 villa
855 3146 919 3216 sub
938 3146 1103 3236 parochia
1130 3145 1295 3217 ecclesiae
1323 3144 1366 3218 de
1391 3145 1630 3218 Kazimirz
1647 3147 1734 3238 sita,
1761 3148 1858 3222 culus
1969 3144 1975 3165 ³

123 3308 127 3315 ·
209 3316 216 3329 ·
303 3250 432 3343 haeres
460 3269 586 3340 Petrus
615 3267 865 3358 Curowslrp·
901 3269 944 3339 de
972 3268 1073 3340 dorne
1101 3269 1386 3360 Srzenyawa.
1430 3269 1469 3339 In
1498 3290 1566 3360 qua
1593 3276 1675 3341 sunt
1701 3246 1857 3367 undecim
1976 3364 1979 3369 ι

305 3412 382 3465 cum
419 3390 532 3462 rnedio
568 3390 659 3461 lanei
695 3368 947 3479 emethonales,
983 3390 1179 3480 dequibus
1215 3390 1374 3461 omnibus
1411 3389 1557 3463 solvitur
1592 3397 1629 3462 et
1654 3388 1858 3464 conducitur

306 3498 439 3586 decima
475 3511 700 3601 manipularis
728 3517 763 3581 et
790 3512 965 3600 cauapalis
1001 3531 1065 3600 pro
1093 3512 1304 3583 monasterio
1340 3511 1488 3583 Sanctae
1523 3510 1662 3601 Crucis,
1698 3520 1735 3585 et
1761 3512 1860 3587 valor

305 3637 380 3707 eius
407 3633 611 3705 aestimatur
638 3632 682 3703 ad
710 3651 832 3703 novem
860 3653 1003 3722 mareas,
1023 3632 1113 3703 item
1141 3633 1296 3721 taberna,
1323 3632 1406 3704 item
1434 3633 1621 3724 hortulani,
1648 3634 1731 3705 item
1758 3654 1880 3727 prae.

160 3833 163 3838 ,
304 3742 401 3828 dium
428 3775 497 3825 non
524 3760 588 3845 est,
615 3752 677 3824 sed
705 3752 865 3824 scoltetia
892 3760 955 3842 est,
982 3740 1025 3824 de
1054 3753 1152 3824 cuius
1179 3753 1274 3844 agris
1302 3752 1448 3825 solvitur
1474 3752 1608 3838 decima
1633 3754 1858 3847 manipularis
1904 3801 1906 3805 ν

307 3896 371 3969 pro
398 3875 610 3947 monasterio
638 3874 785 3945 Sanctae
813 3872 932 3946 Crucis
960 3874 997 3944 in
1020 3872 1236 3970 poaitluoom.
1679 3896 1681 3901 ·

410 3997 646 4085 Rznczrcza,
689 3995 771 4065 villa
798 3995 861 4069 sub
889 3995 1054 4086 parochia
1092 3994 1256 4066 ecclesiae
1285 3995 1327 4067 de
1364 3995 1599 4067 Kazimirz
1635 3996 1721 4086 sita,
1761 3997 1859 4071 cuias

307 4118 504 4210 proprietas
532 4116 576 4187 ad
603 4116 860 4188 serenissimum
896 4115 1062 4189 Poloniae
1098 4136 1215 4206 regem
1251 4117 1413 4207 pertinet.
1457 4114 1556 4188 Hane
1591 4117 1758 4190 decimam
1788 4140 1857 4190 non

305 4240 455 4332 percipit
489 4238 597 4320 modo-
620 4237 870 4330 monasterium
906 4238 1053 4309 Sanctae
1081 4236 1221 4328 Crucis,
1256 4245 1292 4309 et
1318 4237 1409 4310 forte
1436 4258 1512 4310 eam
1540 4259 1715 4330 nunquam
1746 4241 1858 4331 perci-

308 4363 436 4453 piebat,
464 4361 525 4433 sed
553 4360 701 4451 percipit
728 4380 803 4431 eam
830 4359 933 4450 pleno
962 4360 1036 4431 iure
1064 4363 1100 4430 et
1126 4359 1257 4450 absque
1284 4359 1526 4450 diminutione,
1553 4359 1760 4433 ecclesiast
1787 4361 1858 4452 ple-

306 4484 416 4555 banus
444 4483 480 4554 in
506 4481 759 4571 Karimirz,
786 4489 823 4553 et
849 4481 947 4552 valor
974 4481 1048 4552 eius
1077 4481 1282 4553 aestimatur
1301 4481 1481 4553 addecem
1508 4500 1651 4553 marcas.

412 4604 663 4693 Wonssznnm
704 4602 787 4674 villa
815 4603 879 4674 sub
907 4602 1072 4694 parochia
1098 4601 1263 4674 eeclesiae
1291 4602 1333 4673 de
1360 4601 1597 4697 llaaimirz
1632 4603 1720 4693 sita,
1760 4604 1859 4676 cuius

307 4727 503 4817 proprietas
530 4724 572 4797 ad
603 4724 807 4796 advocatum
835 4723 877 4795 de
904 4722 1138 4794 Kazimirz
1166 4723 1328 4814 pertinet.
1355 4723 1454 4796 Hane
1472 4724 1639 4797 decimam
1666 4724 1770 4797 etiam
1790 4747 1858 4798 noo
1913 4746 1916 4753 ·

307 4847 456 4939 percipit
482 4846 584 4918 modo
612 4846 858 4916 morrasterium
883 4843 1030 4916 Sanctae
1058 4843 1187 4934 Crucis,
1215 4850 1251 4914 et
1268 4843 1359 4916 forte
1385 4864 1462 4915 eam
1490 4860 1675 4936 nunquam·
1690 4846 1858 4938 percipie-
1957 4822 1961 4833 ⁵

307 4968 378 5056 bat3
405 4967 466 5038 sed
493 4966 642 5058 percipit
669 4986 744 5038 earn
772 4965 873 5056 pleno
901 4965 976 5036 iure
1003 4971 1037 5037 et
1064 4966 1194 5055 absque
1222 4965 1448 5038 diminutione
1475 4965 1621 5041 ecclesia
1639 4972 1674 5037 et
1691 4966 1859 5057 plebanus

307 5088 343 5160 ln
370 5088 621 5176 Karmina,
649 5094 686 5158 et
712 5086 811 5158 valor
837 5087 911 5158 eius
938 5087 1145 5158 aestimatur
1172 5085 1216 5157 ad
1244 5085 1394 5176 quinque
1422 5106 1565 5159 marcus.

412 5208 659 5298 Janowrczn,
701 5207 784 5278 villa
816 5209 880 5280 sub
906 5196 1074 5299 parochia
1100 5206 1144 5279 de
1170 5206 1447 5299 Srokomlya
1468 5184 1568 5297 sita,
1608 5207 1706 5280 cuius
1733 5208 1858 5281 haeres

310 5330 474 5403 Nicolaus
500 5327 749 5420 Janouslrp·
778 5308 820 5400 de
848 5329 953 5400 armis
981 5329 1263 5420 Srokomlya.
1291 5329 1331 5400 In
1358 5350 1427 5419 qna
1454 5333 1535 5401 sunt
1561 5333 1634 5401 tres
1660 5329 1752 5401 lanei
1770 5350 1858 5401 eme·

311 5450 479 5542 thonales,
507 5457 543 5522 et
570 5450 613 5522 de
640 5451 798 5523 omnibus
826 5452 974 5523 solvitur
1002 5450 1135 5522 decima
1157 5448 1384 5540 manipularis
1410 5456 1446 5523 et
1474 5451 1677 5523 conducitur
1705 5471 1768 5541 pro
1788 5472 1859 5523 mo-

309 5573 463 5646 nasterio
497 5573 645 5645 Sanctae
682 5571 820 5662 Crucis,
860 5579 897 5642 et
924 5572 1023 5643 valor
1059 5573 1133 5643 eius
1160 5571 1365 5643 aestimatur
1400 5571 1444 5642 ad
1471 5571 1557 5643 duas
1584 5592 1736 5661 mareas,
1777 5573 1858 5644 item

306 5695 482 5784 tabernae,
509 5695 590 5766 itcnr
620 5693 807 5782 hortulani,
834 5678 917 5764 item
945 5691 1134 5783 praedium.
1295 5674 1298 5679 ⁵
1676 5694 1679 5699 '

410 5816 620 5888 Dzuesnaw
622 5868 762 5904 ......

410 5937 540 6009 Donan
567 5936 698 6007 Maroa
724 5942 760 6006 et
786 5933 933 6023 Minoa,
973 5933 1055 6005 villa
1089 5935 1156 6007 sah
1183 5934 1348 6025 parochia
1381 5933 1547 6007 eeclesiae
1582 5930 1625 6006 de
1656 5932 1859 6025 Wyllrow

308 6059 383 6131 sita.
411 6060 451 6130 In
479 6080 546 6149 qua
573 6063 655 6128 sunt
681 6056 773 6127 lanei
800 6055 1047 6145 emetho‘nales,
1076 6056 1118 6127 de
1146 6056 1271 6146 quibus
1297 6055 1446 6127 solvitur
1472 6063 1509 6127 et
1535 6054 1739 6127 conducitur
1755 6053 1857 6127 ¹dcci·

307 6202 364 6253 ma
401 6178 627 6271 manipularis
662 6199 725 6270 pro
754 6179 962 6251 monasterio
999 6175 1147 6250 Sanctae
1183 6175 1321 6277 Crucis;
1358 6176 1419 6247 sed
1454 6197 1544 6248 anno
1580 6176 1719 6248 Domini
1750 6177 1858 6265 1442,

310 6301 443 6373 decima
470 6301 618 6391 septima
644 6300 748 6389 Julii,
775 6320 837 6390 per
864 6298 886 6370 J
896 6297 1129 6370 aroslaum
1157 6297 1354 6387 episcopum
1382 6297 1638 6386 Laudicensem,
1665 6303 1703 6368 et
1728 6294 1860 6369 Johan-

313 6442 394 6494 nem
413 6423 597 6513 plebanum
616 6424 652 6493 in
678 6421 924 6494 Obraszou
951 6418 1129 6492 officialem
1147 6417 1470 6509 Sandomirieneem,
1496 6418 1648 6491 arbitros
1666 6432 1863 6491 communes
