4217 8059
1716 1459 1789 1530 273

243 1681 411 1752 aquarum
447 1660 728 1751 exundantiam,¹
746 1661 960 1743 foecunditas
995 1659 1068 1731 illic
1101 1659 1239 1750 frugum
1258 1665 1413 1751 ,poterat
1447 1662 1647 1751 pervenire3
1675 1663 1792 1754 sylvae

242 1787 358 1853 tamen
393 1781 590 1867 huiusmodi
625 1788 661 1852 et
695 1780 840 1870 paludes
872 1781 979 1853 etiam
1014 1800 1106 1852 nnnc
1139 1780 1184 1852 ad
1209 1781 1456 1853 monasterium
1483 1774 1792 1854 Szeczechoviense

243 1901 468 1991 pertinebant
492 1907 531 1973 et
556 1902 722 1973 hactenus
748 1902 934 1992 pertinent,
961 1901 1094 1993 absque
1119 1900 1213 1974 omni
1234 1902 1473 1975 controversia
1490 1902 1591 1993 pleno
1610 1905 1694 1974 iure.
1720 1904 1791 1977 Do-

242 2027 327 2095 nata
352 2022 564 2096 monasterio
590 2043 654 2112 per
680 2021 817 2093 milites.

679 2284 721 2363 ln
753 2283 908 2364 ducatu
942 2282 1187 2364 Maazovlae
1220 2284 1367 2364 villae:

348 2504 514 2579 Unazow
540 2504 627 2577 aliae
653 2504 811 2594 Lazow,
836 2504 966 2576 donata
1001 2503 1213 2579 monasterio
1247 2524 1310 2594 per
1336 2503 1477 2577 Petrum
1504 2505 1791 2596 Pyotrlronis

243 2626 351 2699 filium
376 2625 529 2697 militam.

345 2744 575 2835 Quasnam,
602 2743 732 2817 donata
765 2744 975 2818 monasterio
1003 2764 1066 2835 per
1093 2743 1237 2817 Petrum
1262 2744 1292 2817 P
1300 2745 1552 2836 yotrkonis
1587 2746 1698 2818 lilium
1728 2747 1791 2817 mi-

242 2867 349 2939 litam.
1648 2872 1651 2881 “

342 2987 639 3061 'Boeunuanowo
667 2986 753 3058 alias
780 2986 1004 3078 mussan,
1022 2985 1150 3069 donata
1166 2987 1376 3059 monasterio
1393 3008 1457 3077 per
1475 2987 1616 3059 Petrum
1635 2987 1790 3078 Pyotr-

241 3109 378 3181 kouie
403 3107 511 3180 tilium
540 3107 695 3180 militam.

345 3228 600 3317 Tamunrczn,
626 3227 755 3299 donata
780 3226 990 3299 monasterio
1018 3244 1082 3317 per
1107 3224 1250 3299 Petrum
1278 3227 1385 3298 filium
1412 3225 1701 3319 Pyotrkonis
1726 3229 1791 3299 mi-

242 3349 349 3423 litam.

343 3469 416 3543 Has
443 3474 592 3560 quatuor
618 3468 718 3541 villas
744 3469 790 3540 ad
815 3468 1062 3541 monasterium
1088 3467 1399 3541 Saeczeohoviense
1430 3469 1506 3541 iure
1534 3475 1703 3559 perpetuo
1729 3470 1790 3543 do·

242 3591 305 3663 tali
330 3591 554 3681 pertinentes,
582 3594 618 3661 ot
644 3610 707 3679 per
733 3587 875 3661 Petrum
902 3586 1193 3681 Pyotrlron‘is
1228 3588 1336 3661 filium
1362 3589 1509 3661 mditem
1535 3590 1645 3661 eidem
1672 3612 1791 3663 mona·

241 3712 348 3783 sterio
383 3711 547 3801 donatas,
576 3731 662 3800 quas
698 3709 945 3783 monasterium
972 3699 1281 3783 Saecneolloviense
1308 3710 1408 3781 annm
1435 3711 1554 3783 multis
1581 3712 1791 3802 possidebat,

241 3831 507 3929 Semovlitus
534 3835 570 3901 et
596 3829 852 3902 Gasimirus
888 3829 993 3901 duces
1019 3829 1200 3901 Mazoviae
1228 3830 1399 3903 violenter
1425 3851 1448 3901 a
1473 3831 1684 3903 monasterio
1711 3831 1791 3903 Sne·

242 3952 477 4025 cmchovionsi
503 3951 733 4042 abstulerunt,
760 3956 883 4025 contra
909 3971 996 4043 quos
1023 3949 1234 4023 Clemens
1268 3971 1360 4042 papa
1385 3949 1556 4023 Sextus
1583 3953 1628 4023 ad
1654 3953 1789 4024 archie-

241 4074 418 4162 piscopum
454 4071 691 4145 Gueznensem
727 4071 873 4145 dederat
908 4077 1151 4163 conquestum,
1188 4071 1281 4161 quod
1314 4071 1465 4143 habetur
1500 4058 1718 4162 originaliter
1753 4073 1790 4144 in

241 4193 450 4267 monasterio
485 4192 805 4281 Szeczaohoviensi,
832 4191 894 4265 sed
921 4192 1023 4295 villae
1050 4190 1251 4265 detinentur
1277 4192 1456 4281 violenter,
1484 4198 1521 4265 et
1546 4193 1662 4265 iacent
1688 4193 1790 4265 villae

240 4312 416 4403 precatae
441 4320 522 4405 post
548 4313 712 4404 oppidum
738 4311 910 4391 Makow
937 4318 975 4384 et
1000 4332 1110 4402 prope
1135 4311 1253 4383 vdlam
1280 4308 1453 4384 Gdzow.

243 4559 443 4641 Decimae
486 4561 772 4664 manipulares
811 4558 1057 4637 monasterii
1089 4554 1525 4657 Szaczechouieoala,
1558 4559 1599 4636 ln
1632 4558 1788 4663 oppido

344 4698 641 4783 Szoczeclrow
672 4702 717 4777 et
747 4695 857 4775 vttlla
889 4694 1081 4775 eiusdem
1114 4696 1359 4774 monaster-ll
1392 4695 1691 4776 contristantes.

342 4916 515 5010 Oppidum
541 4917 860 5007 Szecnechow,
886 4913 1045 5006 Wolya
1080 4913 1490 5005 Szeoncclaowslra,
1517 4915 1602 4987 alias
1629 4915 1791 4988 Podol-

239 5041 412 5132 schany
439 5037 874 5128 siveSwyanczyoza,
892 5035 1121 5126 Zalyesze,
1139 5031 1790 5127 Mossnol·yoze,Garno,Koby-

240 5162 387 5252 lyany,
413 5150 1803 5251 opallkowicze,szawlowyeze,Nesszylow,1mmbyerthom

188 5292 190 5297 ·
240 5282 468 5370 Lanczna,
504 5280 743 5371 Sthpicza,
780 5278 1026 5350 Brzozowa
1066 5274 1249 5365 Wolya,
1284 5274 1587 5349 Lanczenska
1622 5277 1791 5368 Wolya,

240 5400 313 5475 Has
340 5422 458 5475 omnes
484 5400 636 5475 decimas
672 5399 903 5492 manipulares
930 5399 974 5472 ad
1001 5396 1249 5470 monasterium
1276 5395 1585 5469 Szeozeehoviense
1611 5397 1789 5488 pertinen-

239 5530 301 5613 tes,
328 5528 365 5595 et
389 5543 452 5612 per
477 5521 771 5614 Lampertum
797 5516 997 5617 episcopum
1023 5517 1298 5593 cracoviensem
1315 5517 1465 5591 donatas
1482 5517 1693 5614 monasterio
1712 5514 1792 5589 Sce-

240 5643 487 5734 czeohuviensi,
511 5644 605 5719 circa
630 5642 897 5733 descriptionem
923 5641 1086 5715 villarum
1113 5639 1323 5730 adplenum
1350 5638 1420 5709 iam
1448 5636 1702 5728 descripsimus.

297 5820 497 5971 Decimae
529 5888 812 5995 manipulares
833 5886 1088 5967 monumen-ll
1119 5883 1532 5966 ezaczeclrovlenaia
1563 5885 1602 5963 ln
1635 5883 1746 5962 ulllla

882 6023 1143 6105 mllltaribua.
1415 6032 1418 6036 ’

344 6249 548 6339 Zanuzow,
583 6247 667 6321 villa
700 6248 833 6323 habens
868 6247 906 6321 in
940 6266 978 6319 se
1012 6243 1203 6351 eeclesiam·
1230 6243 1466 6335 parochialem
1499 6240 1666 6332 ligneam,
1693 6240 1791 6313 euius

240 6371 408 6446 haeredes
434 6368 723 6469 Eustochiae
748 6375 785 6443 ct
810 6367 1038 6443 Derslaus
1069 6363 1198 6441 iratrm
1222 6363 1267 6439 de
1293 6363 1401 6441 mmis
1416 6363 1636 6437 howarth.
1652 6361 1704 6459 ,In
1721 6381 1790 6453 qua

346 6537 497 6582 muamus
516 6538 561 6581 m.
1589 6509 1626 6559 ⁸⁵
1721 6554 1726 6561 -
