4217 8059
1774 1482 1821 1555 29

268 1708 356 1776 quae
378 1656 545 1899 we
573 1686 752 1756 Rudam.
779 1687 900 1777 Igitur,
929 1689 1089 1778 quoniam
1120 1708 1141 1757 a
1168 1686 1345 1757 liliis·non
1373 1688 1478 1758 debet
1505 1640 1662 1759 revgcari
1690 1689 1725 1760 in
1743 1689 1823 1761 irri-

189 1822 195 1828 ·
266 1815 352 1898 tum,
444 1874 449 1883 ,
481 1816 520 1878 *a
547 1809 705 1897 patribus
733 1810 777 1879 ob
805 1810 997 1879 animarum
1026 1829 1166 1880 suarum
1195 1809 1343 1879 salutem
1372 1815 1442 1879 tam
1462 1809 1651 1881 solenniter
1669 1817 1726 1881 est
1741 1830 1822 1881 con-

267 1950 422 2017 cessum,
449 1935 485 2000 ct
520 1931 602 2019 quia
637 1931 840 2000 donationes
868 1930 955 2000 istae
983 1930 1206 2002 confirmatae
1232 1950 1254 1999 a
1280 1930 1438 2019 ducibus,
1466 1936 1669 2025 perpetuam
1695 1930 1824 2003 debent

269 2050 495 2121 stabilitatem
522 2051 660 2138 habere,
688 2051 889 2139 universae,
918 2052 975 2140 qui
1004 2051 1077 2121 Deo
1106 2058 1141 2121 et
1168 2050 1293 2121 Sancto
1320 2050 1510 2139 Sepulchra
1537 2051 1709 2125 dederuut
1734 2053 1823 2123 elee-

266 2192 437 2261 mosynas,
465 2180 502 2242 et
529 2172 681 2260 ipsorum
707 2172 875 2243 haeredes
903 2192 943 2242 ac
969 2172 1069 2261 filios,
1088 2172 1314 2261 patriarchali
1332 2193 1400 2262 qna
1417 2171 1592 2262 fungimur
1610 2174 1818 2245 auctoritate

267 2313 457 2381 monemus,
485 2292 684 2381 diligentius
711 2293 944 2382 obsecrantes,
972 2299 1010 2363 ut
1036 2293 1271 2383 eleemosynas
1298 2293 1462 2364 ecclesiae
1494 2299 1634 2365 nostrae
1659 2314 1681 2363 a
1706 2295 1816 2384 patri-
1923 2326 1937 2339 ·

270 2414 336 2483 hus
364 2434 543 2483 concessas
570 2421 667 2483 ratas
694 2413 859 2501 habeant,
887 2420 923 2484 et
950 2415 1041 2503 quod
1069 2415 1112 2485 ab
1142 2414 1192 2484 eis
1219 2418 1388 2485 statutum
1414 2419 1487 2501 est,
1523 2414 1721 2486 nullatenus
1747 2416 1820 2486 vio-

270 2534 345 2603 lare
381 2539 619 2623 praesumant,
648 2534 814 2622 scientes,
843 2534 933 2623 qnod
970 2534 999 2603 si
1027 2534 1089 2604 lilii
1116 2541 1254 2623 patrum
1283 2535 1487 2607 donationes
1513 2542 1609 2606 ratas
1636 2536 1824 2608 habuerint

268 2663 307 2725 et
334 2654 481 2743 illaesas,
510 2656 660 2725 omniurn
687 2656 881 2727 orationum
911 2662 947 2727 et
973 2656 1228 2744 beneficiorum,
1257 2676 1345 2745 quae
1364 2657 1400 2726 in
1419 2661 1540 2727 nostra
1557 2656 1687 2728 inerint
1704 2655 1824 2727 Eccle-

267 2776 330 2864 sia,
358 2782 461 2847 erunt
487 2775 682 2864 participes,
709 2777 837 2847 honum
864 2797 885 2845 a
912 2770 1052 2846 Christo
1080 2777 1270 2865 praemium
1298 2777 1483 2866 recepturi.
1510 2776 1545 2846 Si
1579 2797 1662 2848 vero
1681 2777 1823 2849 liberta·
1876 2790 1879 2795 '

269 2903 324 2967 tes
339 2895 535 2986 infringere,
550 2896 604 2965 vel
620 2870 859 2985 possessiones
869 2895 1004 2967 auferre
1020 2897 1145 2967 illicita
1163 2899 1359 2968 temeritate
1372 2899 1652 2987 praesumserint,
1665 2900 1828 2970 noverint

269 3038 307 3087 se
335 3022 416 3087 ante
443 3015 595 3087 tribunal
621 3016 708 3087 lesu
734 3016 864 3087 Christi
892 3016 1087 3087 districtum
1105 3018 1284 3089 subituros
1303 3018 1476 3108 indicium,
1500 3025 1536 3089 et
1553 3020 1598 3090 ab
1615 3020 1702 3108 ipso,
1720 3039 1823 3108 quem

268 3138 306 3209 in
324 3138 436 3209 crucis
456 3158 659 3227 suspensum
679 3138 833 3226 patibulo
861 3138 1054 3226 adoramus,
1082 3139 1178 3208 euius
1204 3140 1397 3226 patrocinia
1424 3140 1635 3229 invaserunt,
1657 3140 1693 3209 in
1712 3147 1826 3211 extre·

269 3280 327 3329 mo
354 3261 511 3329 examine
537 3258 676 3329 fortiter
702 3259 903 3348 puniendos.
930 3258 1097 3328 Effectum
1123 3264 1177 3328 est
1194 3259 1259 3329 hoc
1276 3259 1378 3330 Anno
1397 3238 1599 3331 Dominicae
1617 3260 1825 3330 incamatio-

269 3380 325 3450 nis
357 3380 464 3451 1198.

493 3826 552 3911 m
585 3777 934 3933 areanorum,
967 3826 1097 3911 srva
1132 3828 1318 3911 nonna
1349 3827 1574 3913 ananan

271 4055 513 4179 Secundum
547 4041 848 4135 monasterium
880 4056 1058 4135 fratrum
1091 4056 1252 4136 ordinis
1288 4057 1407 4136 Sacri
1431 4057 1653 4161 Sepulchri
1676 4056 1819 4137 Domi·

273 4214 355 4293 uici
390 4212 773 4316 lrlycroaoiimitani,
796 4216 1098 4292 canonicorum
1121 4213 1393 4316 regularium,
1408 4211 1617 4316 duplicem
1640 4224 1815 4294 cruceni

306 4368 480 4448 rubeam
514 4372 553 4446 iu
588 4362 728 4447 habitu
762 4389 841 4446 suo
874 4367 1168 4468 deferentium,
1203 4372 1242 4446 in
1275 4368 1465 4448 dioecesi
1498 4367 1789 4448 Oracovlanal.

377 4588 643 4660 Kazimirns
675 4587 913 4660 Secundus
949 4588 1114 4659 Poloniae
1149 4609 1229 4677 rex,
1257 4588 1396 4659 condito
1423 4588 1549 4694 oppido
1577 4588 1820 4660 Kazimiriensi

274 4710 373 4781 iuxta
398 4711 574 4781 civitatem
603 4708 882 4798 cracoviensem,
910 4709 954 4795 ad
981 4710 1111 4780 fluenta
1137 4709 1317 4798 Vislae,
1345 4718 1382 4780 et
1407 4709 1544 4781 nomine
1570 4710 1603 4780 ei
1630 4730 1693 4781 suo
1720 4711 1829 4799 impe
1940 4702 1962 4799 [j

274 4833 361 4919 sito,
388 4832 421 4901 iu
450 4852 529 4920 quo,
546 4838 582 4901 et
610 4832 874 4935 universitatem
900 4839 1006 4920 atque
1033 4831 1185 4902 studium
1212 4831 1396 4919 generale,
1421 4830 1708 4920 magnificaturus
1730 4830 1826 4919 illud,

274 4952 428 5041 manare,
455 4953 599 5039 erigere¹
618 4959 653 5023 et
679 4952 851 5024 fabricare
879 4958 1055 5042 coeperat,
1085 4952 1202 5023 volens
1229 4953 1334 5022 etiam
1362 4952 1592 5027 meditulhum
1618 4951 1832 5023 interere.-

275 5074 453 5145 coriam
490 5082 527 5144 et
562 5072 863 5146 Kazimiriam
900 5074 1035 5163 iacens,
1063 5074 1153 5163 quod
1189 5075 1356 5145 hactenus
1383 5072 1650 5145 Str-edomia
1677 5079 1832 5167 uocatur,

276 5194 448 5285 frequenti
471 5196 652 5297 'honrinnm
680 5195 893 5266 habitatione
921 5195 1073 5284 implere,
1101 5196 1136 5265 in
1163 5195 1268 5267 decus
1295 5201 1331 5265 et
1356 5196 1523 5266 honoram
1550 5194 1682 5266 Beatm
1699 5194 1829 5266 Hadri·

279 5317 335 5406 gis
360 5317 512 5405 electae,
548 5315 833 5386 Vratislaviensis
869 5317 1045 5406 ducissae,
1073 5336 1115 5386 ex
1142 5317 1239 5386 cuius
1266 5317 1432 5405 sarrgvine
1459 5324 1496 5387 et
1521 5316 1596 5404 ipse
1623 5322 1720 5387 satus
1746 5321 1833 5422 erat,

277 5437 445 5528 Hedvigis
472 5437 562 5508 enim
590 5436 662 5508 filia
688 5437 897 5529 Boleslai
924 5430 996 5507 P'ii
1023 5437 1124 5508 ducis
1147 5435 1374 5527 Calissiensis,
1392 5458 1435 5509 ex
1452 5436 1475 5507 J
1483 5435 1642 5509 olente
1667 5435 1739 5507 filia
1753 5436 1786 5507 -B
1796 5457 1834 5506 e-

279 5558 349 5631 lae
385 5559 478 5648 regis
514 5558 733 5648 Hungariae,
761 5563 797 5628 et
831 5579 951 5629 sorore
986 5578 1152 5649 germana
1178 5558 1310 5629 Beatae
1345 5557 1649 5648 hunegundis
1677 5557 1833 5628 ducissae

281 5678 529 5770 Graoemensis
558 5679 764 5750 Boleslai
792 5679 960 5751 Pudici
986 5680 1122 5767 relicta,
1149 5678 1244 5750 illum
1273 5666 1461 5769 genuerat,
1489 5679 1743 5755 Belaautem
1770 5699 1832 5749 rex
1853 5715 1870 5727 ··

236 5882 242 5890 ⁸
282 5799 492 5891 Hnngariae,
519 5807 619 5897 pater
645 5799 882 5890 praefatarum
910 5800 1217 5891 Kunegnndis
1243 5810 1280 5871 et
1305 5800 1537 5890 Jolentae,
1565 5810 1673 5889 nepos
1699 5818 1834 5887 gerara·

282 5942 346 5993 nus
374 5921 504 5995 &atae
530 5916 714 5993 lllizabeth
751 5923 864 6010 neptis
900 5942 1086 6010 germanae
1118 5943 1159 5992 ex
1188 5942 1307 5993 sorore
1335 5922 1466 5993 Beatae
1492 5920 1720 6008 Hedvig-is
1747 5926 1871 6009 erat·-

284 6042 531 6115 mouasterinm
558 6041 706 6113 fratrum
734 6041 866 6113 ordinis
888 6042 990 6113 Sacri
1018 6042 1200 6131 Sepulchri
1226 6043 1399 6113 Dominici
1427 6040 1744 6132 Hyerosolimitani,
1770 6040 1835 6114 suh

283 6164 406 6253 regula
432 6164 533 6235 Beati
559 6163 759 6252 Augustini
777 6163 975 6252 viventium,
1003 6158 1086 6233 date
1114 6164 1197 6234 loco·
1221 6163 1375 6252 spatioso
1403 6183 1467 6251 pro
1493 6160 1701 6233 ecclesiast
1719 6182 1836 6235 morra-

283 6286 406 6373 sterio,¹
427 6290 462 6355 et
488 6306 557 6375 pro.
581 6285 746 6374 hospitali
764 6283 988 6372 infirmorum,
1006 6304 1097 6354 arrno
1115 6283 1256 6381 Domini
1279 6285 1388 6354 1360.
1406 6286 1511 6371 creat,
1529 6281 1634 6372 erigit
1649 6291 1687 6355 et
1703 6282 1834 6374 fundat,

284 6407 531 6496 ecclesiamque
558 6400 594 6477 et'
620 6406 878 6493 monasterinm,
905 6413 1009 6495 atque
1037 6396 1208 6494 hospitale
1226 6404 1440 6475 infirmarum
1462 6424 1561 6477 muro
1587 6394 1837 6496 complectitur,
