4217 8059
299 1461 373 1541 238

299 1667 432 1740 damma
457 1668 681 1758 manipularis
707 1675 744 1740 et
770 1669 954 1758 canapalis,
981 1669 1077 1742 cuius
1106 1671 1201 1741 valor
1229 1669 1504 1764 aestimaturad
1530 1670 1676 1759 triginta
1702 1690 1847 1742 marcas

298 1788 383 1861 Item
410 1795 465 1860 est
491 1789 539 1860 ibi
566 1788 755 1879 praedium,
782 1789 825 1861 de
853 1791 950 1861 ouius
967 1791 1062 1880 agris
1081 1791 1229 1863 solvitur
1246 1789 1379 1862 deoima
1397 1790 1561 1861 ecelesiae
1579 1790 1616 1860 in
1635 1786 1850 1863 Gelszorr
1934 1831 1940 1839 ·

299 1913 335 1981 et
360 1909 465 1981 babet
491 1910 616 1980 haeres
651 1910 753 1981 uillae
788 1918 923 2000 partem
959 1911 1252 2001 iurispatronatus
1287 1911 1452 1983 ecclesiae
1478 1910 1657 2000 praefatae
1684 1911 1720 1982 iu
1747 1908 1848 1982 Gel-

298 2051 436 2117 saow;
472 2031 555 2101 item
586 2031 733 2120 quilibet
768 2030 812 2102 de
840 2031 946 2103 >laneo
974 2031 1079 2103 solvit
1106 2016 1209 2103 unam
1237 2052 1432 2103 mensuram
1459 2032 1607 2122 siliginis
1634 2038 1671 2102 et
1697 2038 1848 2122 quatuor

297 2151 421 2254 oboros
448 2172 577 2223 avenae
604 2151 786 2223 confertos.
814 2151 973 2224 Gentium
1000 2174 1076 2224 cum
1103 2153 1285 2242 Kanow,
1304 2152 1440 2258 Wiry,
1467 2152 1592 2242 Do'ly,
1620 2152 1848 2243 Nossaow,

153 2279 157 2303 ¹
298 2257 916 2363 Cotbarszyn,0boczimow.

400 2392 562 2464 Daunow
597 2392 684 2467 alias
720 2392 938 2482 Zenonem,
975 2393 1059 2465 villa
1093 2394 1157 2464 sub
1177 2393 1360 2484 ⁴parochia
1394 2375 1559 2464 ecclesiae
1586 2392 1630 2464 de
1656 2392 1848 2466 Paulum

296 2514 382 2602 sita,
410 2534 499 2605 quae
526 2512 608 2584 villa
635 2520 711 2585 erat
739 2513 914 2602 militaris;
950 2513 1011 2585 aed
1037 2515 1204 2604 magister
1230 2514 1432 2585 Michael
1459 2514 1567 2587 abbas
1594 2520 1631 2585 et
1656 2521 1847 2587 conventus

295 2635 379 2707 emit
406 2634 500 2705 illam
527 2655 617 2706 anno
644 2633 784 2706 Domini
815 2635 923 2723 1474,
950 2634 1041 2724 apud
1068 2633 1278 2706 stanislaum
1305 2641 1342 2705 et
1368 2633 1549 2706 Nicolaum
1567 2633 1610 2707 de
1628 2633 1848 2725 Schydlo-

296 2777 444 2848 wyecz
471 2755 514 2827 de
540 2755 647 2827 armis
673 2754 990 2844 Odrowansob,
1017 2776 1081 2845 pro
1108 2761 1245 2827 centum
1271 2754 1419 2844 trigiuta
1445 2755 1584 2855 mancia2
1604 2754 1648 2826 de
1676 2775 1848 2829 consensu

297 2876 519 2948 Oasimiri
556 2875 708 2947 Tertii
744 2875 908 2950 Poloniee
935 2877 1045 2966 regis,
1074 2881 1217 2966 propter
1253 2875 1365 2966 ripam
1392 2875 1604 2964 habendam,
1631 2881 1667 2947 et
1692 2877 1727 2948 in
1756 2898 1846 2973 anno

297 2998 461 3093 sequenti,
489 2996 675 3070 fabricavit
710 2997 745 3066 in
772 3017 814 3068 ea
840 2997 1005 3086 optimam
1040 2996 1206 3086 piscinam
1233 2997 1269 3068 in
1296 2996 1435 3067 flumine
1460 2995 1748 3088 Kamyonna‚
1774 2982 1848 3070 foe-

299 3119 444 3190 eundam
471 3119 508 3189 in
534 3117 687 3208 piscibus
723 3123 759 3190 et
785 3119 1035 3225 proprietatem
1068 3118 1171 3188 villae
1207 3117 1243 3189 in
1278 3116 1397 3188 multis
1433 3116 1676 3205 excedentem
1712 3119 1748 3190 in
1776 3139 1846 3209 qua

295 3246 376 3312 sunt
412 3260 472 3310 aex
507 3240 601 3311 lanei
635 3239 889 3326 emethonaleS,
916 3245 952 3310 et
979 3239 1126 3329 quilibet
1161 3259 1225 3327 pro
1260 3258 1366 3310 censu
1393 3237 1498 3309 solvit
1523 3259 1628 3308 unum
1654 3238 1846 3336 fertonem
1893 3301 1906 3326 ,

293 3360 376 3432 item
404 3360 569 3433 tabernae
595 3380 665 3431 non
691 3363 789 3448 sunt,
816 3379 925 3449 neque
961 3359 1198 3454 bortulauiae‚
1225 3359 1307 3429 item
1334 3358 1507 3431 mellificis
1533 3364 1622 3430 sunt
1651 3359 1738 3431 Item
1753 3380 1847 3432 eme·

241 3577 244 3582 Ι
283 3481 419 3554 vtirones
444 3501 514 3551 non
540 3480 672 3551 faciunt
699 3480 833 3569 aliquos
859 3479 1006 3568 labores,
1034 3479 1100 3550 nisi
1127 3479 1217 3550 diem
1245 3478 1426 3569 pedestres
1453 3501 1559 3551 unum
1586 3480 1622 3551 in
1650 3480 1877 3570 septimana,
1991 3491 1995 3497 ’

296 3600 466 3673 laborant.
502 3600 589 3671 Item
617 3621 734 3672 omnes
762 3601 838 3690 agri
865 3599 1099 3671 emethonales
1128 3600 1266 3671 solvunt
1292 3606 1329 3671 et
1356 3602 1552 3673 conducunt
1578 3600 1752 3673 decimam·
1772 3621 1845 3673 ma

296 3721 488 3813 nipularem
514 3726 551 3792 et
577 3720 785 3811 oanapalem,
812 3721 1073 3812 praepositurae
1100 3720 1360 3811 Kelczensi,
1378 3726 1414 3794 et
1432 3722 1530 3794 valor
1547 3722 1622 3794 eius
1640 3721 1853 3795 aestimatur

295 3843 454 3915 adduas
489 3862 632 3914 marcas.
672 3842 759 3913 Item
794 3851 848 3913 est
865 3845 909 3913 in
936 3842 1056 3914 eadem
1084 3842 1167 3913 villa
1201 3843 1381 3932 praedium
1409 3864 1529 3932 unum,
1556 3842 1600 3915 de
1627 3844 1725 3915 cuius
1750 3844 1846 3935 agris

295 3963 442 4036 solvitur
468 3963 602 4034 decima
628 3963 852 4053 manipularis
878 3964 914 4033 in
941 3963 1069 4055 oppido
1098 3962 1432 4055 Szydlowyecz.
1460 3962 1712 4037 dominatuum
1731 3964 1846 4036 Dam-
1899 3978 1904 3985 ’

294 4086 455 4174 browa
482 4084 720 4174 Warszow,
746 4084 930 4175 Rzepiu,
956 4084 1499 4174 Rzepinek,Leuartbow
1528 4085 1686 4157 mosth.
1811 4134 1814 4139 -

398 4205 693 4294 Kournmuormu
720 4203 803 4277 villa
829 4206 961 4281 babens
987 4206 1023 4277 in
1050 4226 1089 4277 se
1115 4206 1295 4277 ecclesiam
1322 4206 1556 4296 parochialem
1583 4205 1748 4296 ligneam,
1775 4206 1845 4278 As·

293 4327 479 4417 sumptioni
508 4325 654 4399 Sanctae
680 4326 815 4400 Mariae
842 4327 1002 4416 dicatam,
1030 4327 1226 4416 proprietas
1252 4332 1369 4398 autem
1396 4326 1499 4398 villae
1527 4334 1563 4398 et
1582 4327 1844 4418 iuspetrouatus

294 4448 459 4520 eeclesiae
486 4448 529 4520 ad
557 4447 804 4520 monasterium
832 4446 966 4533 Calui
991 4447 1167 4521 Montis
1195 4448 1342 4519 Sanctae
1369 4448 1491 4520 Crucis
1518 4449 1680 4537 pertinet.
1707 4449 1747 4519 In
1774 4469 1846 4540 qua

293 4575 376 4642 sunt
399 4568 583 4642 duodecim
613 4569 704 4640 lanei
742 4569 994 4658 emethonales‚
1021 4575 1057 4640 et
1085 4569 1231 4660 quilibet
1257 4569 1363 4641 solvit
1391 4589 1456 4659 pro
1484 4589 1587 4641 censu
1614 4590 1719 4641 unam
1746 4574 1846 4642 sexa·

291 4710 435 4780 genam,
461 4687 545 4761 item
571 4691 754 4763 tabernae
772 4688 861 4761 duae
888 4690 1056 4761 habentes
1091 4711 1213 4780 agros,
1240 4696 1277 4760 et
1303 4689 1479 4788 quaelibet
1496 4690 1620 4761 solvit
1646 4711 1710 4779 pro
1737 4710 1842 4762 censu

292 4811 440 4882 mediam
466 4832 626 4882 maroam.
652 4811 741 4883 Item
768 4810 967 4883 hortulania
994 4831 1064 4882 una
1090 4811 1223 4882 habens
1250 4831 1371 4901 agros,
1400 4811 1503 4882 solvit
1531 4832 1634 4882 unum
1663 4810 1842 4901 fertonem,

292 4937 329 5002 et
355 4953 460 5003 unum
487 4932 577 5002 diem
604 4931 765 5021 pedester
791 4932 827 5003 iu
856 4931 1047 5021 septimana
1073 4931 1227 5020 laborat;
1255 4933 1337 5003 item
1365 4952 1430 5003 ova
1458 4932 1590 5022 viginti,
1609 4951 1728 5004 caseos
1745 4931 1843 5020 duos,

293 5051 404 5142 gallos
422 5106 429 5121 .
449 5106 483 5120 ..
509 5052 598 5123 Item
625 5052 791 5142 plebanus
817 5053 853 5122 in
878 5051 1187 5143 Konyemloty
1214 5054 1320 5125 babet
1338 5052 1441 5124 villae
1460 5052 1637 5143 praefatae
1655 5108 1662 5122 .
1682 5076 1732 5142 ..ς
1759 5053 1843 5126 item

293 5172 471 5262 praedium
500 5178 553 5243 est
579 5152 628 5244 ibi
655 5174 854 5245 coenobiale
881 5174 1017 5265 bonum,
1044 5174 1088 5246 de
1114 5176 1211 5248 ouius
1238 5175 1332 5266 agris
1359 5174 1507 5246 solvitur
1524 5175 1657 5246 decima
1674 5175 1841 5246 ecelesiae

293 5293 328 5363 in
356 5293 717 5384 Konyemlotby;
754 5295 837 5366 item
873 5295 908 5366 in
944 5296 1058 5368 borris
1095 5302 1176 5367 suut
1211 5295 1393 5384 mellifica,
1421 5294 1463 5366 de
1492 5296 1616 5386 quibus
1643 5296 1842 5369 ometbones

291 5414 431 5486 solvunt
457 5417 667 5488 monasterio
693 5414 779 5492 duas
806 5438 911 5488 urnas
939 5417 1059 5489 mellis.
1086 5417 1174 5489 Item
1201 5418 1362 5492 laborant
1389 5416 1534 5508 quilibet
1559 5415 1602 5488 de
1623 5417 1730 5488 laneo
1750 5427 1841 5507 'qua-

270 5529 373 5608 tuor
399 5536 473 5608 dies
500 5538 535 5607 in
563 5537 705 5627 praedio
732 5539 872 5628 proprio
899 5537 1030 5609 arando
1058 5544 1187 5626 aratro,
1214 5544 1364 5639 quatuor
1390 5539 1465 5610 dies
1493 5537 1665 5635 metendo,
1691 5544 1842 5628 quatuor

291 5663 394 5747 prata
420 5678 495 5728 eum
525 5657 616 5729 villis
643 5658 974 5750 Szwauozycza
1000 5665 1036 5730 et
1064 5659 1331 5730 Tnuklancz
1367 5659 1620 5748 ialeastrando,
1644 5638 1842 5749 “colligendo

291 5783 328 5848 et
353 5778 389 5848 in
416 5779 577 5849 borreum
614 5779 815 5852 inducendo.
851 5779 938 5850 Item
974 5780 1207 5853 emethonales
1235 5782 1310 5871 agri
1337 5801 1455 5853 omnes
1482 5780 1622 5852 solvunt
1647 5783 1684 5850 et
1709 5779 1842 5853 condu-

291 5903 373 5971 cunt
399 5898 566 5970 decimam
595 5899 842 5988 manipudarem
870 5906 906 5971 et
932 5901 1141 5991 oanapalem,
1168 5923 1230 5992 pro
1259 5902 1405 5973 ecclesia
1431 5901 1623 5990 parochiali
1649 5900 1777 5973 ibidem
1790 5902 1841 5972 in

290 6010 652 6112 Konyemlotby‚
680 6020 778 6092 ouius
806 6021 904 6093 valor
931 6023 1134 6093 aestimatur
1161 6022 1204 6094 ad
1233 6022 1427 6112 quiadeoim
1455 6042 1600 6095 marces.
1636 6022 1724 6093 Item
1751 6000 1843 6093 ome-

244 6162 246 6169 ·
290 6141 414 6215 thonos
448 6141 500 6214 sal
536 6162 579 6212 ex
614 6140 957 6234 Konyemlotby
992 6143 1028 6213 in
1064 6143 1175 6233 Slup
1210 6143 1336 6215 ducere
1363 6148 1536 6214 tenentur.
1576 6142 1736 6216 Gonfinm
1763 6163 1840 6215 oum

291 6259 515 6352 Suiohow,
542 6253 773 6354 Grzybow,
799 6264 1194 6351 Lenartbowioze,
1222 6262 1589 6336 Orczonouioze.

395 6381 687 6474 Szwraczrcan,
715 6384 799 6456 villa
825 6385 890 6458 sub
916 6385 1084 6475 parocbia
1117 6383 1283 6456 ecolesIae
1319 6385 1363 6459 de
1388 6375 1731 6478 Konyerulotby
1758 6385 1841 6475 sita,
1935 6478 1939 6489 ι
