<?xml version="1.0" encoding="UTF-8"?>
<!DOCTYPE html PUBLIC "-//W3C//DTD XHTML 1.0 Transitional//EN"
    "http://www.w3.org/TR/xhtml1/DTD/xhtml1-transitional.dtd">
<html xmlns="http://www.w3.org/1999/xhtml" xml:lang="en" lang="en">
 <head>
  <title>
</title>
<meta http-equiv="Content-Type" content="text/html;charset=utf-8" />
  <meta name='ocr-system' content='tesseract 3.04.00' />
  <meta name='ocr-capabilities' content='ocr_page ocr_carea ocr_par ocr_line ocrx_word'/>
</head>
<body>
  <div class='ocr_page' id='page_1' title='image "./joannisdugoszse02dugoog_0155.png"; bbox 0 0 4217 8059; ppageno 0'>
   <div class='ocr_carea' id='block_1_1' title="bbox 613 2646 1423 2869">
    <p class='ocr_par' dir='ltr' id='par_1_1' title="bbox 613 2646 1423 2869">
     <span class='ocr_line' id='line_1_1' title="bbox 613 2646 1423 2869; baseline 0.004 -4"><span class='ocrx_word' id='word_1_1' title='bbox 613 2854 618 2865; x_wconf 79' lang='grc'>,</span> <span class='ocrx_word' id='word_1_2' title='bbox 736 2730 1316 2869; x_wconf 71' lang='lat' dir='ltr'><strong>andnimands.</strong></span> <span class='ocrx_word' id='word_1_3' title='bbox 1420 2646 1423 2651; x_wconf 58' lang='grc'><strong>’</strong></span> 
     </span>
    </p>
   </div>
   <div class='ocr_carea' id='block_1_2' title="bbox 250 2986 1796 3395">
    <p class='ocr_par' dir='ltr' id='par_1_2' title="bbox 250 2986 1796 3395">
     <span class='ocr_line' id='line_1_2' title="bbox 250 2986 1796 3121; baseline 0.005 -28"><span class='ocrx_word' id='word_1_4' title='bbox 250 2986 368 3095; x_wconf 81' lang='lat' dir='ltr'><strong>Ordo</strong></span> <span class='ocrx_word' id='word_1_5' title='bbox 401 3017 703 3097; x_wconf 79' lang='lat' dir='ltr'><strong>canonicorum</strong></span> <span class='ocrx_word' id='word_1_6' title='bbox 746 3016 1001 3119; x_wconf 71' lang='lat' dir='ltr'><strong>regularium</strong></span> <span class='ocrx_word' id='word_1_7' title='bbox 1035 3018 1151 3096; x_wconf 82' lang='lat' dir='ltr'><strong>Beati</strong></span> <span class='ocrx_word' id='word_1_8' title='bbox 1184 3017 1402 3120; x_wconf 82' lang='lat' dir='ltr'><strong>liupuatini</strong></span> <span class='ocrx_word' id='word_1_9' title='bbox 1446 3026 1629 3121; x_wconf 82' lang='lat' dir='ltr'><strong>quatuor</strong></span> <span class='ocrx_word' id='word_1_10' title='bbox 1668 3021 1796 3101; x_wconf 79' lang='lat' dir='ltr'><strong>habel</strong></span> 
     </span>
     <span class='ocr_line' id='line_1_3' title="bbox 296 3151 1736 3258; baseline 0.005 -28"><span class='ocrx_word' id='word_1_11' title='bbox 296 3154 336 3230; x_wconf 96' lang='lat' dir='ltr'><strong>ln</strong></span> <span class='ocrx_word' id='word_1_12' title='bbox 368 3151 646 3233; x_wconf 72' lang='lat' dir='ltr'><strong>cmcovlensi</strong></span> <span class='ocrx_word' id='word_1_13' title='bbox 678 3153 869 3233; x_wconf 84' lang='lat' dir='ltr'><strong>dioecesi</strong></span> <span class='ocrx_word' id='word_1_14' title='bbox 903 3156 1172 3254; x_wconf 82' lang='lat' dir='ltr'><strong>monasteria,</strong></span> <span class='ocrx_word' id='word_1_15' title='bbox 1204 3177 1383 3255; x_wconf 81' lang='lat' dir='ltr'><strong>quorum</strong></span> <span class='ocrx_word' id='word_1_16' title='bbox 1418 3157 1658 3258; x_wconf 87' lang='lat' dir='ltr'><strong>primarium</strong></span> <span class='ocrx_word' id='word_1_17' title='bbox 1678 3163 1736 3247; x_wconf 85' lang='lat' dir='ltr'><strong>¹al</strong></span> 
     </span>
     <span class='ocr_line' id='line_1_4' title="bbox 340 3289 1709 3395; baseline 0.003 -27"><span class='ocrx_word' id='word_1_18' title='bbox 340 3291 572 3393; x_wconf 71' lang='lat' dir='ltr'><strong>principale</strong></span> <span class='ocrx_word' id='word_1_19' title='bbox 604 3297 672 3370; x_wconf 87' lang='lat' dir='ltr'><strong>ast</strong></span> <span class='ocrx_word' id='word_1_20' title='bbox 698 3289 910 3394; x_wconf 80' lang='lat' dir='ltr'><strong>corporis</strong></span> <span class='ocrx_word' id='word_1_21' title='bbox 943 3289 1113 3391; x_wconf 83' lang='lat' dir='ltr'><strong>chricti,</strong></span> <span class='ocrx_word' id='word_1_22' title='bbox 1148 3293 1186 3370; x_wconf 92' lang='lat' dir='ltr'><strong>in</strong></span> <span class='ocrx_word' id='word_1_23' title='bbox 1220 3290 1376 3395; x_wconf 92' lang='lat' dir='ltr'><strong>oppido</strong></span> <span class='ocrx_word' id='word_1_24' title='bbox 1409 3293 1709 3373; x_wconf 82' lang='lat' dir='ltr'><strong>llazivniriensl.</strong></span> 
     </span>
    </p>
   </div>
   <div class='ocr_carea' id='block_1_3' title="bbox 248 3464 1796 3723">
    <p class='ocr_par' dir='ltr' id='par_1_3' title="bbox 248 3464 1796 3723">
     <span class='ocr_line' id='line_1_5' title="bbox 350 3464 1796 3600; baseline 0.003 -19"><span class='ocrx_word' id='word_1_25' title='bbox 350 3508 487 3600; x_wconf 87' lang='lat' dir='ltr'><strong>Oppido</strong></span> <span class='ocrx_word' id='word_1_26' title='bbox 513 3464 766 3600; x_wconf 80' lang='lat' dir='ltr'><strong>Kazimiriensi,</strong></span> <span class='ocrx_word' id='word_1_27' title='bbox 807 3531 906 3583; x_wconf 90' lang='lat' dir='ltr'><strong>secus</strong></span> <span class='ocrx_word' id='word_1_28' title='bbox 933 3511 1197 3584; x_wconf 81' lang='lat' dir='ltr'><strong>ctacovieusem</strong></span> <span class='ocrx_word' id='word_1_29' title='bbox 1224 3512 1345 3583; x_wconf 90' lang='lat' dir='ltr'><strong>urbem</strong></span> <span class='ocrx_word' id='word_1_30' title='bbox 1372 3518 1408 3582; x_wconf 92' lang='lat' dir='ltr'><strong>et</strong></span> <span class='ocrx_word' id='word_1_31' title='bbox 1434 3468 1536 3585; x_wconf 76' lang='lat' dir='ltr'><strong>iuxta</strong></span> <span class='ocrx_word' id='word_1_32' title='bbox 1558 3513 1698 3585; x_wconf 89' lang='lat' dir='ltr'><strong>fluvium</strong></span> <span class='ocrx_word' id='word_1_33' title='bbox 1726 3514 1796 3586; x_wconf 92' lang='lat' dir='ltr'><strong>Vi-</strong></span> 
     </span>
     <span class='ocr_line' id='line_1_6' title="bbox 248 3629 1794 3723; baseline 0.004 -22"><span class='ocrx_word' id='word_1_34' title='bbox 248 3630 418 3702; x_wconf 87' lang='lat' dir='ltr'><strong>stulam</strong></span> <span class='ocrx_word' id='word_1_35' title='bbox 452 3652 515 3720; x_wconf 87' lang='lat' dir='ltr'><strong>per</strong></span> <span class='ocrx_word' id='word_1_36' title='bbox 551 3629 824 3702; x_wconf 77' lang='lat' dir='ltr'><strong>casimirum</strong></span> <span class='ocrx_word' id='word_1_37' title='bbox 860 3631 1115 3704; x_wconf 88' lang='lat' dir='ltr'><strong>Secundum</strong></span> <span class='ocrx_word' id='word_1_38' title='bbox 1151 3631 1316 3704; x_wconf 91' lang='lat' dir='ltr'><strong>Poloniae</strong></span> <span class='ocrx_word' id='word_1_39' title='bbox 1343 3653 1460 3723; x_wconf 80' lang='lat' dir='ltr'><strong>regem</strong></span> <span class='ocrx_word' id='word_1_40' title='bbox 1496 3634 1531 3703; x_wconf 92' lang='lat' dir='ltr'><strong>in</strong></span> <span class='ocrx_word' id='word_1_41' title='bbox 1560 3634 1654 3722; x_wconf 81' lang='lat' dir='ltr'><strong>agris</strong></span> <span class='ocrx_word' id='word_1_42' title='bbox 1691 3635 1794 3707; x_wconf 86' lang='lat' dir='ltr'><strong>villae</strong></span> 
     </span>
    </p>
   </div>
   <div class='ocr_carea' id='block_1_4' title="bbox 248 3750 1982 3843">
    <p class='ocr_par' dir='ltr' id='par_1_4' title="bbox 248 3750 1982 3843">
     <span class='ocr_line' id='line_1_7' title="bbox 248 3750 1982 3843; baseline 0.003 -22"><span class='ocrx_word' id='word_1_43' title='bbox 248 3750 420 3839; x_wconf 86' lang='lat' dir='ltr'><strong>Bawol,</strong></span> <span class='ocrx_word' id='word_1_44' title='bbox 446 3752 544 3823; x_wconf 90' lang='lat' dir='ltr'><strong>cuius</strong></span> <span class='ocrx_word' id='word_1_45' title='bbox 570 3751 675 3823; x_wconf 90' lang='lat' dir='ltr'><strong>villae</strong></span> <span class='ocrx_word' id='word_1_46' title='bbox 701 3753 897 3842; x_wconf 81' lang='lat' dir='ltr'><strong>proprietas</strong></span> <span class='ocrx_word' id='word_1_47' title='bbox 924 3752 968 3824; x_wconf 89' lang='lat' dir='ltr'><strong>ad</strong></span> <span class='ocrx_word' id='word_1_48' title='bbox 995 3752 1186 3841; x_wconf 88' lang='lat' dir='ltr'><strong>capitulum</strong></span> <span class='ocrx_word' id='word_1_49' title='bbox 1212 3751 1440 3825; x_wconf 87' lang='lat' dir='ltr'><strong>cracoviensa</strong></span> <span class='ocrx_word' id='word_1_50' title='bbox 1467 3754 1678 3843; x_wconf 81' lang='lat' dir='ltr'><strong>pertinebat,</strong></span> <span class='ocrx_word' id='word_1_51' title='bbox 1704 3775 1795 3827; x_wconf 88' lang='lat' dir='ltr'><strong>anno</strong></span> <span class='ocrx_word' id='word_1_52' title='bbox 1886 3812 1893 3821; x_wconf 95' lang='lat'>.</span> <span class='ocrx_word' id='word_1_53' title='bbox 1977 3751 1982 3762; x_wconf 78' lang='grc'><strong>“</strong></span> 
     </span>
    </p>
   </div>
   <div class='ocr_carea' id='block_1_5' title="bbox 247 3869 1939 4001">
    <p class='ocr_par' dir='ltr' id='par_1_5' title="bbox 247 3866 1939 4001">
     <span class='ocr_line' id='line_1_8' title="bbox 247 3869 1939 4001; baseline 0.002 -60"><span class='ocrx_word' id='word_1_54' title='bbox 247 3869 387 3943; x_wconf 79' lang='lat' dir='ltr'><strong>Domini</strong></span> <span class='ocrx_word' id='word_1_55' title='bbox 418 3873 526 3944; x_wconf 81' lang='lat'><strong>1335.</strong></span> <span class='ocrx_word' id='word_1_56' title='bbox 552 3879 678 3962; x_wconf 90' lang='lat' dir='ltr'><strong>erecto,</strong></span> <span class='ocrx_word' id='word_1_57' title='bbox 703 3873 809 3945; x_wconf 89' lang='lat' dir='ltr'><strong>etiam</strong></span> <span class='ocrx_word' id='word_1_58' title='bbox 837 3874 1045 3963; x_wconf 89' lang='lat' dir='ltr'><strong>parochialis</strong></span> <span class='ocrx_word' id='word_1_59' title='bbox 1072 3874 1218 3944; x_wconf 89' lang='lat' dir='ltr'><strong>ecclesia</strong></span> <span class='ocrx_word' id='word_1_60' title='bbox 1244 3875 1308 3944; x_wconf 90' lang='lat' dir='ltr'><strong>sub</strong></span> <span class='ocrx_word' id='word_1_61' title='bbox 1334 3874 1436 3945; x_wconf 88' lang='lat' dir='ltr'><strong>titulo</strong></span> <span class='ocrx_word' id='word_1_62' title='bbox 1464 3872 1628 3963; x_wconf 92' lang='lat' dir='ltr'><strong>corporis</strong></span> <span class='ocrx_word' id='word_1_63' title='bbox 1656 3873 1797 3965; x_wconf 86' lang='lat' dir='ltr'><strong>christi,</strong></span> <span class='ocrx_word' id='word_1_64' title='bbox 1896 3950 1939 4001; x_wconf 37' lang='grc' dir='ltr'>ᾖ</span> 
     </span>
    </p>
   </div>
   <div class='ocr_carea' id='block_1_6' title="bbox 245 3992 1796 5291">
    <p class='ocr_par' dir='ltr' id='par_1_6' title="bbox 245 3992 1796 5291">
     <span class='ocr_line' id='line_1_9' title="bbox 247 3992 1796 4084; baseline 0.003 -21"><span class='ocrx_word' id='word_1_65' title='bbox 247 3992 283 4063; x_wconf 88' lang='lat' dir='ltr'><strong>in</strong></span> <span class='ocrx_word' id='word_1_66' title='bbox 309 3992 437 4082; x_wconf 88' lang='lat' dir='ltr'><strong>oppido</strong></span> <span class='ocrx_word' id='word_1_67' title='bbox 463 3993 584 4067; x_wconf 90' lang='lat' dir='ltr'><strong>eodem</strong></span> <span class='ocrx_word' id='word_1_68' title='bbox 621 3992 891 4083; x_wconf 88' lang='lat' dir='ltr'><strong>casimiria,</strong></span> <span class='ocrx_word' id='word_1_69' title='bbox 927 3994 982 4065; x_wconf 90' lang='lat' dir='ltr'><strong>cui</strong></span> <span class='ocrx_word' id='word_1_70' title='bbox 1008 4015 1071 4065; x_wconf 82' lang='lat' dir='ltr'><strong>rex</strong></span> <span class='ocrx_word' id='word_1_71' title='bbox 1099 3995 1173 4084; x_wconf 88' lang='lat' dir='ltr'><strong>ipse</strong></span> <span class='ocrx_word' id='word_1_72' title='bbox 1201 4015 1324 4066; x_wconf 92' lang='lat' dir='ltr'><strong>nomen</strong></span> <span class='ocrx_word' id='word_1_73' title='bbox 1359 4016 1477 4083; x_wconf 89' lang='lat' dir='ltr'><strong>suum,</strong></span> <span class='ocrx_word' id='word_1_74' title='bbox 1514 4002 1553 4065; x_wconf 91' lang='lat' dir='ltr'><strong>ut</strong></span> <span class='ocrx_word' id='word_1_75' title='bbox 1577 3994 1796 4069; x_wconf 76' lang='lat' dir='ltr'><strong>fundatorem</strong></span> 
     </span>
     <span class='ocr_line' id='line_1_10' title="bbox 247 4111 1796 4215; baseline 0.004 -34"><span class='ocrx_word' id='word_1_76' title='bbox 247 4111 343 4182; x_wconf 91' lang='lat' dir='ltr'><strong>illum</strong></span> <span class='ocrx_word' id='word_1_77' title='bbox 370 4120 538 4202; x_wconf 89' lang='lat' dir='ltr'><strong>perpetuo</strong></span> <span class='ocrx_word' id='word_1_78' title='bbox 565 4121 758 4185; x_wconf 82' lang='lat' dir='ltr'><strong>testaretur</strong></span> <span class='ocrx_word' id='word_1_79' title='bbox 784 4115 968 4204; x_wconf 87' lang='lat' dir='ltr'><strong>indiderat,</strong></span> <span class='ocrx_word' id='word_1_80' title='bbox 996 4119 1114 4185; x_wconf 87' lang='lat' dir='ltr'><strong>erecta</strong></span> <span class='ocrx_word' id='word_1_81' title='bbox 1140 4120 1202 4215; x_wconf 77' lang='lat' dir='ltr'><strong>est,</strong></span> <span class='ocrx_word' id='word_1_82' title='bbox 1230 4122 1267 4185; x_wconf 92' lang='lat' dir='ltr'><strong>et</strong></span> <span class='ocrx_word' id='word_1_83' title='bbox 1291 4113 1364 4185; x_wconf 83' lang='lat' dir='ltr'><strong>lere</strong></span> <span class='ocrx_word' id='word_1_84' title='bbox 1392 4115 1545 4186; x_wconf 86' lang='lat' dir='ltr'><strong>universi</strong></span> <span class='ocrx_word' id='word_1_85' title='bbox 1572 4116 1656 4188; x_wconf 90' lang='lat' dir='ltr'><strong>novi</strong></span> <span class='ocrx_word' id='word_1_86' title='bbox 1678 4116 1796 4207; x_wconf 90' lang='lat' dir='ltr'><strong>oppidi</strong></span> 
     </span>
     <span class='ocr_line' id='line_1_11' title="bbox 246 4233 1793 4326; baseline 0.002 -23"><span class='ocrx_word' id='word_1_87' title='bbox 246 4233 383 4303; x_wconf 88' lang='lat' dir='ltr'><strong>accolae</strong></span> <span class='ocrx_word' id='word_1_88' title='bbox 409 4235 484 4307; x_wconf 88' lang='lat' dir='ltr'><strong>cius</strong></span> <span class='ocrx_word' id='word_1_89' title='bbox 509 4235 695 4323; x_wconf 87' lang='lat' dir='ltr'><strong>parochiae</strong></span> <span class='ocrx_word' id='word_1_90' title='bbox 734 4235 904 4307; x_wconf 89' lang='lat' dir='ltr'><strong>attributi.</strong></span> <span class='ocrx_word' id='word_1_91' title='bbox 947 4234 1002 4305; x_wconf 85' lang='lat' dir='ltr'><strong>Ea</strong></span> <span class='ocrx_word' id='word_1_92' title='bbox 1028 4255 1103 4305; x_wconf 89' lang='lat' dir='ltr'><strong>cum</strong></span> <span class='ocrx_word' id='word_1_93' title='bbox 1131 4255 1195 4324; x_wconf 88' lang='lat' dir='ltr'><strong>per</strong></span> <span class='ocrx_word' id='word_1_94' title='bbox 1220 4256 1329 4305; x_wconf 88' lang='lat' dir='ltr'><strong>anuos</strong></span> <span class='ocrx_word' id='word_1_95' title='bbox 1356 4242 1494 4306; x_wconf 89' lang='lat' dir='ltr'><strong>centum</strong></span> <span class='ocrx_word' id='word_1_96' title='bbox 1523 4236 1645 4326; x_wconf 80' lang='lat' dir='ltr'><strong>viginti</strong></span> <span class='ocrx_word' id='word_1_97' title='bbox 1672 4258 1793 4307; x_wconf 91' lang='lat' dir='ltr'><strong>novem</strong></span> 
     </span>
     <span class='ocr_line' id='line_1_12' title="bbox 247 4353 1796 4446; baseline 0.002 -22"><span class='ocrx_word' id='word_1_98' title='bbox 247 4353 444 4425; x_wconf 87' lang='lat' dir='ltr'><strong>aseculari</strong></span> <span class='ocrx_word' id='word_1_99' title='bbox 469 4355 650 4427; x_wconf 89' lang='lat' dir='ltr'><strong>sacerdote</strong></span> <span class='ocrx_word' id='word_1_100' title='bbox 676 4362 875 4444; x_wconf 83' lang='lat' dir='ltr'><strong>regeretur,</strong></span> <span class='ocrx_word' id='word_1_101' title='bbox 904 4354 1181 4427; x_wconf 90' lang='lat' dir='ltr'><strong>Vladislaus</strong></span> <span class='ocrx_word' id='word_1_102' title='bbox 1208 4354 1449 4427; x_wconf 89' lang='lat' dir='ltr'><strong>Secundus</strong></span> <span class='ocrx_word' id='word_1_103' title='bbox 1475 4356 1614 4427; x_wconf 89' lang='lat' dir='ltr'><strong>natione</strong></span> <span class='ocrx_word' id='word_1_104' title='bbox 1641 4356 1796 4446; x_wconf 85' lang='lat' dir='ltr'><strong>Lythva-</strong></span> 
     </span>
     <span class='ocr_line' id='line_1_13' title="bbox 246 4474 1796 4566; baseline 0.003 -21"><span class='ocrx_word' id='word_1_105' title='bbox 246 4474 512 4563; x_wconf 72' lang='lat' dir='ltr'><strong>nus.Poloniae</strong></span> <span class='ocrx_word' id='word_1_106' title='bbox 539 4498 610 4566; x_wconf 82' lang='lat' dir='ltr'><strong>rex,</strong></span> <span class='ocrx_word' id='word_1_107' title='bbox 637 4476 847 4566; x_wconf 85' lang='lat' dir='ltr'><strong>singularem</strong></span> <span class='ocrx_word' id='word_1_108' title='bbox 874 4476 1092 4547; x_wconf 90' lang='lat' dir='ltr'><strong>devotionem</strong></span> <span class='ocrx_word' id='word_1_109' title='bbox 1119 4495 1244 4564; x_wconf 82' lang='lat' dir='ltr'><strong>gerens</strong></span> <span class='ocrx_word' id='word_1_110' title='bbox 1278 4476 1322 4547; x_wconf 89' lang='lat' dir='ltr'><strong>ad</strong></span> <span class='ocrx_word' id='word_1_111' title='bbox 1350 4476 1552 4565; x_wconf 81' lang='lat' dir='ltr'><strong>religionem</strong></span> <span class='ocrx_word' id='word_1_112' title='bbox 1579 4475 1698 4547; x_wconf 83' lang='lat' dir='ltr'><strong>Sancti</strong></span> <span class='ocrx_word' id='word_1_113' title='bbox 1726 4477 1796 4549; x_wconf 89' lang='lat' dir='ltr'><strong>Au·</strong></span> 
     </span>
     <span class='ocr_line' id='line_1_14' title="bbox 245 4594 1794 4689; baseline 0 -22"><span class='ocrx_word' id='word_1_114' title='bbox 245 4596 378 4685; x_wconf 78' lang='lat' dir='ltr'><strong>gustini</strong></span> <span class='ocrx_word' id='word_1_115' title='bbox 404 4599 646 4669; x_wconf 87' lang='lat' dir='ltr'><strong>canonicorum</strong></span> <span class='ocrx_word' id='word_1_116' title='bbox 673 4598 893 4689; x_wconf 82' lang='lat' dir='ltr'><strong>regularium,</strong></span> <span class='ocrx_word' id='word_1_117' title='bbox 920 4596 1015 4669; x_wconf 91' lang='lat' dir='ltr'><strong>illam</strong></span> <span class='ocrx_word' id='word_1_118' title='bbox 1042 4617 1105 4685; x_wconf 89' lang='lat' dir='ltr'><strong>per</strong></span> <span class='ocrx_word' id='word_1_119' title='bbox 1132 4594 1272 4668; x_wconf 89' lang='lat' dir='ltr'><strong>Petrum</strong></span> <span class='ocrx_word' id='word_1_120' title='bbox 1300 4595 1466 4687; x_wconf 90' lang='lat' dir='ltr'><strong>Wysch</strong></span> <span class='ocrx_word' id='word_1_121' title='bbox 1494 4597 1691 4687; x_wconf 87' lang='lat' dir='ltr'><strong>episcopum</strong></span> <span class='ocrx_word' id='word_1_122' title='bbox 1710 4595 1794 4667; x_wconf 86' lang='lat' dir='ltr'><strong>cm-</strong></span> 
     </span>
     <span class='ocr_line' id='line_1_15' title="bbox 246 4715 1794 4806; baseline 0 -19"><span class='ocrx_word' id='word_1_123' title='bbox 246 4718 441 4790; x_wconf 85' lang='lat' dir='ltr'><strong>coviensem</strong></span> <span class='ocrx_word' id='word_1_124' title='bbox 467 4740 558 4790; x_wconf 89' lang='lat' dir='ltr'><strong>anno</strong></span> <span class='ocrx_word' id='word_1_125' title='bbox 584 4718 725 4791; x_wconf 90' lang='lat' dir='ltr'><strong>Domini</strong></span> <span class='ocrx_word' id='word_1_126' title='bbox 743 4719 852 4799; x_wconf 78' lang='lat'>-1405</span> <span class='ocrx_word' id='word_1_127' title='bbox 877 4719 916 4789; x_wconf 88' lang='lat' dir='ltr'><strong>in</strong></span> <span class='ocrx_word' id='word_1_128' title='bbox 944 4718 1099 4789; x_wconf 90' lang='lat' dir='ltr'><strong>crastino</strong></span> <span class='ocrx_word' id='word_1_129' title='bbox 1126 4716 1411 4789; x_wconf 85' lang='lat' dir='ltr'><strong>Annuntiationis</strong></span> <span class='ocrx_word' id='word_1_130' title='bbox 1433 4715 1579 4806; x_wconf 86' lang='lat' dir='ltr'><strong>Mariae,</strong></span> <span class='ocrx_word' id='word_1_131' title='bbox 1607 4715 1794 4789; x_wconf 75' lang='lat' dir='ltr'><strong>cracoviae</strong></span> 
     </span>
     <span class='ocr_line' id='line_1_16' title="bbox 246 4836 1794 4929; baseline 0.001 -21"><span class='ocrx_word' id='word_1_132' title='bbox 246 4838 311 4909; x_wconf 88' lang='lat' dir='ltr'><strong>sub</strong></span> <span class='ocrx_word' id='word_1_133' title='bbox 346 4842 545 4929; x_wconf 87' lang='lat' dir='ltr'><strong>praesentia</strong></span> <span class='ocrx_word' id='word_1_134' title='bbox 578 4840 713 4914; x_wconf 91' lang='lat' dir='ltr'><strong>Nicolai</strong></span> <span class='ocrx_word' id='word_1_135' title='bbox 749 4840 1007 4929; x_wconf 76' lang='lat' dir='ltr'><strong>Kurowskv</strong></span> <span class='ocrx_word' id='word_1_136' title='bbox 1046 4839 1298 4928; x_wconf 89' lang='lat' dir='ltr'><strong>archiepiscopi</strong></span> <span class='ocrx_word' id='word_1_137' title='bbox 1335 4836 1550 4910; x_wconf 88' lang='lat' dir='ltr'><strong>Gneznensis</strong></span> <span class='ocrx_word' id='word_1_138' title='bbox 1586 4843 1621 4910; x_wconf 94' lang='lat' dir='ltr'><strong>et</strong></span> <span class='ocrx_word' id='word_1_139' title='bbox 1648 4837 1794 4928; x_wconf 86' lang='lat' dir='ltr'><strong>praelati</strong></span> 
     </span>
     <span class='ocr_line' id='line_1_17' title="bbox 245 4955 1795 5049; baseline 0 -22"><span class='ocrx_word' id='word_1_140' title='bbox 245 4955 377 5029; x_wconf 84' lang='lat' dir='ltr'><strong>Petri</strong></span> <span class='ocrx_word' id='word_1_141' title='bbox 412 4961 568 5049; x_wconf 54' lang='lat' dir='ltr'><strong>episcopi,</strong></span> <span class='ocrx_word' id='word_1_142' title='bbox 591 4960 842 5047; x_wconf 74' lang='lat' dir='ltr'><strong>cracoviensis,</strong></span> <span class='ocrx_word' id='word_1_143' title='bbox 875 4959 1047 5031; x_wconf 74' lang='lat' dir='ltr'><strong>iohannis</strong></span> <span class='ocrx_word' id='word_1_144' title='bbox 1079 4959 1122 5031; x_wconf 92' lang='lat' dir='ltr'><strong>de</strong></span> <span class='ocrx_word' id='word_1_145' title='bbox 1150 4957 1397 5048; x_wconf 84' lang='lat' dir='ltr'><strong>Thanczyn</strong></span> <span class='ocrx_word' id='word_1_146' title='bbox 1432 4957 1613 5041; x_wconf 85' lang='lat' dir='ltr'><strong>castellani</strong></span> <span class='ocrx_word' id='word_1_147' title='bbox 1640 4962 1676 5029; x_wconf 92' lang='lat' dir='ltr'><strong>et</strong></span> <span class='ocrx_word' id='word_1_148' title='bbox 1701 4958 1795 5047; x_wconf 88' lang='lat' dir='ltr'><strong>capi-</strong></span> 
     </span>
     <span class='ocr_line' id='line_1_18' title="bbox 245 5076 1793 5169; baseline -0.002 -18"><span class='ocrx_word' id='word_1_149' title='bbox 245 5081 339 5151; x_wconf 87' lang='lat' dir='ltr'><strong>tanci</strong></span> <span class='ocrx_word' id='word_1_150' title='bbox 367 5079 625 5169; x_wconf 79' lang='lat' dir='ltr'><strong>ciacoviensis,</strong></span> <span class='ocrx_word' id='word_1_151' title='bbox 660 5080 830 5153; x_wconf 87' lang='lat' dir='ltr'><strong>Johannis</strong></span> <span class='ocrx_word' id='word_1_152' title='bbox 857 5080 900 5149; x_wconf 91' lang='lat' dir='ltr'><strong>de</strong></span> <span class='ocrx_word' id='word_1_153' title='bbox 928 5078 1116 5151; x_wconf 83' lang='lat' dir='ltr'><strong>Taroow</strong></span> <span class='ocrx_word' id='word_1_154' title='bbox 1151 5077 1297 5167; x_wconf 87' lang='lat' dir='ltr'><strong>palatini</strong></span> <span class='ocrx_word' id='word_1_155' title='bbox 1325 5076 1582 5169; x_wconf 81' lang='lat' dir='ltr'><strong>cracoviensis,</strong></span> <span class='ocrx_word' id='word_1_156' title='bbox 1622 5076 1793 5150; x_wconf 89' lang='lat' dir='ltr'><strong>Johannis</strong></span> 
     </span>
     <span class='ocr_line' id='line_1_19' title="bbox 246 5196 1795 5291; baseline 0.001 -22"><span class='ocrx_word' id='word_1_157' title='bbox 246 5198 455 5291; x_wconf 81' lang='lat' dir='ltr'><strong>Lygasza</strong></span> <span class='ocrx_word' id='word_1_158' title='bbox 494 5202 641 5291; x_wconf 89' lang='lat' dir='ltr'><strong>palatini</strong></span> <span class='ocrx_word' id='word_1_159' title='bbox 675 5200 968 5287; x_wconf 84' lang='lat' dir='ltr'><strong>Lanczicziensis‚</strong></span> <span class='ocrx_word' id='word_1_160' title='bbox 991 5198 1192 5273; x_wconf 83' lang='lat' dir='ltr'><strong>,clementis</strong></span> <span class='ocrx_word' id='word_1_161' title='bbox 1229 5198 1272 5270; x_wconf 90' lang='lat' dir='ltr'><strong>de</strong></span> <span class='ocrx_word' id='word_1_162' title='bbox 1298 5197 1461 5283; x_wconf 81' lang='lat' dir='ltr'><strong>Matovv</strong></span> <span class='ocrx_word' id='word_1_163' title='bbox 1500 5196 1795 5289; x_wconf 77' lang='lat' dir='ltr'><strong>illoskorzow</strong></span> 
     </span>
    </p>
   </div>
   <div class='ocr_carea' id='block_1_7' title="bbox 246 5318 1887 5531">
    <p class='ocr_par' dir='ltr' id='par_1_7' title="bbox 246 5318 1887 5531">
     <span class='ocr_line' id='line_1_20' title="bbox 246 5318 1887 5427; baseline -0.002 -36"><span class='ocrx_word' id='word_1_164' title='bbox 246 5322 425 5393; x_wconf 89' lang='lat' dir='ltr'><strong>castellani</strong></span> <span class='ocrx_word' id='word_1_165' title='bbox 460 5322 715 5413; x_wconf 82' lang='lat' dir='ltr'><strong>Wysliciensis,</strong></span> <span class='ocrx_word' id='word_1_166' title='bbox 750 5329 788 5392; x_wconf 92' lang='lat' dir='ltr'><strong>et</strong></span> <span class='ocrx_word' id='word_1_167' title='bbox 814 5319 948 5393; x_wconf 87' lang='lat' dir='ltr'><strong>Nicolai</strong></span> <span class='ocrx_word' id='word_1_168' title='bbox 984 5319 1029 5391; x_wconf 88' lang='lat' dir='ltr'><strong>de</strong></span> <span class='ocrx_word' id='word_1_169' title='bbox 1054 5318 1352 5405; x_wconf 87' lang='lat' dir='ltr'><strong>Saudomiria</strong></span> <span class='ocrx_word' id='word_1_170' title='bbox 1386 5318 1660 5393; x_wconf 83' lang='lat' dir='ltr'><strong>vicecancellarii</strong></span> <span class='ocrx_word' id='word_1_171' title='bbox 1696 5320 1794 5427; x_wconf 79' lang='lat' dir='ltr'><strong>regii,</strong></span> <span class='ocrx_word' id='word_1_172' title='bbox 1885 5382 1887 5387; x_wconf 89' lang='lat'><em>.</em></span> 
     </span>
     <span class='ocr_line' id='line_1_21' title="bbox 246 5438 1820 5531; baseline -0.001 -19"><span class='ocrx_word' id='word_1_173' title='bbox 246 5440 290 5512; x_wconf 91' lang='lat' dir='ltr'><strong>de</strong></span> <span class='ocrx_word' id='word_1_174' title='bbox 315 5441 460 5513; x_wconf 88' lang='lat' dir='ltr'><strong>ecclesia</strong></span> <span class='ocrx_word' id='word_1_175' title='bbox 485 5442 654 5515; x_wconf 87' lang='lat' dir='ltr'><strong>saeculari</strong></span> <span class='ocrx_word' id='word_1_176' title='bbox 681 5442 833 5514; x_wconf 84' lang='lat' dir='ltr'><strong>obtinuit</strong></span> <span class='ocrx_word' id='word_1_177' title='bbox 859 5442 894 5512; x_wconf 93' lang='lat' dir='ltr'><strong>in</strong></span> <span class='ocrx_word' id='word_1_178' title='bbox 914 5440 1107 5530; x_wconf 74' lang='lat' dir='ltr'><strong>regularem</strong></span> <span class='ocrx_word' id='word_1_179' title='bbox 1135 5438 1330 5531; x_wconf 77' lang='lat' dir='ltr'><strong>transferri,</strong></span> <span class='ocrx_word' id='word_1_180' title='bbox 1357 5443 1455 5513; x_wconf 82' lang='lat' dir='ltr'><strong>etex</strong></span> <span class='ocrx_word' id='word_1_181' title='bbox 1473 5440 1684 5513; x_wconf 89' lang='lat' dir='ltr'><strong>monasterio</strong></span> <span class='ocrx_word' id='word_1_182' title='bbox 1703 5438 1820 5529; x_wconf 89' lang='lat' dir='ltr'><strong>apud·</strong></span> 
     </span>
    </p>
   </div>
   <div class='ocr_carea' id='block_1_8' title="bbox 244 5558 1794 6013">
    <p class='ocr_par' dir='ltr' id='par_1_8' title="bbox 244 5558 1794 6013">
     <span class='ocr_line' id='line_1_22' title="bbox 244 5558 1794 5651; baseline 0.001 -19"><span class='ocrx_word' id='word_1_183' title='bbox 244 5561 408 5650; x_wconf 87' lang='lat' dir='ltr'><strong>oppidum</strong></span> <span class='ocrx_word' id='word_1_184' title='bbox 445 5564 678 5635; x_wconf 85' lang='lat' dir='ltr'><strong>Kloczsko</strong></span> <span class='ocrx_word' id='word_1_185' title='bbox 713 5563 749 5643; x_wconf 86' lang='lat' dir='ltr'><strong>in</strong></span> <span class='ocrx_word' id='word_1_186' title='bbox 776 5564 878 5635; x_wconf 89' lang='lat' dir='ltr'><strong>metis</strong></span> <span class='ocrx_word' id='word_1_187' title='bbox 905 5561 1070 5634; x_wconf 88' lang='lat' dir='ltr'><strong>Poloniae</strong></span> <span class='ocrx_word' id='word_1_188' title='bbox 1097 5568 1134 5633; x_wconf 95' lang='lat' dir='ltr'><strong>et</strong></span> <span class='ocrx_word' id='word_1_189' title='bbox 1159 5560 1347 5633; x_wconf 86' lang='lat' dir='ltr'><strong>Bohemiae</strong></span> <span class='ocrx_word' id='word_1_190' title='bbox 1373 5560 1452 5651; x_wconf 87' lang='lat' dir='ltr'><strong>sito,</strong></span> <span class='ocrx_word' id='word_1_191' title='bbox 1488 5561 1622 5651; x_wconf 89' lang='lat' dir='ltr'><strong>recepti</strong></span> <span class='ocrx_word' id='word_1_192' title='bbox 1652 5558 1794 5633; x_wconf 86' lang='lat' dir='ltr'><strong>inerunt</strong></span> 
     </span>
     <span class='ocr_line' id='line_1_23' title="bbox 246 5678 1793 5775; baseline 0.001 -22"><span class='ocrx_word' id='word_1_193' title='bbox 246 5683 348 5771; x_wconf 83' lang='lat' dir='ltr'><strong>primi</strong></span> <span class='ocrx_word' id='word_1_194' title='bbox 374 5683 504 5757; x_wconf 87' lang='lat' dir='ltr'><strong>fratres</strong></span> <span class='ocrx_word' id='word_1_195' title='bbox 530 5686 574 5757; x_wconf 89' lang='lat' dir='ltr'><strong>ad</strong></span> <span class='ocrx_word' id='word_1_196' title='bbox 601 5682 789 5775; x_wconf 82' lang='lat' dir='ltr'><strong>regendum</strong></span> <span class='ocrx_word' id='word_1_197' title='bbox 825 5684 1073 5755; x_wconf 88' lang='lat' dir='ltr'><strong>monasterium</strong></span> <span class='ocrx_word' id='word_1_198' title='bbox 1105 5681 1269 5772; x_wconf 88' lang='lat' dir='ltr'><strong>corporis</strong></span> <span class='ocrx_word' id='word_1_199' title='bbox 1297 5678 1426 5753; x_wconf 87' lang='lat' dir='ltr'><strong>christi</strong></span> <span class='ocrx_word' id='word_1_200' title='bbox 1461 5700 1573 5753; x_wconf 87' lang='lat' dir='ltr'><strong>novae</strong></span> <span class='ocrx_word' id='word_1_201' title='bbox 1600 5683 1793 5771; x_wconf 88' lang='lat' dir='ltr'><strong>erectionis,</strong></span> 
     </span>
     <span class='ocr_line' id='line_1_24' title="bbox 246 5802 1793 5895; baseline 0 -21"><span class='ocrx_word' id='word_1_202' title='bbox 246 5805 344 5876; x_wconf 89' lang='lat' dir='ltr'><strong>cuius</strong></span> <span class='ocrx_word' id='word_1_203' title='bbox 370 5808 557 5895; x_wconf 89' lang='lat' dir='ltr'><strong>primarius</strong></span> <span class='ocrx_word' id='word_1_204' title='bbox 583 5806 801 5895; x_wconf 87' lang='lat' dir='ltr'><strong>praepositus</strong></span> <span class='ocrx_word' id='word_1_205' title='bbox 819 5811 856 5875; x_wconf 90' lang='lat' dir='ltr'><strong>et</strong></span> <span class='ocrx_word' id='word_1_206' title='bbox 873 5809 988 5876; x_wconf 92' lang='lat' dir='ltr'><strong>rector</strong></span> <span class='ocrx_word' id='word_1_207' title='bbox 1004 5802 1070 5875; x_wconf 85' lang='lat' dir='ltr'><strong>fuit</strong></span> <span class='ocrx_word' id='word_1_208' title='bbox 1087 5803 1199 5875; x_wconf 88' lang='lat' dir='ltr'><strong>frater</strong></span> <span class='ocrx_word' id='word_1_209' title='bbox 1225 5803 1466 5874; x_wconf 84' lang='lat' dir='ltr'><strong>Conradus</strong></span> <span class='ocrx_word' id='word_1_210' title='bbox 1493 5802 1676 5891; x_wconf 81' lang='lat' dir='ltr'><strong>Ainianes,</strong></span> <span class='ocrx_word' id='word_1_211' title='bbox 1703 5804 1793 5874; x_wconf 87' lang='lat' dir='ltr'><strong>eius-</strong></span> 
     </span>
     <span class='ocr_line' id='line_1_25' title="bbox 246 5923 1793 6013; baseline -0.001 -18"><span class='ocrx_word' id='word_1_212' title='bbox 246 5923 323 5996; x_wconf 89' lang='lat' dir='ltr'><strong>dem</strong></span> <span class='ocrx_word' id='word_1_213' title='bbox 350 5929 551 5999; x_wconf 90' lang='lat' dir='ltr'><strong>monasterii</strong></span> <span class='ocrx_word' id='word_1_214' title='bbox 578 5928 620 6000; x_wconf 89' lang='lat' dir='ltr'><strong>de</strong></span> <span class='ocrx_word' id='word_1_215' title='bbox 648 5925 893 6013; x_wconf 88' lang='lat' dir='ltr'><strong>cloczsko,</strong></span> <span class='ocrx_word' id='word_1_216' title='bbox 920 5925 974 6007; x_wconf 81' lang='lat' dir='ltr'><strong>vir</strong></span> <span class='ocrx_word' id='word_1_217' title='bbox 1000 5924 1201 6013; x_wconf 83' lang='lat' dir='ltr'><strong>singularis,</strong></span> <span class='ocrx_word' id='word_1_218' title='bbox 1228 5924 1411 5995; x_wconf 84' lang='lat' dir='ltr'><strong>devotione</strong></span> <span class='ocrx_word' id='word_1_219' title='bbox 1438 5928 1474 5994; x_wconf 93' lang='lat' dir='ltr'><strong>et</strong></span> <span class='ocrx_word' id='word_1_220' title='bbox 1499 5923 1665 6013; x_wconf 84' lang='lat' dir='ltr'><strong>religione</strong></span> <span class='ocrx_word' id='word_1_221' title='bbox 1692 5924 1793 5994; x_wconf 91' lang='lat' dir='ltr'><strong>redo-</strong></span> 
     </span>
    </p>
   </div>
   <div class='ocr_carea' id='block_1_9' title="bbox 91 6043 1814 6258">
    <p class='ocr_par' dir='ltr' id='par_1_9' title="bbox 91 6043 1814 6258">
     <span class='ocr_line' id='line_1_26' title="bbox 91 6043 1814 6159; baseline -0.001 -41"><span class='ocrx_word' id='word_1_222' title='bbox 91 6054 95 6060; x_wconf 85' lang='lat'>&#39;</span> <span class='ocrx_word' id='word_1_223' title='bbox 245 6049 331 6139; x_wconf 91' lang='lat' dir='ltr'><strong>lens,</strong></span> <span class='ocrx_word' id='word_1_224' title='bbox 358 6049 451 6121; x_wconf 89' lang='lat' dir='ltr'><strong>vitae</strong></span> <span class='ocrx_word' id='word_1_225' title='bbox 468 6049 687 6138; x_wconf 86' lang='lat' dir='ltr'><strong>exemplaris,</strong></span> <span class='ocrx_word' id='word_1_226' title='bbox 714 6052 893 6121; x_wconf 86' lang='lat' dir='ltr'><strong>assecutus</strong></span> <span class='ocrx_word' id='word_1_227' title='bbox 903 6044 1088 6130; x_wconf 53' lang='lat' dir='ltr'><strong>‚eclesiam</strong></span> <span class='ocrx_word' id='word_1_228' title='bbox 1116 6043 1307 6132; x_wconf 74' lang='lat' dir='ltr'><strong>praelatam</strong></span> <span class='ocrx_word' id='word_1_229' title='bbox 1324 6064 1396 6134; x_wconf 89' lang='lat' dir='ltr'><strong>per</strong></span> <span class='ocrx_word' id='word_1_230' title='bbox 1414 6044 1680 6133; x_wconf 81' lang='lat' dir='ltr'><strong>resignationem</strong></span> <span class='ocrx_word' id='word_1_231' title='bbox 1707 6043 1814 6159; x_wconf 29' lang='lat' dir='ltr'><strong>libe-¹</strong></span> 
     </span>
     <span class='ocr_line' id='line_1_27' title="bbox 245 6162 1794 6258; baseline -0.001 -17"><span class='ocrx_word' id='word_1_232' title='bbox 245 6192 320 6242; x_wconf 90' lang='lat' dir='ltr'><strong>ram</strong></span> <span class='ocrx_word' id='word_1_233' title='bbox 345 6170 516 6243; x_wconf 79' lang='lat' dir='ltr'><strong>iohannis</strong></span> <span class='ocrx_word' id='word_1_234' title='bbox 543 6167 587 6241; x_wconf 89' lang='lat' dir='ltr'><strong>de</strong></span> <span class='ocrx_word' id='word_1_235' title='bbox 614 6168 876 6258; x_wconf 78' lang='lat' dir='ltr'><strong>Tisanczyn,</strong></span> <span class='ocrx_word' id='word_1_236' title='bbox 903 6164 1057 6237; x_wconf 88' lang='lat' dir='ltr'><strong>eiusdem</strong></span> <span class='ocrx_word' id='word_1_237' title='bbox 1084 6164 1248 6235; x_wconf 88' lang='lat' dir='ltr'><strong>ecclesiae</strong></span> <span class='ocrx_word' id='word_1_238' title='bbox 1276 6163 1440 6254; x_wconf 87' lang='lat' dir='ltr'><strong>corporis</strong></span> <span class='ocrx_word' id='word_1_239' title='bbox 1459 6162 1590 6234; x_wconf 87' lang='lat' dir='ltr'><strong>christi</strong></span> <span class='ocrx_word' id='word_1_240' title='bbox 1618 6164 1729 6235; x_wconf 91' lang='lat' dir='ltr'><strong>ultimi</strong></span> <span class='ocrx_word' id='word_1_241' title='bbox 1756 6172 1794 6239; x_wconf 92' lang='lat' dir='ltr'><strong>et</strong></span> 
     </span>
    </p>
   </div>
   <div class='ocr_carea' id='block_1_10' title="bbox 110 6281 1793 6547">
    <p class='ocr_par' dir='ltr' id='par_1_10' title="bbox 110 6281 1793 6547">
     <span class='ocr_line' id='line_1_28' title="bbox 246 6281 1793 6379; baseline -0.001 -18"><span class='ocrx_word' id='word_1_242' title='bbox 246 6290 438 6362; x_wconf 87' lang='lat' dir='ltr'><strong>immediati</strong></span> <span class='ocrx_word' id='word_1_243' title='bbox 463 6289 620 6379; x_wconf 87' lang='lat' dir='ltr'><strong>plebani,</strong></span> <span class='ocrx_word' id='word_1_244' title='bbox 656 6290 714 6377; x_wconf 87' lang='lat' dir='ltr'><strong>qui</strong></span> <span class='ocrx_word' id='word_1_245' title='bbox 740 6308 817 6359; x_wconf 91' lang='lat' dir='ltr'><strong>cum</strong></span> <span class='ocrx_word' id='word_1_246' title='bbox 853 6286 1032 6359; x_wconf 88' lang='lat' dir='ltr'><strong>ecclesiam</strong></span> <span class='ocrx_word' id='word_1_247' title='bbox 1059 6283 1223 6371; x_wconf 81' lang='lat' dir='ltr'><strong>Corporis</strong></span> <span class='ocrx_word' id='word_1_248' title='bbox 1250 6281 1382 6355; x_wconf 87' lang='lat' dir='ltr'><strong>christi</strong></span> <span class='ocrx_word' id='word_1_249' title='bbox 1408 6284 1555 6375; x_wconf 80' lang='lat' dir='ltr'><strong>ligneam</strong></span> <span class='ocrx_word' id='word_1_250' title='bbox 1584 6284 1793 6377; x_wconf 78' lang='lat' dir='ltr'><strong>offendisset,</strong></span> 
     </span>
     <span class='ocr_line' id='line_1_29' title="bbox 110 6402 1792 6547; baseline -0.002 -64"><span class='ocrx_word' id='word_1_251' title='bbox 110 6446 116 6453; x_wconf 91' lang='lat'>·</span> <span class='ocrx_word' id='word_1_252' title='bbox 245 6433 288 6483; x_wconf 87' lang='lat' dir='ltr'><strong>ea</strong></span> <span class='ocrx_word' id='word_1_253' title='bbox 313 6411 486 6499; x_wconf 86' lang='lat' dir='ltr'><strong>demolita,</strong></span> <span class='ocrx_word' id='word_1_254' title='bbox 513 6430 556 6483; x_wconf 87' lang='lat' dir='ltr'><strong>ex</strong></span> <span class='ocrx_word' id='word_1_255' title='bbox 583 6407 697 6498; x_wconf 89' lang='lat' dir='ltr'><strong>lapide</strong></span> <span class='ocrx_word' id='word_1_256' title='bbox 722 6415 760 6478; x_wconf 89' lang='lat' dir='ltr'><strong>et</strong></span> <span class='ocrx_word' id='word_1_257' title='bbox 786 6408 894 6480; x_wconf 89' lang='lat' dir='ltr'><strong>latere</strong></span> <span class='ocrx_word' id='word_1_258' title='bbox 919 6405 1092 6547; x_wconf 52' lang='lat' dir='ltr'><strong>”ibljgfflv</strong></span> <span class='ocrx_word' id='word_1_259' title='bbox 1118 6403 1245 6475; x_wconf 88' lang='lat' dir='ltr'><strong>solatio</strong></span> <span class='ocrx_word' id='word_1_260' title='bbox 1272 6402 1470 6493; x_wconf 68' lang='lat' dir='ltr'><strong>pecunmio</strong></span> <span class='ocrx_word' id='word_1_261' title='bbox 1498 6404 1590 6497; x_wconf 76' lang='lat' dir='ltr'><strong>regis</strong></span> <span class='ocrx_word' id='word_1_262' title='bbox 1618 6410 1655 6477; x_wconf 92' lang='lat' dir='ltr'><strong>et</strong></span> <span class='ocrx_word' id='word_1_263' title='bbox 1682 6407 1792 6497; x_wconf 84' lang='lat' dir='ltr'><strong>plebis</strong></span> 
     </span>
    </p>
   </div>
   <div class='ocr_carea' id='block_1_11' title="bbox 0 0 2114 8054">
    <p class='ocr_par' dir='ltr' id='par_1_11' title="bbox 0 0 2114 8054">
     <span class='ocr_line' id='line_1_30' title="bbox 0 0 2114 8054; baseline 0 0"><span class='ocrx_word' id='word_1_264' title='bbox 0 0 2114 8054; x_wconf 95' lang='lat' dir='ltr'><strong> </strong></span> 
     </span>
    </p>
   </div>
  </div>
 </body>
</html>
