4217 8059
647 1469 796 1541 228

935 1745 945 1752 ,
1054 1672 1360 1769 .-j.omisso
1412 1659 1723 1743 veterum
1776 1672 2304 1761 habitationum,
2357 1693 2535 1762 quae
2579 1677 2654 1743 et
2686 1672 2946 1744 diluvio
2999 1673 3398 1763 universali,
3452 1679 3527 1744 et
3558 1681 3737 1745 tem-

952 1803 977 1822 “·
1008 1804 1021 1894 ᾗ,
1060 1780 1354 1865 ·³'.f·÷.·tm:e
1407 1792 1478 1862 in
1532 1812 1853 1865 saxorum
1908 1792 2157 1863 molem
2211 1799 2576 1864 concretae
2631 1793 2970 1882 visuntur,
3023 1793 3498 1884 devenissent,
3579 1814 3737 1866 coe·

961 1907 1094 2002 ρ*
1157 1911 1180 1981 i
1232 1911 1456 1982 locum
1509 1912 1582 1982 in
1637 1912 1973 1983 maximae
2045 1913 2226 1984 arcis
2295 1912 2586 2002 figuram
2643 1918 2716 1984 et
2768 1913 3084 1984 habitum
3154 1913 3606 2004 dispositum,
3658 1920 3736 1987 et

636 1998 958 2124 smgults
985 2076 992 2081 ·
1047 2031 1183 2102 lius
1235 2036 1475 2120 partes
1529 2031 1847 2121 lustrare,
1904 2032 2039 2103 vir
2020 2031 2179 2103 Dei
2231 2031 2296 2102 Ε
2315 2053 2438 2104 me
2457 2033 2537 2103 ri
2559 2053 2655 2103 cu
2676 2054 2710 2103 s
2763 2031 3030 2122 Spiritu
3066 2032 3311 2104 ’divino
3364 2033 3734 2106 instinctus

457 2236 466 2244 ,
505 2174 550 2205 ⁶*-
633 2160 708 2225 et
757 2161 838 2223 ut
891 2152 1278 2243 aliquorum
1348 2151 1647 2223 habetur
1718 2153 2055 2241 assertio,
2127 2152 2393 2223 visione
2414 2207 2431 2242 ,
2503 2173 2678 2243 quae
2732 2153 2866 2226 sibi
2940 2174 3067 2243 per
3118 2159 3395 2224 noctem
3446 2155 3520 2224 in
3576 2154 3733 2226 loco

449 2275 458 2283 '
499 2306 504 2311 ·
543 2310 549 2315 -
633 2273 755 2345 illo
809 2246 1191 2364 quiescenti
1243 2278 1631 2343 monstrata
1663 2278 1774 2344 est
1810 2272 2118 2362 edoctae,
2173 2293 2551 2363 congruum
2600 2273 2791 2345 illum
2846 2275 3167 2363 asseruit,
3218 2275 3290 2344 in
3345 2295 3481 2365 quo
3533 2275 3734 2347 habi-

632 2396 938 2469 taculum
988 2394 1138 2465 Deo
1194 2397 1268 2463 et
1319 2393 1540 2464 servis
1593 2392 1742 2463 eius
1795 2394 2010 2464 vitam
2068 2394 2516 2465 monasticam
2571 2394 3010 2465 servantibus
3064 2401 3444 2484 pareretur.
3505 2394 3736 2485 Rogat

632 2516 882 2590 deinde
933 2519 1258 2605 patruum
1311 2519 1383 2584 et
1438 2511 1710 2584 affinem
1784 2534 1987 2612 suum
2057 2513 2117 2584 B
2137 2513 2220 2584 ol
2243 2533 2282 2583 e
2305 2514 2381 2584 sl
2401 2534 2443 2584 a
2459 2535 2503 2584 ιι
2525 2535 2592 2583 ιιι
2663 2513 2993 2585 Poloniae
3043 2535 3316 2616 regem,
3386 2521 3732 2613 quatenus

632 2659 760 2729 pro
812 2637 948 2707 Dei
997 2636 1263 2706 honore
1316 2640 1387 2705 et
1440 2633 1602 2705 fidei
1658 2633 2084 2706 orthodoxae
2144 2635 2576 2713 incremento
2629 2639 2702 2705 et
2754 2631 3137 2706 animarum
3190 2636 3450 2725 salute,
3470 2655 3732 2707 coeno-

615 2759 821 2832 bium
875 2757 1017 2828 illic
1069 2756 1425 2845 nigrorum
1481 2756 2005 2842 monachorum,
2082 2758 2630 2849 anachoreticam
2707 2756 2919 2828 vitam
2993 2757 3121 2827 snb
3182 2755 3424 2846 regula
3492 2754 3734 2826 Sancti

609 2877 991 2950 Benedicti
1042 2867 1449 2947 ducentium‘
1497 2874 1805 2962 fabricet,
1861 2874 2057 2946 dotet
2111 2871 2630 2981 et'ffflnstituat.
2688 2875 2856 2948 Cum
2895 2877 3213 2966 petitioni
3267 2876 3419 2948 eius
3471 2875 3732 2946 Bole-

621 2999 834 3071 slau
856 3019 892 3077 s
935 2995 1264 3067 Poloniae
1290 3014 1417 3066 rex
1443 2993 1711 3066 facilen]
1741 3002 1813 3066 et
1841 2981 2570 3087 munificumd'edieset
2618 3017 2992 3086 assensum,
3037 2985 3154 3066 ille
3179 2995 3430 3086 grandi
3454 2995 3732 3086 gaudio,

632 3117 814 3208 quod
871 3117 1016 3188 voti
1069 3115 1179 3186 sui
1231 3133 1509 3203 compos
1561 3114 1741 3186 foret
1797 3110 2242 3210 exhilaratus,
2290 3114 2590 3206 primum
2645 3116 3179 3211 clementissimo
3232 3115 3381 3187 Deo
3434 3115 3728 3205 supplex

616 3247 705 3330 ¹et
757 3240 829 3310 in
881 3244 1144 3309 terram
1198 3234 1653 3325 procumbens
1693 3238 1833 3322 egit,
1889 3234 2174 3322 gratias
2230 3234 2474 3306 deinde
2535 3236 3061 3307 Bnleslaum
3113 3235 3443 3307 Poloniae
3492 3254 3731 3338 regem

629 3357 1054 3446 exosculans,
1108 3363 1181 3427 et
1233 3355 1548 3445 pluribus
1603 3332 1920 3424 laudibus
1976 3354 2756 3444 efferenS,bifurcata1n
2811 3377 3103 3446 crucem,
3154 3355 3529 3427 notabilem
3565 3376 3730 3446 por-

628 3481 888 3552 tionem
943 3478 1115 3567 ligni
1166 3475 1508 3546 Dominici
1580 3475 2079 3563 continentem,
2152 3475 2422 3546 modico
2476 3481 2551 3546 et
2601 3477 2795 3548 tenui
2859 3484 3151 3568 argento
3222 3498 3465 3567 pamm
3518 3476 3731 3547 deau-

626 3606 785 3672 rato
840 3600 1136 3687 desuper
1190 3592 1574 3682 obmtam,
1629 3595 1902 3683 parenti
1959 3614 2083 3664 suo
2139 3593 2185 3665 S
2207 3601 2294 3665 te
2314 3616 2360 3684 p
2380 3597 2424 3665 h
2448 3617 2553 3666 an
2576 3617 2616 3667 ο
2670 3596 3071 3687 Hungariae
3125 3597 3274 3687 regi
3327 3617 3370 3668 a
3423 3595 3726 3668 Graeco-

626 3742 783 3792 rum
836 3738 1117 3790 caesare
1171 3715 2011 3804 Constantinopoli
2084 3736 2212 3805 pro
2267 3716 2520 3806 insigni
2577 3739 2857 3788 munere
2929 3720 3446 3806 transmissam,
3519 3737 3725 3807 quam

629 3841 737 3913 vir
792 3839 1083 3911 Sanctus
1135 3834 1498 3907 Emeric
1519 3855 1615 3904 us
1688 3834 1759 3905 in
1812 3838 2093 3924 pectore
2148 3857 2234 3906 ex
2289 3836 2658 3908 donatione
2730 3818 3041 3927 parentis
3110 3843 3386 3927 gestare
3439 3856 3728 3908 consve-

630 3967 864 4048 verat,
928 3957 1201 4045 eximit,
1271 3955 1557 4044 locoque
1614 3954 1751 4043 illi,
1824 3955 2148 4043 quoniam
2219 3956 2319 4026 ita
2371 3956 2443 4027 in
2499 3958 2762 4028 visione
2832 3960 3023 4029 visus
3097 3964 3283 4047 erat,
3353 3948 3726 4049 lachrymis
3774 4016 3778 4019 .

632 4080 866 4152 effusis
919 4079 1151 4167 donat.
1240 4075 1432 4146 Nihil
1485 4074 1713 4165 inquit
1730 4129 1748 4163 ,
1818 4076 1888 4145 in
1944 4075 2123 4146 hanc
2174 4075 2361 4147 diem
2414 4079 2644 4149 carius
2717 4078 2926 4150 habui
2984 4079 3296 4150 clenodio
3366 4079 3499 4149 hoc
3516 4130 3535 4168 ,
3602 4077 3726 4164 sed
3858 4146 3863 4151 ,

631 4222 758 4272 nec
809 4222 959 4272 sum
1011 4198 1415 4284 habiturus;
1485 4195 1655 4265 illud
1709 4202 1943 4267 tamen
2006 4196 2159 4268 loco
2214 4197 2410 4288 huic,
2482 4218 2568 4267 ne
2624 4199 2963 4269 voluntati
3017 4205 3092 4270 et
3147 4199 3395 4270 visioni
3448 4199 3758 4293 divinae-

628 4321 965 4411 refragari
1017 4318 1311 4405 viderer,
1367 4316 1565 4386 dono.
1620 4315 2121 4387 Boleslaus
2174 4317 2408 4407 itaque
2462 4337 2585 4387 rex
2623 4317 2970 4407 Poloniae,
3024 4339 3175 4389 cum
3215 4339 3291 4388 se
3326 4326 3399 4390 et
3433 4338 3725 4418 regnum

627 4461 826 4513 suum
880 4439 1210 4510 Poloniae
1262 4437 1452 4526 ligno
1505 4441 1647 4507 tam
1718 4435 2222 4524 pretiosissimo
2303 4436 2572 4507 videret
2651 4438 3073 4528 insignitum,
3129 4439 3198 4508 in
3253 4438 3722 4509 laudationem

627 4561 758 4633 Dei
812 4559 1149 4651 prorupit,
1230 4563 1303 4628 et
1358 4576 1539 4640 anno
1592 4554 1831 4627 eodem
1885 4555 2210 4627 videlicet
2273 4557 2466 4628 1006
2525 4559 3018 4629 monasterium
3074 4557 3309 4629 Sancti
3351 4557 3725 4629 'Benedicti

625 4684 700 4753 in
751 4683 1085 4752 honorem
1157 4685 1229 4748 et
1279 4677 1557 4748 titulum
1613 4676 2031 4747 Benedictae
2086 4675 2452 4748 Trinitatis
2471 4732 2488 4767 ,
2558 4678 2702 4749 illic
2752 4679 2987 4769 erigit,
3032 4685 3107 4749 et
3155 4680 3417 4769 refflam
3490 4679 3724 4750 dotem

626 4803 731 4874 illi
781 4803 1173 4890 consignat,
1225 4797 1615 4886 fratresque
1667 4797 1796 4867 sub
1853 4797 2093 4886 regula
2146 4797 2350 4868 Beati
2403 4797 2765 4871 Benedicti
2817 4800 3235 4871 militaturos
3287 4800 3453 4872 illuc
3504 4800 3724 4872 intro-

630 4923 839 5010 ducit,
917 4920 1274 4991 ecclesiam
1331 4934 1602 5008 quoque
1656 4916 1783 4986 sub
1839 4916 2102 4988 honore
2157 4923 2230 4988 et
2283 4917 2488 4989 titulo
2543 4918 2837 4991 Sanctae
2892 4920 3250 4991 Trinitatis
3305 4926 3377 4991 et
3429 4919 3722 4991 Sanctae

633 5042 874 5115 Crucis
929 5062 972 5111 a
1020 5037 1483 5110 fundamentis
1536 5036 1838 5127 initians,
1893 5034 2317 5109 Graecorum
2370 5060 2560 5110 more
2615 5060 2701 5111 ex
2755 5043 2972 5115 sectis·
3016 5047 3088 5112 et
3137 5041 3499 5132 quadratis
3550 5041 3725 5130 lapi-r

633 5162 873 5250 dibus,
936 5180 1137 5250 quam
1193 5164 1265 5229 et
1316 5158 1388 5228 in
1440 5158 1620 5228 hanc
1662 5156 1852 5228 diem
1907 5159 2250 5230 cernimus
2268 5214 2286 5248 ,
2355 5159 2653 5232 fabricat
2705 5166 2779 5232 et
2827 5168 3292 5251 consummat,
3363 5162 3599 5233 locans
3651 5166 3724 5232 et

556 5274 570 5289 “
630 5283 1009 5356 recondens
1062 5280 1134 5351 in
1171 5300 1254 5351 ea
1305 5277 1879 5370 pretiosissimum
1932 5279 2191 5369 lignum
2227 5280 2680 5371 Dominicum,
2732 5301 2859 5371 per
2892 5281 3184 5354 Beatum
3220 5283 3446 5354 virum
3481 5282 3545 5352 E
3564 5304 3632 5353 m
3650 5301 3723 5354 e-

629 5405 765 5476 ric
782 5416 830 5474 ιι
847 5424 913 5474 ιιι
966 5402 1314 5492 largitum.
1404 5397 1616 5471 Cuius
1685 5399 2091 5471 monasterii
2162 5399 2468 5472 conditio
2523 5406 2597 5471 et
2649 5401 2989 5492 qualitas
3004 5403 3076 5473 in
3131 5406 3428 5474 aetatem
3501 5422 3722 5495 usque

595 5530 1060 5614 ‚praesentem
1115 5521 1442 5595 videlicet
1486 5521 1625 5591 147
1636 5519 1679 5590 5
1735 5527 1992 5591 almum
2221 5540 2449 5610 urana,
2500 5520 2908 5611 longaevam
2965 5523 3113 5593 eius
3139 5527 3451 5594 testatur
3504 5492 3722 5595 ann&

629 5644 925 5716 sitatem.
1010 5643 1092 5714 In
1147 5614 1640 5714 monasterium
1692 5645 1923 5711 autem
1980 5634 2366 5729 praefatum
2419 5638 2475 5711 C
2493 5640 2575 5711 al
2598 5664 2639 5713 v
2658 5642 2683 5712 i
2737 5663 2800 5713 ιιι
2823 5664 2864 5715 o
2883 5664 2929 5713 n
2947 5643 3019 5713 ti
3041 5663 3076 5713 s
3128 5641 3422 5714 Sanctae
3459 5642 3722 5735 Crucis,

628 5762 737 5835 Vi
759 5765 835 5835 sl
855 5787 897 5835 a
916 5787 963 5835 ιι
984 5785 1017 5833 s
1071 5784 1298 5834 comes
1351 5762 1619 5852 aliquas
1673 5759 1965 5830 contulit
2017 5760 2415 5850 patrimonii
2469 5762 2578 5831 sui
2630 5762 2832 5834 villas
2869 5767 2939 5832 et
2974 5763 3460 5854 haereditates,
3513 5784 3718 5853 quem

627 5905 713 5957 ex
769 5884 1134 5956 nobilitate
1188 5889 1261 5954 et
1313 5882 1517 5954 domo
1574 5880 1952 5951 Zabawa
2001 5880 2234 5951 ferunt
2285 5887 2622 5953 exortum.
2681 5881 3138 5955 Contulerunt
3181 5889 3254 5955 et
3291 5885 3408 5955 alii
3463 5877 3721 5956 milites

628 6012 701 6080 et
752 6025 1076 6096 proceres
1127 6003 1327 6094 regni
1378 6000 1707 6073 Poloniae
1739 6022 1922 6072 -suas
1976 6000 2442 6073 haereditates
2459 6057 2477 6091 ,
2548 6000 2912 6073 facultates
2965 6010 3036 6073 et
3089 6004 3527 6095 patrimonia,
3579 6004 3719 6076 fer-

475 6179 486 6197 .
627 6147 796 6198 vore
847 6125 1009 6197 fidei
1062 6132 1136 6196 et
1185 6121 1573 6196 devotionis
1626 6121 1858 6215 illecti.
1948 6119 2260 6192 Contulit
2310 6127 2386 6191 et
2438 6119 2494 6190 P
2514 6141 2555 6192 o
2576 6141 2622 6210 p
2644 6141 2689 6210 p
2709 6142 2751 6191 o
2821 6121 3302 6197 Cracoviensis
3372 6126 3719 6216 archiepi-

629 6267 913 6336 scopae,
983 6247 1136 6324 loco
1190 6244 1412 6317 eidem
1465 6244 1537 6314 in
1574 6263 1920 6333 processu
1974 6261 2342 6330 annorum,
2414 6240 2649 6329 plures
2720 6263 2996 6338 mensae
3066 6265 3235 6317 suae
3304 6238 3719 6339 opffloepalis

593 6365 915 6489 'inferius
966 6365 1456 6438 describendas
1509 6364 1809 6437 decimas
1861 6360 2346 6450 manipulares,
2399 6366 2473 6430 et
2524 6359 2716 6433 locus
2768 6364 2917 6454 ipse
2971 6365 3100 6436 snb
3136 6366 3333 6437 brevi
3366 6346 3817 6468 tdporis
