4217 8059
1768 1510 1824 1604 xaa
1851 1463 1853 1467 ’

280 1710 363 1784 nilla
389 1711 498 1802 aliqui
523 1712 616 1784 lanei
642 1713 875 1787 cmetbonalcs
901 1661 1148 1804 emersuras}
1166 1715 1226 1787 sed
1254 1716 1364 1787 solam
1391 1737 1554 1788 arvorum
1580 1718 1703 1806 pectes.
1739 1717 1826 1789 Item

280 1833 469 1924 praedium.
497 1833 583 1905 Item
609 1855 728 1907 omncs
755 1836 830 1924 agri
859 1836 961 1907 villae
993 1838 1135 1909 solvant
1160 1844 1196 1907 et
1221 1836 1417 1908 conducant
1436 1837 1608 1910 decimam
1635 1839 1827 1929 manipula-

190 1940 237 2033 ζ·
265 1974 353 2035 ¹urm
380 1961 416 2027 et
444 1954 643 2045 canapalem
670 1976 735 2046 pro
761 1957 894 2028 vicaria
919 1945 1138 2048 praebendae
1164 1957 1413 2047 Gracoriensis,
1440 1978 1527 2048 qaae
1546 2011 1663 2028 .....

385 2073 571 2172 Sempe,
608 2077 710 2170 quaa
748 2072 913 2150 Oaran
949 2078 1160 2177 vulpariter
1195 2078 1335 2154 dicitur
1370 2079 1406 2150 in
1435 2076 1694 2171 Szyczina.
1739 2080 1827 2151 Imm
1861 2110 1866 2118 ·

278 2197 529 2269 manum
563 2195 854 2290 Sznyerzynense
889 2199 925 2270 in
958 2201 1136 2291 primaeva
1170 2201 1226 2271 sai
1260 2192 1462 2271 fundatione
1497 2200 1648 2271 habebat
1683 2206 1826 2295 pateam
1929 2227 1933 2231 ·

280 2317 373 2406 salis,
401 2338 462 2388 sen
488 2309 700 2408 maginem
727 2318 763 2390 in
789 2318 874 2391 villu
898 2320 1131 2412 Snydui'ma
1162 2319 1608 2410 propeWyeliczkam
1635 2322 1756 2411 dmm,
1791 2327 1828 2392 et

281 2443 421 2528 sartago
447 2438 644 2511 huiusmodi
670 2440 805 2531 vulgari
831 2441 1065 2531 appellatione
1091 2441 1299 2533 Ozyeran
1325 2440 1579 2531 appellabatur,
1614 2447 1651 2512 et
1676 2442 1827 2513 babebat

151 2618 161 2629 ,
281 2559 525 2649 monasterinm
552 2559 826 2654 Znyerzynense
852 2583 894 2635 ex
922 2562 1120 2634 huiusmodi
1156 2562 1332 2652 sartagine
1367 2561 1540 2633 notabiles
1567 2561 1828 2633 commoditates

282 2662 553 2770 et'procentns·
569 2680 699 2755 Veram
716 2703 795 2765 cum
813 2704 978 2774 processu
998 2672 1173 2774 'temporis
1198 2683 1313 2755 fontes
1331 2683 1415 2754 salis
1441 2666 1478 2754 in
1504 2682 1736 2773 Szydzina
1762 2683 1836 2765 sic·v

280 2801 348 2872 cati
374 2801 529 2892 luissent
557 2803 661 2875 etiam
687 2785 845 2894 praelata
872 2811 1012 2896 sartago
1039 2825 1062 2877 a
1087 2805 1297 2877 monasterio
1324 2804 1590 2898 Zwyerzynensi
1616 2804 1784 2897 disperiit

383 2922 601 3015 dummoc,
627 2923 710 2995 villu
725 2925 812 2996 sub·
827 2927 994 3017 parocbia
1019 2926 1063 2997 de
1090 2926 1304 2998 Skatrina
1331 2927 1409 3013 sita
1435 2927 1533 2996 carias
1560 2928 1756 3017 proprietas
1783 2926 1828 3018 ad

279 3044 528 3117 monasterium
554 3044 826 3141 Zayercynense
852 3046 1014 3137 pertinet
1058 3047 1099 3117 ln
1127 3068 1196 3138 qua
1221 3053 1276 3119 est
1302 3064 1391 3118 anus
1424 3052 1562 3118 tantam
1589 3047 1711 3119 laneus
1736 3068 1827 3118 ome

181 3265 186 3269 ι
278 3164 432 3243 thalalis
456 3167 579 3256 ot-qni
606 3165 712 3239 solvit
738 3217 906 3237 .......
919 3178 950 3256 ,,’
969 3164 1052 3238 item
1079 3188 1153 3258 ora
1172 3168 1284 3239 solvit·
1301 3167 1466 3258 triginta,
1493 3167 1576 3239 item
1602 3168 1714 3257 gallos
1740 3169 1827 3240 dnos

278 3285 393 3377 solvit,
418 3285 503 3358 item
528 3306 661 3363 casem.
676 3287 773 3377 duos,
799 3288 884 3359 item
902 3280 1010 3377 labor,
1037 3289 1123 3360 mem
1142 3286 1338 3383 peccabam·
1362 3288 1446 3359 item
1472 3304 1630 3383 oaszyepa3
1664 3289 1747 3359 item
1775 3294 1827 3359 ta-

275 3407 756 3498 comtemnendam
784 3409 868 3481 item
899 3410 1079 3499 praedium
1115 3409 1315 3489 coenobiale
1349 3431 1418 3480 non
1445 3395 1500 3480 est
1524 3408 1574 3479 in¹
1587 3408 1708 3480 eadem
1734 3409 1827 3498 villa,

280 3531 360 3601 item
388 3530 621 3602 molendinum
648 3552 725 3602 non·
744 3537 799 3602 est
824 3531 860 3602 in
887 3507 1005 3603 e'adcm
1034 3530 1127 3603 villa
1154 3532 1242 3602 Item
1268 3531 1312 3604 de
1330 3531 1489 3603 omnibus
1516 3529 1611 3620 agris
1638 3530 1741 3603 villae
1758 3531 1827 3603 sol-
1909 3522 1912 3533 '

278 3651 373 3724 riter
398 3651 664 3738 etcondncitur
690 3652 824 3723 decima
850 3653 1077 3745 manipularis
1103 3658 1140 3724 et
1155 3653 1341 3743 ‘canapalis
1368 3671 1432 3743 pro
1451 3652 1582 3723 vicaria
1608 3651 1826 3742 praebendae
1901 3734 1904 3752 Ι

278 3770 528 3862 Oracoriensia
554 3793 644 3864 quae
671 3773 818 3846 vobatm
843 3763 1151 3865 Bossznthowska,
1176 3781 1214 3846 et
1239 3774 1338 3846 valor
1364 3774 1440 3846 eius
1461 3773 1667 3846 aestimatur
1692 3772 1737 3844 ad
1756 3779 1828 3845 tres

278 3912 422 3983 aarum
449 3892 635 3984 aliqumdo
662 3893 707 3967 ad
724 3896 886 3987 ¹quinque
911 3915 1056 3967 marcac
1355 3953 1359 3959 .
1400 3948 1408 3957 .

323 4040 329 4075 ·.
381 4056 551 4087 ι..,.-..
578 4015 662 4088 villa
688 4016 754 4106 sub
778 4017 947 4106 parochia
971 3992 1051 4089 de'.
1070 4069 1078 4087 .
1097 4072 1105 4088 .
1124 4017 1265 4107 .·.-sita,·
1290 4017 1389 4088 caius
1414 4015 1612 4106 proprietas
1639 4015 1684 4086 ad
1711 4036 1828 4087 mona

278 4137 420 4209 smmum
447 4136 720 4229 Zayerrynense
747 4138 908 4228 pertinet.
951 4138 1001 4209 In·
1019 4158 1090 4230 qua
1114 4131 1197 4210 sunt
1221 4139 1313 4210 lanei
1340 4138 1592 4226 cmetlronalea‚
1618 4142 1656 4208 et
1682 4138 1829 4228 quilibet

279 4259 383 4331 solvit
401 4312 517 4349 .....
543 4259 731 4348 item'ova,
758 4260 842 4360 item
867 4260 987 4350 gallos,
1015 4261 1097 4332 item
1127 4280 1256 4350 caseos,
1283 4260 1366 4331 item
1392 4258 1501 4349 labor,
1528 4259 1613 4330 item
1633 4257 1828 4352 poscebam,
1974 4245 1978 4254 ’

273 4380 360 4452 uem
383 4401 514 4476 oaayop.
558 4380 645 4452 Item
663 4386 753 4469 post
777 4400 897 4453 omnes
932 4402 1036 4472 agros
1073 4381 1179 4453 villae.
1211 4381 1350 4454 solvant
1375 4385 1413 4453 et
1438 4378 1635 4452 conducunt
1660 4379 1827 4451 decimam

277 4500 527 4591 manipularem
553 4507 590 4573 et
614 4500 824 4592 canapalem.
842 4555 849 4571 .
868 4554 877 4573 .
948 4554 983 4573 ..
1900 4573 1905 4582 ,

380 4621 616 4712 διοπετεῖ,
649 4622 736 4694 suilla
761 4623 861 4695 iaxta
887 4622 1068 4695 Vislam
1099 4622 1240 4695 fluvium
1266 4621 1343 4693 sita
1368 4620 1427 4692 ··In
1455 4639 1525 4712 qua
1550 4620 1724 4711 quondam
1760 4618 1836 4692 luit

210 4748 215 4753 '
275 4743 363 4814 cella
383 4731 643 4834 Zwerzynensis
669 4744 879 4833 monasterii,
907 4750 943 4816 et
970 4744 1117 4815 ecclesia
1142 4744 1274 4834 lignea,
1309 4743 1346 4815 in
1374 4763 1443 4834 qua
1468 4741 1596 4815 batres
1623 4741 1825 4811 monasterii

276 4863 320 4935 de
345 4864 711 4956 Zwyerzynyecz
738 4865 872 4937 ordinis
898 4866 1248 4956 praemonstratensis
1275 4865 1497 4953 habitabant;
1522 4861 1585 4934 sed
1612 4862 1695 4934 villa
1721 4883 1820 4952 prae-

275 4985 348 5056 lata
374 4991 411 5056 et
436 5006 458 5056 a
484 4986 694 5058 monasterio
721 4985 986 5079 Zwyerzynensi
1021 4985 1200 5058 abstracta
1225 4991 1262 5057 ct
1288 4985 1440 5058 alienata
1465 4989 1536 5073 est,
1564 4991 1601 5057 et
1626 4984 1663 5056 in
1690 4984 1825 5055 desola·
1973 5077 1977 5084 μ

278 5106 408 5177 tionem
445 5113 551 5198 atque
584 5106 752 5181 ditionem
786 5107 920 5198 regiam
953 5106 1105 5180 redacta
1148 5105 1220 5181 Fat-
1241 5112 1359 5181 umen
1394 5106 1467 5179 illic
1492 5112 1531 5180 et
1555 5108 1592 5179 in
1618 5106 1709 5179 banc
1735 5104 1825 5176 diem

279 5227 479 5316 oratoriam,
507 5228 572 5299 snb
599 5229 730 5299 honore
757 5226 928 5300 Jolrannis
955 5227 1137 5318 Baptistae
1163 5226 1329 5316 dicatam,
1356 5226 1400 5297 ad
1427 5227 1520 5318 qaod
1546 5225 1764 5316 popularium
1792 5230 1828 5295 et

279 5348 483 5419 vicinorum.
505 5368 570 5438 pro
605 5348 662 5419 die
690 5348 807 5420 Sancti
842 5340 1012 5422 lobannis
1047 5348 1231 5438 Baptistae
1265 5343 1365 5419 inita
1399 5353 1574 5420 vetustam
1609 5351 1646 5418 et
1676 5345 1825 5435 priscum
1961 5389 1963 5391 -

264 5488 427 5558 morem,
466 5488 531 5560 pro
561 5469 773 5541 celebritate
796 5475 833 5542 et
858 5468 1084 5560 indulgentiis
1118 5468 1213 5540 illins
1247 5467 1336 5558 diei,
1371 5470 1541 5540 maximas
1567 5467 1606 5538 lit
1632 5474 1848 5538 concursus

277 5588 345 5660 Est
370 5590 474 5660 edam
500 5590 537 5660 in
564 5589 640 5662 loco
665 5589 866 5681 praedictae
901 5590 1004 5662 villae
1040 5609 1182 5680 campus
1208 5608 1370 5679 magnus,
1406 5588 1442 5659 in
1471 5608 1539 5678 qno
1564 5592 1620 5659 est
1645 5587 1826 5678 praedium

277 5709 422 5799 regium,
445 5709 670 5782 ad‘oastram
695 5707 942 5783 Gasimiriense
968 5711 1102 5802 regiam
1129 5709 1324 5801 pertinens,
1365 5708 1409 5780 de
1435 5708 1543 5781 caius·
1559 5709 1654 5799 agris
1680 5707 1827 5780 solvitur
1928 5771 1931 5780 .

279 5828 412 5901 decima
438 5829 663 5919 manipularis
690 5830 854 5902 ecclesiae
878 5830 1073 5922 parochiali
1099 5831 1135 5901 in
1159 5829 1410 5907 Kazimirz.
1629 5851 1632 5859 ·

382 5949 601 6021 Wrnrazaa
627 5969 738 6042 sons,
764 5950 850 6022 villa'
874 5952 941 6023 sab
957 5951 1124 6042 parocbia
1149 5948 1196 6022 de
1220 5950 1492 6042 Skowyszin
1519 5951 1600 6021 olim
1623 5950 1702 6037 sita,
1729 5949 1827 6021 cuias

279 6067 468 6142 dominium
494 6070 539 6141 ad
564 6071 812 6143 monasterinm
825 6070 1075 6164 Zwemynense
1101 6078 1138 6144 et
1161 6072 1206 6143 ad
1233 6072 1355 6144 cellam
1382 6071 1425 6143 de
1452 6071 1721 6162 Skowyszin
1748 6090 1827 6161 per·-

279 6191 432 6279 tinebat3
468 6190 530 6263 sed
557 6192 735 6264 abstracta
761 6198 816 6264 est
842 6198 880 6265 et
904 6191 1058 6263 alienata
1084 6184 1113 6262 a'
1130 6192 1351 6282 monasterio,
1378 6198 1415 6264 et
1440 6192 1475 6261 in
1503 6191 1675 6263 ditionem.
1695 6193 1827 6283 regiam

280 6310 432 6402 redacta
459 6317 495 6383 et
523 6312 687 6404 oppidum
714 6312 951 6386 Karimirz
976 6313 1012 6385 in
1038 6332 1081 6383 ca
1106 6310 1256 6384 locatam
1270 6319 1347 6403 -est,
1386 6320 1423 6384 et
1449 6312 1593 6384 ecclesia
1620 6314 1828 6408 parochialis

1614 6428 1617 6433 '
1642 6426 1665 6463 lle
