4217 8059
284 1465 359 1539 288

287 1694 376 1744 unus
402 1676 506 1745 bomo
534 1675 576 1744 de
603 1675 712 1763 laneo,
740 1677 932 1766 colligendo
968 1676 1105 1749 foenum
1133 1682 1272 1748 tenetur
1297 1678 1474 1765 laborare,
1502 1677 1552 1748 ita
1576 1683 1710 1766 tamen,
1727 1680 1830 1769 quod

285 1794 451 1864 medietas
488 1795 590 1865 villae
625 1782 779 1885 laborat,
816 1796 984 1868 medietas
1021 1804 1132 1869 vacat.
1171 1799 1258 1868 Item
1292 1798 1490 1887 obligantur
1525 1797 1569 1868 ad
1596 1799 1766 1870 ducturas·
1786 1820 1839 1877 ex„

285 1912 405 1983 ordine
434 1914 479 1984 ad
505 1915 674 1986 rationem
702 1916 845 1987 dierum.
874 1911 961 1987 [te'm
988 1938 1057 1988 non
1085 1924 1140 1987 est
1166 1918 1214 1988 ibi
1241 1918 1356 2008 aliqua
1374 1919 1529 1989 taberna.
1556 1919 1642 1989 ltem
1661 1939 1729 1988 non
1749 1926 1830 1990 sunt

284 2033 510 2111 hortulaniae.
537 2034 624 2105 Item
645 2037 850 2108 cmetbones
877 2042 1041 2107 tenentur
1068 2037 1111 2106 ad
1139 2046 1322 2127 utramque
1342 2036 1535 2131 poscebam,
1563 2038 1723 2109 videlicet
1745 2040 1828 2129 bye-

285 2152 423 2223 malium
451 2155 500 2224 et'
513 2156 728 2226 aestivalium
756 2156 1016 2227 frumentorum.
1043 2157 1130 2226 Item
1158 2156 1200 2227 de
1227 2158 1322 2246 agris
1337 2136 1451 2227 ‘villae
1477 2158 1656 2246 praefatae
1683 2158 1829 2231 solvitur

284 2273 416 2343 decima
444 2275 676 2365 manipularIS,
703 2283 739 2346 et
764 2297 827 2366 per
854 2282 1002 2366 quatuor
1028 2262 1166 2366 ierugas
1194 2277 1377 2367 canapalis,
1404 2276 1464 2347 sed
1482 2277 1737 2348 diversificatur
1752 2280 1827 2350 eius

174 2414 176 2419 ·
283 2395 479 2484 percepti03
516 2416 593 2465 nam
630 2396 673 2466 de
706 2397 891 2468 medietate
927 2417 1088 2486 agrorum
1126 2397 1217 2467 tollit
1252 2419 1327 2467 eam
1355 2398 1553 2486 praebenda
1579 2397 1827 2488 cracoviensis,

284 2533 372 2602 quae
400 2515 596 2605 appellatur
623 2515 927 2606 Sthanyateczslra,
954 2523 990 2588 et
1016 2516 1114 2600 valor
1140 2517 1214 2587 eius
1232 2519 1436 2587 aestimatur
1453 2517 1498 2587 ad
1517 2524 1673 2607 quatuor
1684 2538 1828 2621 marcas,

283 2653 346 2722 pro
374 2635 483 2705 altera
518 2656 601 2706 vero
637 2636 821 2707 medietate
858 2636 951 2708 tollit
987 2657 1061 2707 eam
1090 2637 1235 2707 ecclesia
1261 2636 1470 2726 parochialis
1497 2644 1533 2707 et
1560 2638 1633 2708 eius
1661 2639 1839 2727 plebanus-

283 2755 318 2824 in
347 2755 596 2845 Brzeszye,
623 2765 664 2833 et¹
697 2757 796 2827 valor
829 2757 904 2827 eius
940 2757 1145 2828 aestimatur
1171 2757 1215 2826 ad
1243 2766 1315 2827 tres
1342 2777 1476 2827 marces
1499 2778 1578 2828 cum
1606 2757 1766 2847 dimidia,
1792 2766 1830 2829 ot

284 2875 448 2946 iuducunt
475 2897 550 2947 eam
578 2877 775 2948 cmetbones
802 2884 838 2948 et
864 2898 927 2966 pro
955 2878 1101 2966 plebano
1120 2882 1156 2948 et
1175 2877 1337 2948 canonico
1355 2878 1391 2947 in
1410 2877 1536 2948 horrea
1556 2898 1695 2965 per-eos
1713 2878 1828 2949 lucan·

283 2995 336 3064 da.
372 2995 457 3066 Item
494 2996 529 3066 in
557 2996 676 3067 eadem
712 2997 794 3067 villa
821 3019 889 3068 non
917 3003 971 3068 est
998 2997 1177 3086 praedium
1206 2996 1421 3084 coenobiale,
1448 3017 1560 3086 neque
1587 2996 1830 3071 molendinum.

282 3114 369 3185 Item
397 3116 558 3205 praelata
584 3106 667 3188 villo
693 3117 844 3188 confinat
862 3138 937 3188 cum
957 3117 1049 3187 villis
1077 3116 1309 3206 Zalrrzovv,
1327 3116 1829 3207 Zakrzowyeczffiago·

281 3255 366 3323 rze,
393 3236 655 3308 Bodzanow.

387 3354 619 3445 Ocnuanovv,
648 3357 731 3428 villa
758 3357 822 3428 sub
850 3357 1015 3447 parocbia
1042 3358 1085 3427 de
1113 3356 1370 3427 Bodzanow
1398 3357 1481 3445 sita,
1509 3358 1606 3427 cuius
1633 3359 1828 3447 proprietas

281 3483 317 3545 et
333 3475 531 3547 dominium
559 3476 603 3547 ad
629 3477 874 3547 monasterium
911 3477 1221 3548 sanctimonialium
1250 3477 1284 3547 in
1313 3477 1641 3567 Stbanyatblry
1668 3479 1828 3565 pertinet.

282 3594 321 3664 In
350 3616 417 3685 qua
453 3602 535 3667 sunt
570 3602 647 3667 octo
684 3597 775 3667 lanei
811 3597 1064 3685 cmethonales,
1092 3605 1127 3667 et
1154 3597 1298 3687 quilibet
1335 3597 1454 3667 laneus
1490 3597 1595 3668 solvit
1623 3617 1686 3686 pro
1712 3617 1828 3669 annuo

282 3735 386 3786 censu
414 3716 672 3806 quatuordecim
700 3722 838 3805 scottos,
866 3719 949 3787 item
976 3718 1064 3789 duos
1089 3738 1249 3807 capones,
1277 3718 1359 3789 item
1387 3717 1510 3806 viginti
1538 3738 1612 3806 ova,
1640 3718 1721 3787 item
1739 3716 1827 3789 duos
1855 3778 1858 3782 ,
1903 3784 1906 3790 .

282 3857 412 3924 cuseos,
440 3838 521 3907 item
550 3858 612 3927 pro
626 3835 810 3931 'myodouoe
836 3838 976 3908 solvunt
1012 3837 1055 3908 de
1083 3837 1238 3927 quolibet
1265 3837 1366 3917 laneo
1391 3858 1454 3926 per
1481 3838 1629 3909 medium
1656 3858 1827 3941 grossum,

282 3959 364 4027 item
392 3978 552 4050 oprouoae
577 3958 682 4027 etiam
709 3957 857 4027 medium
884 3978 1063 4046 grossum,
1090 3958 1173 4029 item
1201 3958 1346 4047 quilibet
1372 3958 1507 4028 cmetluo
1535 3964 1674 4027 tenetur
1692 3948 1830 4029 solvere

281 4076 368 4147 duos
404 4098 512 4147 coros·
539 4098 670 4148 avenae
706 4098 886 4149 mensurae
920 4078 1158 4149 Oracoviensis
1195 4078 1389 4163 confertae3
1424 4078 1507 4147 item
1535 4079 1576 4147 in
1597 4060 1717 4148 eadem
1744 4058 1830 4149 villa

280 4203 361 4266 sunt
387 4196 475 4273 duae
502 4197 653 4286 piscinae
681 4197 791 4268 bonae
818 4197 1043 4293 coenobiales.
1080 4197 1165 4268 Item
1195 4198 1393 4269 cmetluones
1420 4199 1471 4268 dew
1490 4199 1590 4268 laneo
1618 4202 1780 4269 tenentur
1801 4219 1829 4268 -a

277 4315 367 4388 oso
395 4316 511 4387 Sancti
538 4317 729 4405 Michaelis,
757 4318 800 4388 ad
827 4317 952 4388 festum
980 4317 1098 4389 Sancti
1125 4317 1304 4405 „lobannis
1322 4325 1395 4388 tres
1413 4318 1487 4388 dies
1505 4317 1666 4395 laborare
1684 4319 1828 4407 proprio

279 4456 383 4508 curru
410 4448 471 4508 aut
497 4444 624 4525 aratro,
651 4459 673 4507 a
698 4438 787 4509 festo
815 4459 898 4508 vero
926 4438 1043 4508 Sancti
1071 4438 1250 4525 Iohannis,
1278 4437 1321 4508 ad
1349 4438 1473 4508 festum
1500 4438 1616 4517 Sancti
1635 4436 1828 4526 Michaelis,

145 4531 150 4546 ⁸
269 4563 442 4629 ‘tenentur
456 4557 623 4655 quolibet
650 4558 706 4628 die
733 4558 899 4646 laborare,
929 4566 1070 4647 praeter
1096 4558 1186 4629 diem
1216 4559 1361 4645 sabbati,
1390 4559 1425 4627 in
1445 4579 1511 4648 quo
1531 4568 1645 4628 tamen
1664 4558 1707 4628 de
1725 4557 1827 4629 laneo

277 4668 365 4748 unus
392 4679 493 4749 bomo
521 4685 660 4749 tenetur
694 4678 873 4766 laborare,
901 4679 1037 4749 foenum
1066 4678 1274 4768 colligendo,
1288 4679 1352 4748 ita
1378 4687 1512 4765 tamen,
1541 4679 1632 4767 quod
1660 4678 1828 4749 medietas

277 4799 379 4869 villae
406 4798 553 4886 laborat,
578 4798 747 4899 medietas
774 4805 883 4868 vacat.
913 4798 996 4867 Item
1025 4804 1174 4867 estune
1201 4798 1347 4867 taberna
1374 4798 1504 4868 habens
1524 4819 1635 4887 agros
1654 4816 1741 4887 quae
1759 4817 1824 4886 pro

277 4938 391 4988 annuo
418 4939 522 4988 censu
551 4918 655 5003 solvit
681 4918 891 4988 monasterio
917 4917 1003 4987 duas
1030 4938 1172 4987 marcas.
1201 4917 1285 4986 Item
1315 4925 1395 4987 sunt
1420 4924 1493 4988 tres
1520 4918 1735 4987 hortulaniae
1764 4917 1827 4987 ba-

277 5036 397 5108 bentes
433 5058 554 5126 agroS,
591 5046 627 5108 et
663 5037 838 5127 quaelibet
874 5037 979 5107 solvit
1014 5058 1077 5126 pro
1114 5056 1227 5107 annuo
1256 5056 1359 5106 censu
1388 5058 1492 5107 unum
1519 5036 1705 5124 fertonem,
1741 5036 1826 5108 item

276 5156 414 5227 laborat
440 5178 544 5227 unum
572 5158 663 5229 diem
691 5156 852 5248 pedester
879 5158 923 5227 in·
942 5157 1143 5247 septimana.
1170 5157 1256 5227 Item
1285 5166 1356 5226 tam
1385 5158 1594 5244 cmetluones,
1621 5158 1826 5227 tabernator

174 5340 177 5351 .
276 5283 313 5347 et
339 5276 524 5364 hortulani,
552 5283 715 5348 tenentur
742 5277 788 5347 ad¹
813 5283 993 5367 utramque
1017 5275 1207 5374 porooburn,
1220 5277 1441 5365 -byemalium
1469 5276 1630 5347 videlicet
1657 5284 1693 5346 et
1719 5276 1826 5348 aesti-

276 5396 414 5469 valiniii.
453 5398 540 5468 Item
577 5397 708 5468 faciunt
743 5398 910 5468 ducturas
934 5398 976 5466 ad
1004 5397 1173 5466 rationem
1201 5397 1344 5467 (ibrum.
1385 5396 1472 5466 Item
1500 5403 1554 5467 est
1581 5395 1759 5484 praedium
1789 5397 1826 5475 iu
1885 5394 1888 5399 ’

271 5510 358 5588 effla
382 5518 540 5608 praelata
566 5518 653 5589 satis
680 5518 816 5604 bonum,
844 5517 886 5588 de
913 5517 1010 5587 cuius
1038 5517 1131 5604 egris
1159 5518 1405 5587 monasterium
1433 5517 1467 5586 in
1495 5515 1828 5606 Stbanyatblry

192 5722 194 5729 Ι
275 5637 424 5726 percipit
450 5637 616 5708 decimam
644 5638 901 5727 manipularem,
930 5643 966 5707 et
992 5658 1067 5706 eam
1095 5638 1129 5707 ln
1158 5637 1318 5707 horreum
1347 5646 1445 5707 snum
1470 5636 1610 5706 inducit.
1638 5635 1725 5706 Item
1752 5641 1825 5705 tam

275 5757 351 5846 agri
378 5758 607 5841 emethonum‚
634 5758 867 5829 tabernatoris
889 5762 925 5828 et
942 5757 1204 5828 hortulanorum
1225 5758 1362 5828 solvunt
1380 5755 1828 5846 decimammanipnlarem,

256 5884 312 5979 ¹et
346 5897 409 5966 per
446 5884 594 5967 quatuor
628 5877 766 5966 ierugas
802 5878 1018 5967 canapulem,
1046 5879 1263 5967 praebendae
1299 5877 1537 5963 cracoviensi,
1566 5897 1654 5966 quae
1680 5880 1828 5970 pocatut

275 5994 534 6084 Goszcziczalra,
562 6003 598 6067 et
623 6003 787 6068 tenentur
814 6017 889 6067 cam
917 5999 1049 6068 incolae
1078 5999 1228 6087 propriis
1248 5998 1405 6067 curribus
1426 5996 1586 6066 inducere
1604 5996 1639 6066 in
1660 5996 1826 6073 borreum

275 6137 296 6185 a
323 6117 490 6189 conculco
516 6116 708 6204 locandum,
734 6124 771 6188 et
797 6117 894 6200 valor
921 6118 995 6188 eius
1023 6119 1229 6188 aestimatur
1255 6117 1298 6186 ad
1326 6122 1403 6187 octo
1430 6122 1573 6186 marcas.
1609 6115 1697 6186 Item
1723 6134 1836 6204 prae·

273 6234 346 6307 leta
372 6234 456 6306 villa
482 6237 632 6308 continet
658 6259 733 6309 cum
756 6238 851 6310 »villis
879 6238 1111 6323 Zakrzow,
1140 6237 1397 6325 Wagercze,
1426 6237 1771 6325 Zakrzowyoce.

284 6374 288 6403 ³
387 6356 578 6448 Znoonza,
615 6339 698 6430 villa
731 6359 795 6429 sub
826 6358 996 6447 parocbia
1031 6356 1196 6427 ecclesiae
1232 6356 1275 6428 de
1311 6356 1565 6428 Bodzanow
1602 6357 1707 6444 sita,
1723 6355 1827 6427 cuins
