4217 8059
1754 1508 1805 1580 aa

206 1738 214 1753 ·
255 1698 343 1781 uuo
370 1706 729 1803 notamen-adurebat
747 1708 1018 1798 commoditates,
1037 1712 1152 1783 omnia
1168 1713 1254 1783 haec
1272 1713 1432 1784 debonis
1450 1735 1589 1785 mensae
1604 1715 1809 1806 episcopalis

251 1824 506 1931 Graooviepsis,
533 1834 570 1900 et
595 1849 764 1901 consensu
783 1831 1024 1920 capitularium
1043 1830 1322 1903 Cracovieusium
1340 1832 1534 1922 accedente,
1553 1834 1668 1924 donat,
1686 1835 1808 1907 inscri-
1839 1924 1842 1929 y

256 1950 310 2021 bit
344 1955 381 2020 et
416 1948 590 2055 assignat,
626 1945 703 2021 eaui
738 1949 972 2023 conditionem
1008 1957 1044 2023 et
1080 1973 1168 2023 ouus
1203 1953 1370 2025 fratribus
1397 1960 1433 2025 et
1460 1954 1624 2044 hospitali
1650 1955 1807 2045 praefato

258 2072 457 2160 imponens,
483 2077 524 2142 ut
548 2070 715 2143 fratribus
743 2072 946 2145 monasterii
973 2073 1122 2163 praefati
1149 2075 1191 2145 de
1219 2074 1430 2164 Wienna,
1458 2097 1499 2145 cx
1529 2075 1653 2165 quibus
1680 2078 1809 2166 sumpti

259 2195 296 2262 et
320 2193 478 2281 generati
503 2190 651 2282 fuerant,
677 2213 781 2264 unam
808 2214 959 2265 marcam
985 2194 1212 2284 polonicalom
1240 2196 1275 2266 in
1303 2196 1438 2285 signum
1466 2196 1683 2268 obedieutiae
1709 2198 1808 2269 anuis

258 2312 515 2403 singulis-dare
541 2318 735 2385 teneantur.
761 2314 911 2386 Duravit
937 2322 1053 2387 autem
1080 2316 1252 2406 hospitale
1279 2316 1481 2406 praefatum,
1510 2337 1552 2388 ex
1579 2338 1648 2408 quo
1666 2338 1688 2389 a
1706 2338 1808 2408 prae·

258 2432 331 2506 fato
365 2434 507 2527 Ivoue
543 2435 706 2525 episcopo
740 2434 960 2508 cracoviensi
997 2435 1176 2508 fundatum
1213 2444 1249 2509 et
1280 2437 1436 2509 dotatum
1463 2443 1534 2526 ast,
1560 2437 1597 2509 in
1622 2438 1698 2510 loco
1725 2459 1808 2511 suae

262 2541 488 2645 originariae
505 2553 719 2628 fundationis
755 2557 791 2628 iu
827 2556 1085 2646 Praudnik,
1122 2559 1222 2630 annis
1258 2565 1407 2648 quatuor
1434 2565 1471 2630 et
1498 2558 1641 2649 viginti3
1668 2558 1807 2631 taudem

260 2683 377 2749 autom
411 2674 683 2761 P‘randotba
718 2677 760 2748 de
787 2678 818 2748 B
828 2679 902 2767 yal
912 2699 1093 2768 yaczow
1120 2678 1359 2752 Oracoviensis
1387 2681 1588 2771 episcopus,
1617 2679 1660 2751 de
1688 2680 1808 2751 eadem

258 2797 389 2868 familia
415 2803 450 2868 et
475 2778 658 2889 inobilitato
684 2818 754 2888 qua
780 2805 816 2869 et
841 2798 940 2888 lvo,
966 2797 1128 2871 videlicet
1154 2800 1196 2872 de
1222 2799 1546 2891 Odrovanseb,
1572 2801 1810 2891 pontificatum

258 2917 520 2990 Graoovieusem
547 2938 624 2989 curn
650 2920 903 3008 assumpsisset,
930 2920 1101 3009 hospitale
1124 2916 1165 2993 'et
1183 2922 1384 2993 coenobium
1403 2921 1598 3011 praefatum
1624 2942 1666 2993 ex
1685 2921 1808 2993 Pran-

259 3040 387 3128 dnik,
423 3039 498 3112 loco
534 3038 710 3130 plerisque
746 3039 937 3113 defectibus
972 3046 1008 3112 ot
1033 3042 1281 3132 gravediuibns
1317 3043 1362 3115 ob
1389 3041 1592 3115 distantiam
1621 3042 1809 3132 longiorem

258 3160 432 3249 involuto,
468 3160 503 3232 in
539 3160 716 3233 civitatem
744 3159 1006 3234 Graooviensem
1042 3183 1133 3235 anno
1159 3163 1299 3234 Domini
1330 3165 1442 3251 1244,
1474 3168 1574 3234 sexta
1600 3162 1656 3234 die
1679 3162 1810 3235 mensis

176 3288 179 3293 '
259 3281 392 3372 Aprilis
418 3280 617 3372 transtulit,
644 3286 681 3353 et
716 3283 895 3354 eeclesiam
922 3282 1154 3373 parochialem
1190 3283 1337 3355 Sanctae
1363 3282 1484 3355 Crucis
1510 3283 1547 3354 in
1574 3283 1701 3374 angulo
1727 3282 1810 3355 eivi-

258 3403 341 3475 tatis
368 3400 608 3476 Graeoviensis
635 3392 911 3492 septentrionali.
933 3405 1054 3493 sitam,
1091 3424 1174 3477 suae
1204 3404 1414 3495 provisionis
1444 3409 1482 3477 et
1507 3404 1809 3494 iurispatronatus,

258 3525 427 3615 magistro
452 3523 616 3613 ilenrico,
643 3531 726 3596 tunc
753 3525 920 3615 magistro
947 3531 984 3596 et
1009 3524 1208 3616 praeposito
1235 3525 1418 3615 hospitalis
1444 3531 1481 3596 et
1502 3524 1670 3612 coenobii,
1680 3529 1725 3595 et
1741 3523 1810 3595 fra

257 3646 382 3735 tribus,
408 3646 593 3736 dotemque
625 3645 841 3744 plebanalem
868 3667 932 3735 pro
959 3648 1145 3735 coenobio,
1171 3653 1208 3718 et
1233 3647 1345 3719 locum
1372 3667 1436 3736 pro
1462 3645 1705 3717 recollectione
1731 3666 1810 3736 ege·

258 3787 398 3855 norum,
425 3787 528 3857 quem
554 3762 739 3839 devotione
765 3767 916 3861 fidelium
948 3788 1047 3839 muro
1074 3767 1231 3839 latericio
1259 3766 1415 3840 videmus
1441 3766 1665 3855 fabricatum,
1692 3787 1810 3837 curam

259 3889 451 3960 animarum
486 3887 524 3959 in
550 3887 755 3979 magistrum
782 3895 818 3960 ot
843 3888 970 3962 fratres
987 3888 1129 3961 ordinis
1156 3888 1418 3978 transfundens,
1446 3887 1611 3977 contulit,
1637 3887 1751 3959 univit
1775 3894 1812 3959 et

257 4009 504 4100 incorporavit
531 4008 686 4099 Recepta
712 4008 855 4099 insuper
880 4011 964 4081 villa
990 4010 1183 4099 Bladow,
1211 4010 1310 4081 iuxta
1337 4009 1477 4083 fluvium
1504 4009 1757 4097 Praemsza,
1775 4014 1812 4081 ot

258 4132 323 4203 sub
348 4131 517 4221 parochia
542 4130 648 4203 villae
673 4128 877 4234 (lbecbel
903 4132 939 4202 in
966 4131 1168 4203 castellania
1195 4131 1445 4203 Slavlmviensi
1472 4130 1689 4219 consistente,
1708 4150 1811 4219 quam
1908 4158 1912 4163 ·

259 4253 338 4325 lvo
364 4253 546 4343 episcopus
573 4250 812 4325 Gracovieusis
837 4256 1050 4329 monasterio
1077 4259 1115 4324 et
1141 4252 1304 4343 hospitali
1321 4250 1602 4327 Prandniczensi
1629 4252 1665 4323 in
1690 4250 1812 4323 funda·

257 4375 353 4446 dona
370 4373 576 4463 contulerat,
593 4377 629 4445 et
647 4393 749 4463 quam
767 4373 988 4463 episcopatus
1006 4373 1246 4446 Cracoviensis
1265 4374 1301 4445 iu
1319 4372 1410 4444 diem
1428 4373 1518 4444 banc
1533 4372 1671 4461 retinet,
1690 4392 1812 4462 parum

259 4495 425 4586 hospitali
450 4500 487 4567 et
512 4493 680 4566 coenobio
707 4494 935 4583 commodosa,
961 4494 1211 4584 manipularem
1238 4494 1406 4566 decimam
1433 4514 1538 4584 super
1563 4492 1812 4580 Praudnilr,
1850 4567 1854 4574 ,

258 4623 339 4708 post
365 4636 468 4707 agros
495 4614 771 4688 molendinorum
798 4615 1046 4705 episcopalium
1082 4622 1120 4687 et
1145 4614 1336 4704 ducalium,
1363 4621 1647 4703 coeterorumque
1674 4614 1813 4684 colono

260 4760 336 4811 rum
363 4739 400 4811 in
426 4737 676 4828 Prandnik,
703 4737 740 4808 in
767 4737 837 4809 vim
864 4738 1128 4826 permutationis
1153 4741 1191 4808 ot
1217 4735 1353 4826 cambii,
1371 4737 1435 4809 snb
1454 4734 1701 4808 ratihabitione
1719 4734 1812 4824 oapi·

259 4861 324 4932 tuli
359 4858 601 4947 cracoviensis
643 4858 835 4948 inscripsit:
874 4857 942 4930 Sed
978 4879 1055 4930 eum
1091 4842 1302 4949 permutatio
1338 4857 1549 4929 monasterio
1585 4855 1742 4947 praefato
1778 4862 1814 4928 et

259 4981 428 5072 magistro
456 4980 590 5052 ordinis
628 4984 664 5050 et
690 4979 811 5052 domus
839 4979 1016 5071 praefatae
1044 4960 1297 5070 Gozsalko,
1324 4979 1386 5052 sed
1412 4985 1449 5051 et
1474 4977 1583 5053 Paulo
1609 4978 1653 5050 de
1680 4977 1810 5049 Pras·
1930 5032 1936 5038 .

196 5149 201 5163 ·
260 5103 462 5174 mankow
498 5099 722 5173 Cracoviensi
758 5103 937 5192 episcopo,
964 5123 1006 5174 es
1033 5101 1164 5172 familia
1191 5120 1279 5191 quae
1307 5119 1344 5170 se
1371 5098 1634 5172 Polukosza
1660 5098 1814 5189 appellat

260 5231 349 5313 orto,
375 5223 674 5294 Prandothae
701 5222 898 5294 immediate
925 5222 1133 5312 succedenti,
1160 5244 1228 5293 non
1257 5221 1343 5293 satis
1370 5241 1482 5312 aequa
1509 5220 1694 5309 videretur,
1712 5219 1812 5292 Pau-

260 5344 332 5416 lus
359 5345 435 5434 ipse
462 5345 643 5434 episcopus
664 5343 967 5435 imperfectionem
993 5345 1104 5434 ipsam
1132 5345 1365 5434 suppleturus,
1393 5343 1438 5414 ad
1465 5342 1644 5414 decimam
1658 5341 1813 5430 manipn-

251 5465 368 5538 ‘larem
394 5465 596 5556 praefatam,
615 5485 731 5537 aream
758 5472 794 5535 et
819 5467 932 5538 locum
958 5465 1144 5536 molendini
1173 5466 1257 5537 dicti
1272 5465 1518 5555 episcopatus,
1543 5481 1623 5534 cum
1648 5460 1722 5535 toto
1750 5483 1812 5533 suo

260 5588 449 5676 territorio,
476 5607 553 5658 cnm
580 5586 692 5676 pratis
717 5586 786 5657 iam
813 5587 959 5659 excultis
985 5594 1022 5658 et
1047 5586 1260 5676 excolendis,
1287 5591 1425 5657 etcum
1454 5584 1612 5657 omnibus
1639 5577 1840 5685 pertinen-0

261 5708 321 5779 tiis
341 5715 385 5779 et
409 5685 648 5797 utilitatibus,
668 5707 737 5779 sita
773 5708 875 5780 luter-
894 5709 1127 5781 molendinum
1153 5708 1198 5780 de
1224 5707 1494 5800 Zyelyoulcy
1520 5711 1557 5778 et
1578 5704 1813 5793 molendinum

260 5829 550 5917 theutonicorum,
578 5829 712 5919 integre
740 5834 776 5900 et
803 5831 933 5920 absque
960 5830 1031 5900 ulla
1058 5830 1285 5901 diminutione
1312 5832 1388 5902 iure
1416 5827 1650 5900 haereditario
1677 5827 1713 5896 in
1732 5845 1811 5914 per·

262 5954 403 6039 potuum
430 5948 649 6040 possidenda,
678 5951 830 6039 capitulo
857 5950 1079 6023 Oraeoviensi
1106 5951 1418 6039 ratificauteanno
1436 5949 1576 6020 Domini
1598 5948 1695 6019 1268
1716 5951 1814 6016 sexto

263 6070 340 6142 idus
365 6070 440 6142 Mai
467 6070 602 6147 addidit
627 6077 664 6143 et
688 6071 886 6160 inscripsit3
913 6070 957 6142 de
984 6071 1109 6161 quibus
1137 6071 1296 6142 omuibus
1323 6070 1570 6141 monasterium
1588 6074 1625 6138 et
1642 6066 1814 6155 hospitale

262 6191 379 6281 Sancti
415 6191 566 6281 Spiritus
601 6193 639 6264 in
665 6191 897 6265 Oracovia
922 6190 1136 6281 praefatum,
1163 6191 1338 6262 evidentis
1364 6190 1506 6266 retinet.
1523 6186 1724 6277 privilegia,
1750 6207 1814 6277 per

263 6334 326 6385 nos
351 6314 450 6404 visa,
464 6317 742 6411 et‘muninuenta
767 6313 891 6404 sigillis
918 6303 1119 6403 pontificum
1145 6319 1182 6383 et
1207 6311 1352 6400 capituli
1377 6304 1615 6381 Craooviensis
1641 6309 1815 6385 roborata.

263 6434 304 6506 ln
339 6454 420 6526 qna·
440 6436 585 6528 quidm
616 6436 800 6527 hospitalis
835 6435 1054 6525 fundatione,
1088 6454 1165 6505 non·
1184 6426 1412 6526 pauem'rico,
1442 6430 1504 6503 sed
1539 6430 1633 6508 fidoli
1659 6438 1697 6505 et
1722 6431 1815 6507 iusto
