4217 8059
1744 1477 1813 1546 171

270 1675 387 1747 Sancti
414 1675 569 1746 Martini.
605 1676 690 1746 Item
725 1677 871 1747 taberna
897 1680 951 1747 est
978 1676 1027 1746 ibi
1053 1696 1124 1746 uua
1149 1676 1282 1747 habens
1309 1697 1431 1767 agroS,
1459 1683 1495 1747 et
1522 1678 1625 1749 solvit
1651 1674 1897 1791 decimbp

269 1796 482 1887 pecunialem
518 1798 727 1868 monasterio
763 1795 988 1868 Globuozeusi
1023 1817 1087 1885 per
1114 1817 1174 1867 sex
1201 1801 1421 1886 grossost
1387 1797 1476 1868 Item
1503 1797 1723 1871 hortulauIae
1748 1820 1827 1893 pop·

270 1923 420 1988 suntt
386 1915 474 1988 Item
502 1918 682 2007 praedium
718 1922 772 1988 est
797 1916 847 1987 ibi
873 1917 1011 1989 unicum
1037 1917 1205 2007 militare,
1232 1917 1274 1988 de
1302 1918 1398 1988 cuius
1425 1919 1519 2008 agris
1550 1919 1655 1990 solvit
1639 1924 1698 1989 tur
1726 1918 1821 2011 depe·
1853 1923 1857 1927 ’

270 2044 326 2108 m‘a
352 2038 576 2128 manipularis
611 2039 823 2110 monasterio
850 2036 1095 2128 Globuozeusi,
1122 2043 1158 2109 et
1185 2039 1283 2112 valor
1319 2040 1394 2109 eius
1430 2040 1635 2112 aestimatur
1661 2040 1704 2110 ad
1732 2039 1819 2111 duaa

269 2178 413 2231 mareas.

374 2280 535 2370 Mores,
562 2280 645 2351 villa
680 2281 744 2351 sub
780 2281 945 2370 parochia
978 2258 1144 2352 eeclesiae
1180 2279 1424 2352 Olobuczeusis
1456 2281 1543 2370 sita,
1569 2281 1666 2351 euius
1693 2282 1817 2353 haeres

271 2400 435 2474 Nicolaus
462 2401 712 2496 Mokrzsky
739 2401 865 2473 nobilis
892 2401 935 2472 de
962 2402 1067 2472 armis
1094 2408 1130 2472 et
1156 2400 1287 2472 familia
1312 2399 1561 2472 Junosoha.
1587 2401 1627 2472 Ιιι
1652 2423 1720 2493 qua
1738 2410 1819 2474 sunt

270 2523 417 2612 triginta
442 2522 533 2594 lanei
561 2523 813 2610 memorales,
840 2527 877 2591 et
902 2521 1041 2593 solvunt
1068 2522 1235 2622 decimam
1263 2522 1476 2611 pecuniolam
1503 2523 1714 2593 monasterio
1742 2521 1820 2595 Clo·

270 2644 441 2732 buczensi,
469 2650 505 2714 et
531 2644 677 2733 quilibet
703 2643 823 2714 laneus
859 2663 924 2732 pro
951 2643 1084 2714 decima
1110 2642 1214 2714 solvit
1240 2663 1300 2713 sex
1326 2663 1467 2732 grossos
1493 2643 1623 2714 usualis
1650 2649 1820 2732 monetae,

271 2764 306 2834 iu
333 2785 440 2854 reguo
468 2764 633 2835 Polouiae
660 2765 841 2852 currentia,
869 2784 1002 2834 summa
1028 2762 1112 2835 facit
1131 2768 1278 2853 quatuor
1295 2783 1439 2853 mareas,
1457 2764 1570 2834 miuus
1589 2784 1657 2833 uuo
1676 2762 1820 2835 fertone.

270 2884 356 2955 Item
392 2907 461 2956 uon
493 2892 573 2956 sunt
608 2886 656 2956 ibi
683 2887 868 2973 tabernae,
894 2905 964 2956 nou
993 2891 1075 2955 suut
1099 2882 1328 2955 hortulauiae.
1369 2884 1456 2954 Item
1484 2884 1663 2973 praedium
1687 2890 1746 2955 est
1772 2885 1821 2956 ibi

271 3004 409 3075 unicum
436 3006 594 3095 militare,
622 3005 664 3076 de
692 3007 788 3075 cuius
816 3006 920 3094 agria,
948 3010 987 3075 ut
1013 3005 1047 3074 in
1076 3004 1313 3094 superioribus
1341 3004 1602 3093 praemisimus,
1630 3003 1735 3075 datur
1762 3004 1821 3075 da·

272 3126 360 3195 eima
386 3126 610 3215 manipularis
636 3127 851 3197 monasterio
878 3123 1113 3196 Globuezensi.

375 3246 709 3337 Souasuauoumm,
745 3246 827 3317 villa
862 3246 926 3317 sub
961 3245 1127 3334 parochIa
1162 3245 1328 3316 ecelesiae
1355 3244 1397 3315 de
1424 3244 1715 3317 Globuozsko
1743 3245 1820 3336 sita,

272 3367 369 3437 culus
404 3368 600 3457 proprietas
635 3373 672 3438 et
699 3367 887 3438 dominium
922 3366 966 3436 ad
993 3366 1240 3436 monasterium
1277 3363 1634 3436 (lzaustlroebovIense
1662 3366 1822 3455 pertinet,

273 3508 361 3576 quae
388 3508 451 3577 pro
478 3487 619 3577 decima,
636 3487 852 3577 pecunialem
880 3486 984 3558 solvit
1010 3486 1221 3557 monasterio
1248 3484 1472 3558 clobuczensi
1491 3486 1667 3557 decimam.
1694 3485 1823 3577 inqua

272 3613 353 3679 suut
378 3607 469 3679 lanei
496 3608 737 3697 emethouales,
765 3614 801 3678 et
827 3607 972 3697 quilibet
997 3607 1118 3677 laneus
1145 3607 1252 3677 solvit
1277 3607 1489 3678 monasterio
1516 3605 1741 3678 Globuozensi
1760 3627 1821 3678 sex
1859 3626 1876 3651 a

272 3747 411 3817 grossos
437 3728 569 3799 usualis
596 3729 827 3817 monetalem
855 3749 962 3818 regno
989 3726 1155 3799 Polouiae
1182 3727 1363 3798 currentis.
1390 3728 1477 3797 Item
1505 3727 1672 3798 seoltotus
1692 3733 1745 3797 est
1762 3727 1821 3817 ibi,

274 3850 331 3937 qui
358 3848 463 3919 habet
488 3855 560 3920 tres
588 3850 706 3921 laneos
733 3849 870 3920 liberos.
902 3849 989 3919 Item
1017 3869 1085 3920 uun
1114 3849 1255 3919 suntin
1283 3848 1402 3918 eadem
1430 3847 1513 3918 villa
1538 3849 1725 3938 tabernae,
1752 3870 1821 3920 uon

274 3975 354 4040 sunt
379 3970 608 4059 bortulauiae,
634 3990 704 4041 uon
731 3977 787 4040 est
813 3969 955 4060 aliquod
980 3969 1171 4059 praedium.

375 4089 515 4179 Koara,
543 4091 625 4161 villa
651 4091 715 4161 sub
741 4090 907 4179 parochia
933 4090 1098 4161 eeclesiae
1125 4088 1369 4162 Globuezensis
1397 4090 1474 4178 sita,
1502 4091 1598 4160 ouius
1625 4091 1821 4179 proprietas
1918 4173 1920 4177 v

274 4218 309 4281 et
336 4210 523 4281 dominium
550 4211 594 4282 ad
622 4211 876 4282 serenissimum
903 4210 1067 4281 Polouiae
1095 4230 1211 4299 regem
1239 4211 1399 4300 pertinet,
1424 4230 1511 4299 quae
1531 4210 1638 4280 solvit
1656 4210 1821 4282 decimam

273 4331 486 4420 pecunialem
514 4332 723 4403 monasterio
751 4330 983 4402 Olobuezensi.
1009 4329 1050 4400 Iu
1078 4351 1146 4420 qua
1173 4337 1254 4400 suut
1285 4329 1409 4418 viginti
1437 4351 1526 4400 uuus
1552 4330 1645 4399 lanei
1671 4332 1823 4402 cmetbo·

273 4453 379 4540 malea,
407 4457 442 4522 et
469 4452 615 4542 quilibet
639 4452 759 4522 laneus
796 4451 900 4522 solvit
926 4451 1138 4522 monasterio
1166 4449 1419 4537 Globuezeusi,
1437 4470 1497 4520 sex
1523 4469 1665 4538 grossos
1692 4450 1822 4521 usualis
1874 4422 1880 4445 ’

275 4577 442 4662 monetae,
468 4573 504 4642 in
530 4592 638 4661 reguo
666 4570 831 4643 Polouiae
859 4571 1040 4641 currentis.
1066 4569 1155 4641 Item
1181 4590 1249 4641 nou
1278 4575 1359 4640 sunt
1380 4569 1548 4640 tabernae
1567 4568 1693 4659 regiae,
1711 4569 1822 4641 solum

274 4713 343 4763 una
376 4693 530 4783 scolteti,
566 4713 654 4783 quae
691 4714 760 4764 non
797 4693 903 4762 habet
937 4711 1051 4782 agros.
1091 4684 1178 4762 Item
1205 4711 1273 4761 nou
1300 4695 1383 4761 sunt
1408 4688 1645 4779 hortulauiae,
1672 4711 1741 4762 non
1768 4696 1824 4761 est

274 4813 413 4905 aliquod
441 4815 628 4904 praedium.
654 4814 741 4885 Item
769 4814 885 4885 est-iu
912 4813 1033 4885 eadem
1060 4812 1143 4884 villa
1169 4812 1338 4901 scoltetia,
1365 4811 1497 4883 habeus
1524 4816 1597 4882 tres
1624 4809 1752 4900 laneos,
1779 4810 1848 4903 de·

276 4935 400 5023 quibus
427 4936 532 5007 etiam
559 4936 707 5006 soluitur
733 4934 865 5006 decima
891 4933 1080 5025 pecunialis
1115 4953 1179 5022 per
1205 4954 1265 5005 sex
1292 4953 1434 5023 grossos
1461 4930 1670 5002 monasterio
1697 4929 1824 5003 Globu-

276 5056 398 5127 ozeusi.

380 5175 505 5250 Prima
532 5174 678 5252 lubrica
705 5174 810 5263 terri,
839 5197 927 5268 quae
954 5181 1097 5248 vocatur
1123 5172 1355 5247 Herboldi
1383 5175 1419 5244 iu
1443 5171 1583 5245 flumine
1610 5178 1646 5244 et
1672 5174 1736 5245 sub
1763 5194 1824 5263 pa·

274 5299 394 5370 rochia
420 5300 583 5370 ecelesiae
611 5297 854 5371 Globuczeusis
880 5299 958 5388 sita,
986 5298 1083 5369 culus
1109 5296 1304 5387 proprietas
1323 5295 1366 5366 ad
1385 5295 1641 5383 serenissimum
1659 5293 1824 5365 Polouiae

275 5440 392 5510 regem
419 5427 498 5511 pert
499 5422 588 5492 luet·
555 5422 747 5510 t,habens
773 5440 877 5509 agros
903 5419 1046 5510 aliquos,
1074 5439 1160 5507 quos
1188 5417 1274 5488 serit
1300 5437 1363 5506 pro
1391 5437 1453 5486 suu
1480 5415 1709 5504 proprietate
1737 5433 1824 5502 quaa

276 5549 402 5631 otpro
438 5543 513 5613 iure
548 5541 756 5632 parochiali,
783 5547 819 5612 et
846 5561 909 5630 pro
936 5542 1011 5610 iuro
1039 5538 1192 5610 dealmae
1219 5535 1323 5607 solvit
1360 5535 1569 5606 monasterio
1597 5532 1824 5605 Clobuezeusi

276 5683 414 5733 censum
442 5683 601 5752 annuum,
628 5665 687 5752 qui
713 5668 858 5734 vocatur
883 5657 1045 5750 obbae,
1073 5681 1094 5730 a
1121 5658 1275 5748 qualibet
1301 5657 1402 5727 domo
1430 5676 1535 5727 mrum
1561 5675 1730 5746 grossum.

380 5780 561 5856 Secunde
589 5781 735 5855 labetea
771 5783 886 5883 terri,
916 5803 1003 5874 quae
1039 5785 1183 5852 vocatur
1209 5777 1351 5851 Sarra
1376 5777 1463 5848 alias
1489 5775 1594 5848 Pila
1620 5777 1656 5846 in
1685 5776 1824 5847 flumine

384 6021 513 6097 Tertia
540 6023 685 6098 labriea
713 6023 818 6109 torri,
848 6043 935 6115 quae
961 6028 1108 6093 vocatur
1134 6018 1413 6091 Haukouis
1403 6041 1439 6089 m
1466 6015 1687 6109 flumine..

381 6143 651 6236 Wuasuczow,
687 6145 998 6233 Touerouraszr,
1034 6141 1228 6213 Oearmow
1265 6147 1301 6211 et
1337 6138 1648 6227 erauourczu3
1675 6137 1826 6229 quinque

278 6266 380 6338 villae
416 6268 459 6338 ad
491 6267 746 6339 serenissimum
781 6266 946 6338 Polouiae
973 6284 1091 6355 regem
1117 6263 1348 6354 pertinentes,
1378 6261 1442 6332 sub
1470 6258 1637 6350 parochia
1662 6256 1827 6332 ecelesiae

278 6388 320 6458 de
348 6387 640 6462 Globuezsko
668 6388 763 6460 sitae.
789 6388 831 6482 In
859 6388 983 6478 quibus
1010 6386 1078 6459 etsi
1096 6384 1277 6477 episcopus
1296 6381 1535 6457 GraaoviensIs
1552 6387 1589 6455 et
1606 6400 1725 6453 mensa
1742 6379 1827 6471 eius,
