4217 8059
273 1446 347 1516 438

273 1651 411 1722 abbatis
437 1649 589 1740 implere·
616 1648 851 1737 detractante,
878 1647 1144 1721 Ludovicus
1171 1646 1337 1717 Poloniae
1363 1651 1400 1717 et
1425 1644 1626 1735 Hungariae
1654 1665 1716 1727 rex
1734 1646 1828 1717 iusta

271 1771 507 1863 indignatione
533 1778 568 1840 et
596 1769 745 1858 querelis
771 1768 922 1840 assiduis
948 1768 1151 1857 polonorum
1179 1774 1367 1857 permotus
1391 1765 1615 1839 Gronoviensi
1642 1768 1824 1858 capitaneo

272 1890 560 1980 Sandivogio
596 1890 640 1961 ‹le
666 1889 901 1961 Schubino
936 1888 1094 1977 mandat,
1121 1894 1160 1959 ut
1185 1887 1388 1961 fortalitium
1417 1887 1546 1960 rebelle
1573 1893 1765 1978 expugnet,
1790 1892 1828 1958 et
1915 1914 1919 1921 ¹

215 2092 222 2107 ,
270 2011 441 2083 officinam
469 2011 694 2101 pernitiosam
721 2010 874 2099 dissipet
906 2008 972 2098 Qui
999 2009 1210 2081 iussionibus
1237 2009 1344 2099 regiis
1370 2028 1506 2099 parens,
1533 2029 1553 2080 e
1580 2008 1728 2098 vestigio
1755 2008 1826 2079 for-

269 2132 422 2203 talitium
456 2129 598 2204 Sobel
602 2129 620 2201 f
624 2130 727 2220 lary
763 2148 938 2202 armorum
972 2130 1137 2219 gentibus
1170 2129 1348 2201 obsessum
1384 2135 1577 2219 expugnat,
1602 2136 1639 2200 et
1666 2129 1702 2200 in
1727 2148 1825 2201 suam

271 2253 406 2343 redigit.
428 2257 654 2342 potestatem,
682 2256 858 2323 auctorem
887 2269 970 2322 vero
996 2249 1144 2321 falsatae
1171 2255 1331 2321 monetae
1357 2249 1518 2321 iudaeum
1545 2250 1617 2339 igni
1644 2248 1763 2339 tradit,
1789 2255 1827 2320 et

275 2380 347 2445 tam
374 2372 590 2451 fortalitium,
608 2370 885 2462 Schefflary,
905 2391 1007 2462 quam
1026 2371 1190 2462 oppidum
1210 2369 1427 2444 Novifori
1455 2371 1528 2442 sive
1551 2369 1828 2460 Noritbarg,

278 2500 315 2566 et
341 2494 442 2565 villas
469 2493 513 2565 ad
541 2480 627 2564 illud
645 2492 870 2582 pertinentes,
888 2491 1050 2565 videlicet
1068 2490 1278 2581 Dombno,
1304 2490 1612 2583 Ostrowyecz,
1629 2489 1828 2563 Ostrow-

272 2615 372 2705 sko,
399 2613 746 2705 Wylczepolye,
775 2609 1124 2701 Wachszmutb,
1152 2611 1464 2705 Dlugepolye,
1488 2610 1828 2701 Gluccuszoua,

272 2732 874 2826 PorambaMyedzwyedz,
902 2732 1129 2822 Podobin‚
1156 2732 1411 2824 olszowka,
1442 2730 1681 2824 Mszyana,
1706 2732 1827 2822 Qua·

272 2857 413 2946 szina,
439 2853 712 2946 Ogonowlra,
738 2853 811 2925 Sal
840 2855 875 2924 in
894 2853 1232 2944 Rabkamontem
1252 2852 1567 2944 Gorcz‚etalias
1586 2854 1825 2944 possessiones

273 2983 311 3048 et
337 2975 438 3048 uillas
464 2996 487 3047 a
512 2975 723 3052 monasterio
749 2973 977 3047 Ozirziczensi
1005 2975 1188 3064 abstrahit,
1215 2980 1251 3046 et
1277 2974 1360 3046 fisco
1379 2975 1476 3065 regio
1494 2975 1539 3046 ob
1558 2974 1692 3047 facinus
1709 2974 1828 3046 laesae

272 3097 467 3169 maiestatis
492 3095 707 3189 appropriat.
733 3094 853 3166 Abbas
880 3100 995 3167 antem
1023 3094 1270 3167 Ozirziczeusis
1297 3101 1429 3167 tantam
1457 3095 1511 3166 sai
1530 3095 1733 3168 monasterii
1748 3082 1829 3167 mu-

271 3217 464 3290 tilationem
490 3210 697 3306 aversurus,
724 3217 759 3288 iu
786 3215 953 3291 Budam
989 3214 1034 3287 ad
1070 3216 1353 3288 Ludovicum
1389 3235 1506 3305 regom
1534 3236 1572 3287 se
1598 3214 1763 3306 contulit,
1788 3221 1828 3286 et

271 3339 528 3411 restitutionem
553 3336 712 3410 fortalitii
739 3343 775 3409 et
801 3336 961 3411 uillarum
988 3337 1032 3408 ab
1060 3358 1102 3410 eo
1129 3337 1264 3409 enixius
1291 3337 1489 3427 postulavit.
1503 3336 1566 3413 ‚At
1592 3357 1653 3407 rex
1682 3336 1827 3435 Ludo·

272 3461 400 3531 ricus
427 3460 582 3531 beneco
610 3478 762 3549 sperare,
787 3463 824 3528 et
850 3457 886 3529 in
913 3464 1059 3548 penates
1086 3458 1247 3549 proprios
1274 3478 1428 3530 remeare
1455 3459 1560 3547 iusso,
1578 3478 1686 3547 usque
1704 3457 1750 3528 ad
1769 3444 1827 3529 sni

272 3580 405 3652 felicem
442 3582 476 3650 in
508 3578 673 3650 Poloniae
709 3598 852 3669 regnum
880 3577 1066 3651 adveutum
1098 3600 1171 3649 rem
1199 3579 1397 3669 suspendit,
1423 3579 1559 3650 duabus
1584 3577 1829 3649 tantummodo

273 3702 376 3791 villis,
403 3701 566 3775 videlicet
591 3699 858 3772 Ludzimirz
885 3706 922 3771 et
948 3699 1219 3791 Krowszow,
1244 3700 1289 3771 de
1315 3721 1383 3790 quo
1411 3701 1445 3770 in
1465 3700 1678 3771 monasterio
1695 3697 1829 3770 Czirzi-

273 3822 387 3893 czensi
425 3821 597 3892 habentur
623 3820 776 3893 eiusdem
803 3819 1032 3894 Ludovici
1054 3814 1202 3910 'literae,
1228 3821 1423 3910 restitutis;
1448 3820 1511 3892 sed
1537 3821 1603 3892 sub
1630 3820 1690 3890 illo
1718 3820 1829 3891 inter-

275 3942 388 4012 medio
423 3948 460 4012 et
485 3941 594 4014 abbas
621 3939 866 4014 czirziczensis
903 3941 939 4013 iu
974 3938 1153 4014 Poloniam
1190 3941 1386 4032 redeundo,
1413 3941 1505 4033 apud
1532 3940 1831 4013 Sczawuicza

263 4060 519 4139 ‘monasterium
554 4062 608 4133 sui
643 4061 775 4134 ordinis
810 4062 993 4153 languens,
1030 4062 1120 4134 diem
1157 4063 1262 4151 obiit,
1289 4071 1326 4136 et
1352 4063 1617 4136 Ludovicus
1642 4082 1705 4133 rex
1731 4070 1831 4133 anno

238 4183 393 4254 ‘eodem
420 4183 583 4259 fatiscet
609 4191 800 4273 exemptus,
827 4190 972 4275 propter
999 4184 1091 4275 quod
1118 4184 1282 4255 alienatio
1308 4185 1385 4275 ipsa
1410 4183 1571 4255 fortalitii
1596 4189 1634 4255 et
1661 4182 1825 4254 villarum

273 4303 421 4393 amplius
448 4300 604 4401 radicata
630 4310 666 4401 et
701 4304 905 4377 confirmata
939 4303 1015 4377 luit
1054 4303 1248 4375 Succedens
1274 4304 1365 4375 enim
1392 4304 1638 4394 Ludovico,
1665 4268 1828 4413 Y-{Jdi-

273 4426 403 4496 slaus
437 4424 674 4497 Secundus
710 4426 850 4497 natione
876 4425 1046 4499 Litvanus
1072 4424 1238 4497 Poloniae
1264 4445 1345 4514 rex,
1371 4425 1452 4497 dum
1480 4446 1544 4496 nec
1570 4446 1633 4515 per
1658 4414 1826 4511 abbftepr

272 4547 553 4636 Ozirziczensem,
579 4565 643 4618 nee
669 4567 732 4636 per
758 4546 887 4619 milites
913 4546 1076 4619 dedomo
1100 4544 1364 4619 Griffonum
1392 4546 1595 4617 monasterii
1606 4544 1828 4647 fundatores,

272 4668 380 4740 castri
405 4666 641 4741 Schelflar
649 4689 682 4758 y,
709 4666 827 4758 oppidi
854 4666 1086 4758 Novitarg
1111 4672 1149 4739 et
1175 4667 1341 4745 uillarum¹
1362 4674 1541 4758 peteretur
1559 4667 1829 4756 restitutio-aed

272 4810 336 4863 uec
363 4810 425 4880 per
450 4789 647 4863 ordinarios
673 4788 919 4861 cracovienses
946 4796 1135 4880 peteretur,
1159 4790 1309 4881 primum
1336 4796 1488 4861 castrum
1516 4790 1640 4879 ipsum,
1657 4768 1827 4879 oppidum

144 4904 146 4909 ’
272 4919 307 4983 et
335 4911 436 4985 villas
463 4913 499 4983 in
526 4910 661 4985 loribus
688 4917 725 4982 ot
741 4909 899 4983 facilibus
918 4911 1141 5001 pecuniarum
1160 4912 1313 5001 summis,
1331 4911 1499 4985 militibus
1516 4910 1683 4982 Poloniae
1701 4912 1828 4983 inscri-

271 5034 352 5123 psit,
379 5020 523 5104 donavit¹
547 5038 585 5104 et
610 5031 788 5122 obligavit,
815 5052 858 5105 ex
885 5036 965 5124 post
991 5052 1074 5104 vero
1101 5033 1286 5123 plerasque
1314 5031 1425 5123 villas,
1442 5031 1588 5105 credens
1607 5053 1688 5103 suas
1706 5033 1826 5122 regias

273 5162 310 5225 et
337 5154 515 5244 proprias,
541 5153 728 5226 donatione
755 5160 816 5225 aut
850 5154 1034 5245 temporali
1060 5159 1122 5229 ant
1148 5160 1318 5244 perpetua
1343 5154 1379 5224 iu
1407 5153 1536 5227 milites
1562 5152 1760 5243 distribuit,
1787 5161 1827 5225 et

274 5274 488 5347 haereditate
524 5275 758 5347 mortuarium
794 5274 858 5346 Dei
893 5295 936 5347 ex
973 5274 1194 5367 negligentia.
1211 5280 1248 5346 et
1274 5274 1548 5349 dissimulatione
1574 5277 1828 5365 episcoporum,

271 5397 436 5468 abbatum
463 5403 500 5468 et
524 5395 757 5487 fundatorum,
783 5416 892 5488 usquo
919 5397 955 5467 in
982 5397 1072 5467 diem
1099 5402 1318 5487 praesentem
1345 5416 1546 5488 possessum
1562 5402 1601 5469 et
1618 5417 1659 5468 us
1710 5370 1853 5499 sttum'

271 5524 335 5608 est,
361 5525 398 5589 et
423 5516 625 5591 fundatores
651 5519 818 5607 coenobii,
846 5518 912 5588 viri
940 5517 1072 5590 nobiles
1099 5522 1135 5588 et
1161 5518 1324 5608 insignes,
1342 5518 1460 5589 in‘sua
1478 5517 1671 5590 intentione
1713 5500 1825 5589 'stote

274 5638 446 5728 fraudati3
473 5639 564 5730 quod
591 5659 635 5711 ne
661 5641 698 5711 in
717 5639 921 5711 residuitate
940 5637 1110 5727 villarum,
1129 5637 1338 5711 decimarum
1365 5644 1403 5710 et
1428 5638 1575 5712 aliorum
1592 5645 1826 5729 proventuum

154 5833 156 5840 ,
272 5760 472 5831 monasterii
499 5760 745 5832 Gzirziczensis
781 5759 978 5849 contingat,
1005 5759 1142 5832 illarum
1170 5760 1437 5850 descriptionem
1465 5761 1500 5831 in
1528 5760 1703 5850 praesenti
1730 5763 1825 5849 regi-

272 5889 356 5972 stro,
383 5881 649 5955 adfuturorum
679 5881 876 5952 memoriam
905 5881 1147 5951 subnectimus.

376 5974 654 6076 Monrfeterium
683 5998 985 6095 Ozyrzyczenae
1022 6004 1146 6074 avire
1181 6002 1289 6074 nobili
1323 6009 1358 6072 et
1386 6002 1566 6091 spectabili
1594 6001 1751 6073 Marco
1778 6003 1825 6075 de

271 6125 474 6197 ltusscza
509 6124 664 6214 palatino
695 6118 916 6195 Cracovieusi
951 6128 986 6193 et
1019 6144 1129 6212 genus
1164 6145 1207 6194 ex
1234 6121 1335 6194 domo
1372 6121 1635 6194 Griffonum
1662 6122 1825 6214 ducente,

270 6246 361 6336 opud
398 6245 514 6317 villam
543 6244 809 6315 Ludzimirz
836 6245 997 6334 perprius
1023 6244 1222 6333 frmdaturn‚
1250 6244 1374 6315 deinde
1402 6246 1437 6314 iu
1466 6244 1580 6316 villam
1608 6243 1825 6337 cetram

270 6374 414 6457 propter
441 6367 605 6437 maiorem
632 6366 908 6455 competentiam,
936 6365 1223 6457 quemadmodum
1249 6365 1286 6435 in
1313 6364 1827 6456 superioribusdeseripoimu
