4217 8059
1663 1460 1947 1561 'aaa'

273 1684 468 1774 proprietas
504 1690 541 1755 et
556 1701 560 1719 ·
575 1684 764 1756 dominium
800 1686 844 1756 ad
875 1686 1123 1771 monasterinm
1149 1688 1460 1760 sanctimonialium
1489 1691 1651 1778 pertinet.
1687 1692 1726 1762 ln
1754 1714 1826 1783 qua
1951 1674 1956 1683 ⁸

271 1811 352 1877 suut
370 1809 501 1894 septem
529 1804 621 1875 lanei
648 1805 891 1895 cruethonales,
919 1805 963 1877 de
989 1827 1136 1895 quorum
1163 1806 1318 1896 quolibet
1344 1808 1528 1880 solvuntur
1547 1810 1695 1882 sedecim
1716 1795 1820 1885 scotti

269 1927 460 2002 communis
496 1927 679 2014 pecuniae,
715 1927 797 1997 item
834 1926 902 1997 duo
939 1945 1104 2016 capones,
1133 1928 1215 1998 item
1252 1929 1378 2018 uiginti
1407 1951 1490 2017 ova,
1518 1933 1598 2002 item
1628 1910 1696 2004 dno
1723 1938 1825 2040 casei,

267 2052 352 2123 item
379 2068 443 2137 pro
473 2043 643 2140 myodomc
669 2045 712 2117 de
738 2045 839 2117 laneo
866 2047 1006 2121 solvunt
1031 2047 1183 2119 medinm
1206 2051 1478 2138 grossumitem
1497 2073 1657 2145 opramne
1676 2056 1822 2125 medium

266 2188 434 2260 grossum
459 2166 547 2238 Item
574 2167 618 2237 de
645 2165 801 2255 quolibet
827 2166 926 2238 laneo
953 2167 1137 2239 solvuntur
1162 2168 1231 2239 duo
1258 2170 1355 2241 chori
1375 2191 1515 2260 avenae,
1535 2193 1717 2245 mensurae
1737 2173 1821 2246 Gra·

268 2290 445 2388 coviensis
465 2286 649 2389 confertae.
675 2285 764 2357 Item
791 2287 937 2375 quilibet
964 2288 1101 2362 emetha
1128 2288 1170 2359 de
1196 2289 1297 2361 laneo
1325 2312 1346 2359 a
1371 2289 1461 2362 testo
1489 2290 1522 2362 S.
1550 2291 1750 2380 Michaelis,
1779 2296 1822 2366 ad

268 2412 393 2483 festum
420 2407 538 2479 Sancti
565 2403 749 2495 lobannis·
772 2413 913 2485 tenetur
939 2413 1012 2479 tres
1040 2409 1114 2479 dies
1141 2408 1302 2479 laborare
1330 2411 1470 2499 proprio
1499 2432 1602 2482 curru
1622 2413 1676 2483 vel
1696 2422 1822 2502 aratro,

270 2513 405 2605 ateste
431 2549 515 2599 uero
542 2526 661 2599 Sancti
688 2526 868 2616 lobannis,
895 2529 938 2600 ad
966 2527 1091 2600 festum
1111 2528 1228 2600 Sancti
1247 2529 1438 2613 Michaelis,
1457 2531 1613 2620 quolibet
1631 2533 1686 2603 die
1703 2539 1823 2606 tenen
1914 2540 1918 2547 “

268 2661 328 2724 tur
362 2651 539 2736 laborare,
576 2655 715 2736 praeter
752 2646 840 2719 diem
883 2650 1037 2736 sabbati,
1073 2649 1108 2720 in
1146 2671 1213 2739 quo
1249 2657 1364 2721 tamen
1392 2673 1481 2723 uuus
1509 2652 1611 2724 homo
1639 2653 1681 2722 de
1709 2654 1819 2744 laneo,

271 2771 464 2862 colligendo
491 2769 638 2857 foenum,
666 2773 806 2839 tenetur
834 2752 1012 2857 laborare,
1038 2769 1206 2841 medietas
1233 2777 1348 2841 tamen
1377 2771 1479 2843 villae
1506 2779 1624 2859 vacet,
1653 2774 1821 2846 medietas

270 2894 416 2966 laborat.
458 2891 544 2961 Item
580 2892 727 2962 taberna
762 2896 816 2960 est
842 2891 890 2960 ibi
917 2891 1050 2962 babens
1086 2911 1207 2980 agros,
1235 2913 1323 2980 quae
1351 2913 1414 2980 pro
1442 2906 1556 2963 annuo
1584 2914 1687 2965 censu
1717 2895 1824 2967 solvit

270 3034 371 3087 unam
400 3032 550 3085 maroam
578 3033 654 3083 cum
682 3011 804 3099 media,
832 3019 869 3083 et
894 3033 998 3083 unum
1026 3012 1173 3100 lapidem
1195 3013 1268 3101 sepi
1288 3014 1508 3109 monasterio,
1527 3020 1563 3084 et
1581 3015 1657 3103 ipsa
1676 3016 1823 3088 taberna

270 3135 374 3217 babet
408 3155 513 3206 uuum
550 3134 706 3220 laneum,
733 3154 776 3205 ex
802 3139 935 3222 septem
966 3133 1077 3205 laneis
1105 3133 1263 3222 superius
1292 3134 1442 3223 scriptis.
1482 3133 1568 3205 Item
1596 3140 1660 3206 est·
1678 3137 1725 3206 ibi
1753 3156 1822 3207 urna

271 3256 486 3342 hortulania,
515 3255 647 3326 babens
683 3275 794 3344 agros,
823 3274 910 3343 quae
946 3274 1010 3343 pro
1037 3273 1151 3323 annuo
1180 3273 1284 3324 censu
1311 3253 1415 3324 solvit
1443 3275 1546 3325 nurum
1574 3255 1761 3342 fertonem,
1787 3263 1824 3328 et

140 3435 142 3439 a
270 3378 409 3472 laborat
443 3395 547 3447 unum
585 3374 675 3445 diem
711 3374 873 3462 pedester
908 3376 943 3445 in
969 3375 1172 3464 septimana.
1211 3374 1297 3444 Item
1324 3380 1487 3445 tenentur
1513 3381 1584 3445 tam
1611 3377 1823 3448 eusebonas,

269 3496 473 3569 tabernator
509 3501 545 3564 et
580 3495 787 3567 hortulanus
823 3495 866 3565 ad
901 3491 1081 3590 pomulam
1116 3499 1317 3584 utramque,
1345 3493 1507 3565 videlicet
1542 3495 1759 3567 aestivalium
1788 3501 1825 3566 et

268 3614 476 3709 hyemalium
503 3615 764 3686 mementorum.
790 3615 879 3686 Item
906 3615 992 3686 daut
1017 3621 1089 3685 tam
1108 3615 1315 3705 cmetboues,
1332 3617 1535 3687 tabernator
1553 3622 1588 3686 et
1606 3616 1823 3706 hortulanus,

270 3738 436 3813 decimm
463 3736 723 3834 manipularem
750 3743 786 3807 et
812 3755 875 3824 per
902 3739 1050 3828 quatuor
1078 3736 1217 3824 ierugaa
1244 3735 1443 3826 canapalem
1470 3736 1512 3807 de
1541 3737 1643 3825 agris,
1663 3738 1720 3825 qui
1741 3743 1823 3809 aunt

269 3864 585 3930 transtorrentem
622 3855 884 3946 Sthanycza
919 3855 1138 3946 praebendae
1164 3846 1414 3958 cmcoviensi,
1433 3877 1521 3947 quae
1548 3863 1694 3936 vocatur
1721 3856 1822 3928 Stha-

268 3979 509 4070 nyathecaska‚
537 3985 574 4049 et
600 3978 767 4048 inducunt
793 3997 868 4046 eam
897 3977 1048 4067 propriis
1075 3977 1235 4047 curribus
1262 3978 1296 4048 in
1324 3978 1487 4049 borreum
1513 3979 1718 4049 acanonico
1736 3976 1823 4050 Ora«

270 4101 422 4191 couiemi
453 4099 653 4187 locandum,
680 4106 717 4170 et
752 4098 850 4169 valor
886 4099 960 4168 eius
995 4100 1201 4169 aestimatur
1227 4099 1272 4169 ad
1300 4104 1462 4188 quatuor·
1475 4119 1631 4186 marcas;
1658 4099 1700 4170 de
1728 4102 1822 4190 agris

271 4242 372 4303 vero,
399 4220 459 4309 qui
486 4227 567 4313 suut
603 4220 693 4291 citra
719 4225 911 4290 torrentem
939 4217 1215 4308 Stbauycza,
1242 4219 1334 4304 cedit
1361 4218 1494 4288 decima
1520 4240 1584 4306 pro
1612 4221 1822 4291 monasterIo

270 4344 306 4412 in
334 4339 673 4430 Sthanyatbky,
691 4338 777 4409 Item
804 4337 983 4429 praedium
1011 4337 1125 4437 estin
1155 4336 1274 4433 eadem
1302 4336 1384 4406 villa
1411 4337 1618 4426 coenobiale,
1646 4339 1731 4409 satis
1759 4339 1822 4409 bo·-
1956 4416 1967 4437 „

271 4483 371 4547 uum,
398 4460 441 4534 de
469 4461 573 4535 ,cuiue
609 4460 702 4549 agris
730 4459 896 4530 decimam
924 4457 1022 4547 nulli¹
1046 4457 1203 4546 solvunt,
1230 4457 1289 4527 sed
1314 4458 1565 4531 monasterium
1592 4477 1665 4529 eam
1694 4477 1757 4547 pro
1785 4472 1822 4529 se

271 4582 371 4653 tollit
398 4582 484 4653 Item
512 4589 567 4653 est
593 4582 724 4669 piscina
752 4581 787 4650 iu
816 4579 936 4650 eadem
963 4578 1046 4649 villa
1073 4580 1165 4659 bona
1189 4578 1410 4652 coenobialis.
1437 4578 1524 4649 Item
1552 4577 1711 4668 praefata
1737 4577 1824 4651 villo

271 4704 523 4779 continatcum
542 4701 831 4791 villisKawky,
858 4699 1199 4793 Sthanyatbky,
1226 4698 1465 4785 Zablocze,
1491 4697 1770 4787 Zlomigr'od.

375 4823 565 4909 Bocuraus,
592 4812 756 4912 oppidum
784 4822 914 4892 babens
942 4814 977 4891 in
1004 4842 1041 4891 se
1069 4819 1518 4908 ecclesiam-parochialem,
1545 4818 1642 4888 cuius
1665 4820 1822 4907 proprie,

272 4953 327 5016 tas
355 4943 399 5015 ad
426 4943 684 5015 serenissimum
712 4943 885 5017 domiuum
923 4961 1040 5037 regem
1066 4939 1241 5021 ,PolouIae
1268 4940 1439 5028 pertinet,
1466 4941 1502 5009 iu
1529 4938 1627 5009 cuins
1655 4939 1825 5011 cuuiccilis

271 5073 307 5138 et
334 5062 504 5156 specubus
532 5065 622 5135 sales
648 5062 787 5152 glaciati
816 5062 1033 5134 effodiuntur.
1061 5061 1099 5131 In
1128 5061 1193 5132 boe
1221 5060 1391 5150 qnondam
1419 5059 1495 5131 loco
1523 5063 1597 5131 erat
1625 5059 1716 5147 villa,
1735 5081 1823 5150 quae

272 5187 460 5258 vocabatur
497 5162 695 5256 haereditas
731 5183 991 5270 Vincentii,
1029 5202 1134 5270 quam
1168 5181 1378 5251 Andreas
1415 5179 1596 5268 episcopua
1623 5177 1824 5252 Ploczensia

273 5308 481 5385 monasterio
501 5306 543 5376 de
562 5305 704 5376 Stban
714 5304 892 5395 yantbk
905 5326 936 5393 y,
964 5301 1249 5392 quemadmodum
1271 5320 1375 5389 supra
1393 5300 1619 5385 narravimus,
1638 5300 1825 5373 donatione
1966 5367 1968 5372 .

271 5434 441 5516 perpetua
476 5426 691 5512 contulerat3
728 5424 807 5494 dnm
844 5425 960 5513 itaque
997 5424 1032 5494 iu
1061 5422 1226 5512 praefata
1261 5419 1476 5515 haereditate
1502 5419 1750 5495 Vincentii
1771 5420 1823 5497 Ν

192 5534 199 5545 ’
273 5546 394 5619 durum
423 5568 512 5643 anuo
531 5546 679 5643 ,Domini
698 5526 705 5614 ᾗ
726 5600 732 5613 .
752 5599 759 5612 .
779 5599 786 5612 .
806 5598 812 5613 .
833 5545 895 5615 sub
923 5545 1120 5634 principatu
1148 5540 1357 5631 Boleslai
1385 5538 1546 5610 Pudici
1575 5534 1847 5639 aramum,

272 5667 560 5747 Sandomirieusis
588 5675 623 5739 et
648 5665 871 5737 Lublineneis
899 5665 995 5735 ducis
1023 5670 1060 5735 et
1086 5660 1256 5735 consortis
1292 5682 1374 5753 suae
1410 5660 1556 5749 virginis
1583 5638 1838 5749 Kunegun:

272 5788 359 5875 dis,
395 5788 486 5858 tiliae
524 5788 664 5858 Belae
701 5787 794 5881 regis
831 5783 1175 5873 Hungariae,.cuius
1212 5781 1379 5853 sauctitas
1415 5781 1450 5853 in
1478 5781 1567 5851 banc
1596 5780 1686 5851 diem
1714 5779 1824 5869 variis

271 5909 412 5999 effulget
446 5909 639 5996 miraculis,
665 5908 789 5979 fuisset
827 5909 1021 5994 repertum,
1049 5910 1084 5984 et
1111 5902 1272 5992 oppidum
1301 5901 1522 5991 Bocbnya
1548 5901 1639 5990 quod
1667 5906 1702 5970 et
1732 5919 1843 6029 nuno,

273 6035 370 6101 extat
397 6032 432 6101 in
460 6030 580 6101 eodem
608 6030 682 6100 loco
710 6029 831 6101 fuisset
860 6026 1018 6113 locatum,
1037 6023 1286 6102 Boleslaus
1313 6018 1515 6093 Podicus
1543 6022 1612 6093 dux
1632 6019 1841 6211 praefatu}

272 6150 624 6241 recompensationem
666 6148 822 6238 praefato
864 6144 1072 6236 monasterio
1114 6145 1147 6213 iu
1190 6142 1521 6232 Sthanyatbky
1556 6162 1620 6230 pro
1653 6128 1789 6230 occupa

271 6272 488 6343 haereditate
516 6269 762 6351 Vincentii
783 6269 956 6354 iacturae,
986 6284 1182 6337 mensuram
1208 6263 1291 6333 salis
1318 6262 1441 6335 rniuoti
1469 6263 1538 6332 albi
1565 6258 1711 6350 singulte
1738 6260 1827 6365 beloy·

270 6393 426 6466 domadis
455 6389 664 6463 monasterio
692 6389 728 6459 in
754 6387 1084 6479 Sthanyatbky
1112 6406 1155 6457 ex
1182 6383 1304 6474 cuppis
1331 6382 1603 6481 Boebuensibue·
1618 6370 1827 6471 solvendam,-
1875 6444 1881 6457 .

374 6577 421 6615 ιιι.
432 6576 525 6615 nonnae.
542 6575 582 6614 ιιι,
988 6602 1001 6629 ‚
1471 6541 1475 6547 '
1621 6550 1656 6595 ³7
