4217 8059
171 1452 175 1459 ’
289 1479 363 1551 ιιι

288 1686 494 1756 aestimatur
521 1682 565 1754 nd
592 1703 651 1753 sex
679 1701 824 1770 marcas,
851 1680 1038 1771 aliquando
1065 1678 1110 1751 ad
1137 1676 1316 1755 duodecim
1335 1697 1478 1748 marcas.
1505 1677 1593 1748 Item
1610 1677 1759 1748 taberna
1778 1698 1850 1748 una

289 1805 420 1875 babens
447 1824 561 1893 agros.
588 1780 674 1873 ltern
702 1802 922 1873 hortulaniae
950 1807 1100 1890 quatuor
1126 1799 1295 1901 babentes
1322 1818 1435 1886 agros,
1463 1799 1505 1868 de
1534 1798 1659 1887 quibus
1687 1799 1849 1897 omnibus

288 1924 436 1995 solvitur
470 1923 604 1995 decima
638 1922 863 2011 manipularis
899 1943 963 2012 pro
990 1921 1203 1992 monasterio
1230 1918 1348 1990 Sancti
1377 1919 1538 1989 Andreae
1566 1919 1600 1987 in
1625 1916 1847 2012 porriitwam.

286 2044 375 2115 Item
402 2042 636 2115 molendinum
664 2064 732 2113 non
760 2051 825 2114 eat.
851 2041 940 2112 Item
968 2040 1113 2131 praedia
1138 2040 1206 2111 duo
1234 2040 1410 2125 militaria,
1436 2046 1473 2110 et
1500 2039 1681 2128 quodlibet
1707 2040 1848 2111 nonnisi

288 2182 393 2237 uuum
419 2163 558 2235 laneum
584 2164 758 2252 continet,
785 2163 828 2233 de
867 2164 992 2253 quibus
1019 2161 1167 2233 solvitur
1193 2160 1328 2232 decima
1353 2161 1579 2250 manipularis
1607 2182 1672 2249 pro
1699 2160 1850 2231 ecelesia

280 2286 325 2356 'in
352 2282 677 2375 zarnowyecz.

392 2402 596 2492 HoronrA,
624 2402 707 2474 villa
742 2404 806 2474 sub
834 2402 1000 2490 parocbia
1027 2400 1194 2472 ecclesiae
1220 2401 1266 2473 de
1289 2400 1598 2490 Zarnowyecz
1625 2401 1717 2489 sita,
1744 2400 1845 2471 cuius

291 2525 486 2615 proprietas
523 2523 567 2595 ad
594 2523 851 2609 serenissimum
866 2520 1044 2593 .Poloniae
1072 2542 1188 2610 regem
1215 2521 1377 2610 pertinet
1413 2520 1453 2591 lu
1481 2542 1550 2610 qua
1577 2527 1664 2591 sunt·
1686 2519 1848 2592 undecim

289 2645 380 2715 lanei
408 2643 660 2731 cmetbonales‚
687 2626 730 2714 de
767 2643 891 2733 quibus
927 2644 1087 2713 omnibus
1114 2641 1262 2712 solvitur
1289 2642 1421 2713 decima
1448 2641 1693 2730 manipularis,
1720 2648 1758 2711 et
1784 2660 1849 2729 per

291 2750 439 2855 quatuor
473 2766 613 2854 ierugas
649 2748 843 2853 canapalis,
871 2763 1081 2834 monasterio
1118 2762 1428 2835 sanctimonialium
1456 2761 1573 2833 Sancti
1600 2760 1783 2846 Andreae,
1811 2765 1849 2830 et

289 2885 441 2975 propriis
468 2885 627 2987 curribus
654 2883 793 2955 ducitur
821 2885 857 2954 in
883 2884 1045 2959 borreum
1073 2905 1095 2954 a
1120 2883 1441 2954 sanctimonialibus
1468 2883 1661 2965 locandum,
1687 2888 1725 2952 et
1744 2880 1845 2953 ralor

292 3007 367 3077 eius
402 3006 607 3076 aestimatur
642 3005 685 3075 ad
721 3005 840 3075 decem
876 3024 1017 3075 marcas.
1058 3004 1145 3075 Item
1172 3004 1319 3075 taberna
1346 3024 1415 3075 una
1442 3005 1575 3075 babens
1603 3022 1715 3092 agros.
1757 3002 1848 3073 Item

291 3125 511 3213 bortulauiae
538 3147 607 3196 non
634 3132 725 3213 sunt,
753 3125 835 3201 item
863 3124 1096 3195 molendinum
1120 3144 1188 3194 uon
1206 3131 1270 3195 est.
1297 3124 1385 3195 Item
1402 3125 1583 3213 praedium
1602 3128 1657 3194 est
1674 3123 1723 3194 ibi
1741 3142 1849 3193 unum
1967 3176 1971 3185 .

290 3247 444 3337 regium
470 3246 514 3316 de
541 3232 684 3335 praedio
712 3246 808 3335 regio
843 3252 881 3315 et
916 3246 1064 3315 taberna
1099 3243 1246 3315 solvitur
1271 3245 1404 3315 decima
1431 3244 1657 3333 manipularis
1684 3263 1749 3333 pro
1774 3262 1851 3315 mu·

291 3367 444 3438 nasterio
471 3365 821 3453 sanctimonialium
812 3387 848 3436 ιιι
875 3363 1090 3459 pondlrwam

395 3485 667 3574 Manrsszrczn,
695 3485 777 3557 villa
803 3486 868 3555 sub
886 3486 1052 3578 parocbia
1071 3484 1237 3557 ecclesiae
1255 3485 1299 3555 de
1318 3483 1626 3573 Zarnowyecz
1653 3485 1732 3571 situ,
1749 3484 1851 3571 cuius

292 3608 416 3677 haeres
443 3606 684 3677 serenissimus
712 3605 876 3675 Poloniae
903 3626 975 3676 rex.
1002 3605 1042 3676 ln
1070 3627 1138 3695 qna
1165 3610 1246 3675 sunt
1271 3605 1389 3677 decern
1417 3605 1508 3675 lanei
1536 3598 1782 3693 cmethoialas,
1804 3602 1851 3677 de

174 3728 177 3735 '
292 3727 417 3816 quibus
445 3727 604 3833 omuibus
630 3726 777 3796 solvitur
813 3725 945 3799 decima
972 3725 1215 3815 manipularis,
1242 3732 1279 3796 et
1305 3747 1367 3814 per
1395 3726 1582 3815 quatuor
1570 3746 1713 3815 rerugaa
1738 3714 1845 3795 caua

292 3846 381 3936 pulis
408 3818 618 3917 monasterio
646 3844 763 3917 Sancti
791 3844 962 3933 Andreae,
989 3853 1025 3915 et
1010 3846 1225 3917 tdncitur
1216 3868 1252 3915 m
1279 3847 1480 3917 monasterii
1499 3847 1674 3935 borreum,
1692 3850 1730 3916 ιι
1747 3842 1850 3917 valor

293 3966 368 4037 eiua
403 3956 607 4037 aestimatur
642 3966 686 4037 ad
717 3967 867 4056 quinque
904 3986 1046 4037 marcas.
1082 3965 1170 4035 Item
1196 3967 1344 4037 taberna
1370 3988 1439 4037 uua
1464 3966 1597 4038 babens
1623 3985 1738 4057 agros,
1763 3965 1851 4037 itam

293 4086 511 4157 bortulauiae
539 4086 625 4156 duae
653 4087 821 4157 babentes
848 4068 961 4176 agros,
988 4087 1072 4157 item
1099 4086 1332 4163 molendinum
1360 4093 1415 4157 est
1442 4107 1546 4157 unum
1575 4087 1708 4159 babens
1725 4104 1852 4175 agrum

294 4206 336 4277 de
365 4204 523 4278 omnibns
551 4208 698 4279 solvitur
725 4205 858 4278 decima
889 4206 1114 4297 manipularis
1143 4227 1207 4297 pro
1234 4207 1447 4278 monasterio
1476 4207 1594 4277 Sancti
1622 4205 1822 4278 Andreae
1811 4226 1851 4277 ιιι

290 4324 513 4423 pontiliacum,
542 4336 682 4418 praeter
717 4327 852 4418 aliquos
888 4349 1015 4420 pancos
1051 4348 1157 4417 agros
1183 4327 1368 4416 tabernae,
1395 4328 1438 4399 de
1465 4328 1590 4417 quibus
1617 4327 1824 4399 ecclesiae
1812 4346 1851 4397 ιιι

294 4447 514 4540 Zarnowp
525 4470 610 4519 ιιι.
636 4449 725 4521 Item
753 4449 931 4540 praedium
960 4450 1097 4520 unicum
1124 4449 1268 4538 regium,
1295 4448 1338 4519 de
1365 4449 1467 4523 cuius
1489 4448 1585 4538 agris
1612 4448 1766 4571 solvitur
1787 4446 1850 4519 de.-

295 4570 384 4640 cima
411 4570 633 4660 manipularis
662 4569 863 4641 ecclesiae
854 4591 889 4640 tn
917 4569 1239 4660 Zarnowyecz

398 4690 713 4781 Yuzronowrczs,
742 4690 824 4763 villa
852 4691 916 4761 sub
944 4692 1109 4780 parocbia
1135 4692 1179 4763 de
1206 4691 1512 4781 Zarnowyecz
1538 4691 1615 4778 sita
1642 4691 1739 4763 cuius
1767 4710 1850 4779 pro·

294 4810 424 4901 prletas
452 4812 495 4881 ad
524 4813 780 4883 serenissimum
809 4811 973 4883 Poloniae
1000 4832 1118 4901 regem
1146 4812 1306 4901 pertinet
1333 4811 1374 4882 ln
1402 4832 1471 4901 qua
1497 4818 1580 4883 sunt
1606 4830 1729 4883 novem
1757 4810 1853 4883 lanei

294 4931 538 5021 cmetbunales,
568 4934 649 5003 item
679 4954 747 5004 una
773 4934 920 5003 taberna
946 4933 1078 5003 babens
1104 4953 1218 5022 agros,
1245 4934 1288 5004 de
1303 4934 1441 5023 .quibus
1469 4932 1628 5003 omuibus
1646 4931 1796 5003 solvitur
1813 4936 1853 5003 ιι

294 5052 498 5122 conducitur
526 5052 658 5121 dalaima
685 5053 909 5142 manipularis
937 5062 973 5125 et
1000 5053 1175 5143 canapalis
1202 5074 1265 5142 pro
1293 5053 1502 5124 monasterio
1529 5052 1646 5124 Sancti
1675 5052 1852 5143 Andreae,

295 5179 330 5240 et
357 5169 454 5240 valor
480 5173 555 5241 eius
583 5173 786 5242 aestimatur
813 5174 857 5244 ad
886 5182 1018 5263 septem
1047 5194 1181 5245 marcas
1206 5175 1392 5265 aliquando
1419 5175 1464 5245 ud
1490 5173 1618 5245 decem.
1653 5173 1738 5244 ltem
1767 5173 1852 5245 bor·

295 5291 448 5362 tulaniae
476 5313 544 5361 non
572 5298 663 5362 sunt.
690 5292 777 5363 ltem
806 5294 985 5383 praedium
1014 5316 1083 5367 uon
1109 5302 1173 5366 est.

404 5410 593 5502 Wrnuow,
621 5412 795 5484 villa-sub
822 5416 987 5502 parocbia
1013 5415 1180 5489 ecclesiae
1207 5417 1251 5487 de
1276 5415 1503 5486 Irzandte
1530 5414 1617 5504 sita,
1644 5416 1742 5487 cuius
1768 5414 1854 5487 bae·

295 5535 395 5606 redes
422 5533 680 5627 Jflolrannes,
708 5535 957 5623 Abrabam,
985 5512 1226 5627 Nicolaus,
1254 5537 1584 5627 Wyrzbyanta,
1610 5534 1853 5609 Jobanueu

295 5656 337 5725 de
366 5652 466 5728 domo
495 5654 769 5727 Griiionum.
806 5657 845 5727 ln
874 5678 942 5745 qua
967 5663 1050 5733 sunt
1077 5658 1166 5729 lanei
1193 5659 1446 5745 cmetbunales,
1474 5657 1620 5729 solvitur
1646 5662 1684 5729 et
1709 5636 1854 5735 ducitur

294 5798 356 5866 per
383 5779 580 5847 cmetbones
609 5769 742 5848 decima
769 5777 1003 5869 manipularis,
1030 5786 1066 5849 et
1094 5800 1155 5871 per
1183 5788 1331 5869 quatuor
1358 5780 1496 5868 ierugas
1524 5780 1709 5867 canapalis,
1734 5786 1771 5849 et
1790 5758 1852 5852 va·

294 5898 348 5969 lor
375 5899 449 5968 eius
477 5899 681 5969 aestimatur
698 5899 742 5969 ad
762 5953 769 5968 .
789 5954 796 5968 .
815 5954 822 5969 .
841 5919 985 5970 marcas
1014 5899 1091 5970 Non
1119 5903 1225 5973 babet
1255 5923 1331 5973 eam
1359 5901 1605 5971 monasterium
1635 5900 1670 5969 iu
1689 5920 1753 5970 sua
1771 5920 1855 5989 pos·

296 6020 458 6091 sessione.
487 6019 572 6090 Item
601 6021 757 6109 taberna,
785 6022 866 6091 item
894 6021 1080 6112 hortulani,
1108 6023 1188 6093 item
1208 6023 1450 6095 molendinum.
1479 6021 1565 6091 ltem
1584 5998 1727 6109 praedia
1745 6022 1848 6111 quin-

128 6174 160 6217 ·,
296 6161 371 6228 que,
399 6141 441 6211 de
470 6142 594 6230 quibus
622 6141 804 6214 solvuntur
831 6143 984 6213 decimae
1012 6144 1243 6233 manipulares
1270 6164 1333 6231 pro
1361 6142 1508 6213 ecclesia
1533 6143 1569 6212 in
1597 6140 1854 6215 Rokitbuo.

295 6261 456 6333 Alienata
491 6270 545 6333 est
580 6285 602 6353 a
627 6264 856 6354 monasterio,
884 6270 920 6335 et
946 6264 1094 6335 solvitur
1128 6282 1219 6335 nunc
1246 6284 1309 6353 pro
1337 6264 1482 6334 ecclesia
1510 6265 1545 6333 in
1572 6261 1606 6332 K
1613 6263 1742 6352 ydow
1767 6270 1854 6353 post

294 6380 413 6455 larem
440 6384 674 6475 cmetbunales
702 6384 843 6457 decima
