4217 8059
281 1474 355 1590 ιιι
432 1436 437 1447 ’

282 1686 368 1759 Item
396 1685 538 1758 decima·
554 1680 781 1779 manipularis
798 1679 1009 1755 solviturt
973 1685 1009 1753 et
1035 1680 1169 1754 inducit
1153 1687 1213 1754 tur
1231 1681 1267 1751 iu
1286 1681 1448 1751 horreum
1477 1699 1541 1795 pro
1568 1678 1730 1769 eplacopo
1749 1676 1835 1750 Gra·

261 1794 450 1894 curiensi,
477 1812 513 1875 et
539 1804 637 1875 valor
672 1796 748 1875 blus
776 1802 986 1875 aestimatur
1022 1802 1066 1873 ad
1094 1802 1245 1893 quinque
1272 1821 1415 1871 marcas.
1459 1788 1547 1871 Item
1575 1799 1711 1870 ratione
1737 1820 1833 1893 onacp
1931 1832 1933 1843 ·

280 1925 386 1998 solvit
412 1924 559 2016 quilibet
585 1945 688 1996 unam
716 1924 874 2014 siliginis,
901 1928 938 1995 et
954 1921 1043 1995 duas
1060 1940 1190 1995 avenae
1217 1940 1396 1992 mensuras
1424 1910 1648 2009 confortase
1628 1923 1834 2010 etquatuor

130 2126 133 2131 ,
279 2064 430 2137 grossos.
474 2044 562 2115 Item
589 2043 769 2134 praedium
797 2065 865 2116 non
893 2049 956 2133 est,
983 2056 1096 2139 neque
1123 2042 1309 2131 scoltetns,
1337 2062 1448 2132 neque
1475 2040 1695 2127 hortulanis,
1723 2059 1834 2161 neque

264 2158 438 2239 ‘taberna
465 2164 638 2239 Gentium
643 2219 759 2235 .....

155 2358 158 2363 .
384 2284 650 2359 KoszruuowA
664 2284 822 2374 WouvA,
850 2284 933 2356 villa
949 2284 1016 2357 sub
1033 2284 1200 2374 parocbia
1226 2283 1392 2355 ecclesiae
1418 2282 1461 2355 de
1488 2281 1726 2354 Lanczsko
1755 2282 1834 2371 sita,

140 2406 148 2508 ἰ
282 2407 380 2479 cuius
405 2406 603 2497 proprietas
629 2406 673 2477 ad
700 2404 980 2478 sanctimoniales
1008 2406 1170 2495 pertinet.
1197 2405 1237 2476 In
1262 2426 1330 2495 qua
1348 2409 1430 2475 sunt
1456 2404 1607 2494 quinque
1635 2403 1726 2475 lanei
1745 2423 1836 2474 eme-

282 2526 458 2617 chonam,
486 2526 529 2598 de
556 2527 681 2617 quibus
707 2527 813 2599 etiam
840 2525 1026 2599 secundum
1042 2552 1044 2557 ¹
1063 2526 1295 2616 quantitatem
1323 2545 1486 2616 agrorum
1513 2544 1635 2596 census
1663 2524 1835 2596 diversili·
1961 2514 1964 2521 ’

166 2734 173 2745 ·
283 2653 391 2719 eatur.
434 2646 523 2729 Item
549 2646 712 2729 laborant
731 2645 933 2742 powoboru,
960 2647 1044 2718 item
1071 2646 1156 2719 daut
1182 2668 1288 2718 uuum
1314 2644 1463 2736 gallum,
1491 2645 1615 2735 viginti
1642 2657 1725 2757 ova,
1746 2643 1835 2717 duos

284 2787 412 2839 caseos.
438 2767 524 2839 Item
552 2767 729 2859 tabernae,
755 2768 839 2840 item
866 2766 1054 2855 bortulaui3
1082 2767 1166 2838 item
1193 2765 1372 2858 praedium
1401 2787 1468 2837 non
1496 2771 1550 2836 est
1576 2765 1634 2836 ibi.
1666 2763 1754 2836 Item
1781 2771 1837 2839 est
1961 2812 1963 2817 -

229 2949 252 2983 ,η
284 2887 333 2959 ibi
359 2887 525 2983 scoltetus
552 2888 683 2963 babens
710 2909 815 2960 uuum
842 2887 978 2960 laneum
1007 2887 1169 2976 liberum,
1206 2888 1328 2979 etqui
1354 2887 1461 2958 habet
1489 2892 1626 2959 sextum
1653 2885 1835 2958 denarium

284 3008 327 3080 de
354 3028 468 3080 censu.
513 3008 599 3079 Item
628 3008 671 3079 de
698 3009 857 3080 omnibus
885 3010 979 3099 agris
1006 3008 1154 3081 solvitur
1180 3015 1217 3079 et
1243 3008 1421 3079 inducitur
1446 3007 1580 3078 decima
1606 3005 1835 3098 manipularis

75 3139 95 3174 r
110 3133 136 3220 ’ᾗ
284 3135 321 3201 ιι
346 3128 522 3220 canapalis
548 3148 612 3219 pro
639 3128 802 3220 episcopo
829 3127 1065 3219 cracoviensi,
1084 3136 1129 3201 et
1156 3129 1254 3200 valor
1280 3129 1355 3200 eius
1382 3128 1587 3200 aestimatur
1613 3127 1658 3199 ad
1684 3128 1836 3219 quinque

87 3251 224 3355 s
282 3271 427 3323 ιιιιιιι.
446 3249 557 3322 Item
584 3250 721 3322 ratione
746 3272 845 3345 oazep
871 3250 977 3322 solvit
1011 3250 1157 3341 quilibet
1191 3270 1294 3321 uuam
1331 3249 1480 3339 siliginis
1515 3253 1552 3319 ιι
1584 3248 1670 3321 duas
1705 3267 1837 3319 avenae

84 3372 90 3381 '
285 3390 466 3444 mensuras
493 3369 677 3461 confertas,
705 3376 741 3442 ιι
767 3376 917 3462 quatuor
942 3391 1093 3461 grossos.
1120 3369 1280 3442 Confluat
1300 3424 1414 3440 .....

388 3490 583 3580 chzuvA,
610 3490 693 3562 villa
719 3492 785 3564 sub
803 3491 969 3582 parochia
995 3491 1162 3563 eoclesIae
1189 3492 1232 3562 de
1259 3490 1498 3563 Lanczsko
1525 3490 1604 3579 sita,
1632 3491 1729 3587 euius
1756 3510 1838 3580 pro-

285 3613 418 3704 prietes
443 3611 489 3683 ad
516 3611 794 3687 sanctimoniales
821 3613 982 3703 pertinet.
1008 3611 1048 3683 In
1068 3632 1136 3703 qua
1153 3618 1236 3684 sunt
1252 3611 1446 3702 quindecim
1475 3611 1566 3683 lanei
1592 3610 1840 3699 memorales,

285 3733 368 3804 item
396 3732 444 3802 ibi
471 3752 594 3803 census
621 3730 873 3804 diversificatur
899 3732 1088 3805 secundum
1116 3734 1344 3823 quantitatem
1374 3752 1554 3823 agrorum3
1590 3733 1673 3803 item
1700 3731 1838 3837 ratione

248 3853 252 3863 ’
286 3874 381 3947 osaep)
407 3858 444 3922 et
470 3873 638 3946 optumae,
666 3851 771 3925 solvit
799 3852 944 3942 quilibet
969 3873 1072 3925 nuum
1093 3853 1250 3943 siliginis,
1277 3853 1362 3925 duas
1389 3840 1526 3925 avenae
1548 3873 1728 3924 mensuras
1755 3873 1837 3925 con-

286 3970 413 4063 fertas,
439 3950 489 4043 et*
502 3977 653 4062 quatuor
678 3993 828 4062 grossos.
873 3972 960 4044 Item
989 3994 1055 4045 non
1085 3973 1223 4044 solvunt
1248 3975 1378 4065 gallos,
1415 3994 1527 4064 neque
1554 3960 1694 4064 caseos,
1726 3992 1839 4064 neque

287 4113 362 4183 ova,
389 4093 471 4163 item
498 4091 585 4165 nibil
611 4093 781 4165 laborant
824 4093 914 4166 Item
940 4100 996 4166 est
1022 4093 1071 4165 ibi
1098 4095 1265 4167 scoltetus
1298 4095 1427 4167 babens
1455 4115 1560 4165 unum
1587 4094 1725 4167 laneum
1751 4093 1838 4166 libe

287 4235 374 4304 rum,
400 4213 507 4285 babet
533 4200 638 4285 etiam
667 4219 801 4287 sextum
829 4215 1007 4319 denarium
1035 4198 1081 4288 de
1106 4235 1220 4287 censu
1247 4216 1334 4289 Item
1361 4222 1417 4287 est
1442 4215 1492 4288 ibi
1518 4215 1666 4291 taberna
1692 4214 1840 4287 scolteti.

287 4324 373 4405 Item
401 4355 491 4407 unus
517 4335 733 4426 hortulanus,
761 4341 797 4407 et
822 4335 1066 4409 molendinum.
1102 4336 1190 4408 Item
1217 4337 1365 4409 solvitur
1391 4335 1525 4408 decima
1552 4335 1777 4426 manipularis
1803 4340 1842 4421 et

288 4455 463 4529 inducitur
500 4476 564 4546 pro
599 4456 762 4547 episcopo
790 4455 1030 4547 cracoviensi,
1071 4458 1170 4530 cuins
1205 4458 1304 4530 valor
1340 4459 1502 4531 aestimat
1486 4464 1545 4531 ιιι
1571 4455 1616 4528 ad
1644 4454 1842 4548 quindecim
1910 4470 1918 4513 -·

288 4596 431 4649 marcas.
458 4575 619 4648 confluat
637 4630 752 4649 .....
988 4584 993 4591 ’

390 4696 632 4786 Ζιιιιιιιιιι,
668 4697 751 4769 villa
777 4698 842 4770 snb
869 4700 1035 4788 parocbia
1061 4640 1104 4771 de
1131 4699 1373 4771 Lanczslro
1400 4700 1481 4789 sita,
1518 4698 1615 4771 cuius
1643 4698 1841 4789 proprietas

288 4818 442 4908 pertinet
476 4817 521 4889 ad
548 4818 828 4890 sanctimoniales
864 4819 1101 4911 Antiquae
1137 4815 1355 4894 Saudecz
1398 4820 1439 4891 In
1466 4841 1534 4911 qua
1570 4826 1652 4892 sunt
1688 4824 1841 4910 quatuor
1955 4872 1960 4883 .

287 4938 380 5010 lanei
406 4937 652 5031 emetbonales,
679 4946 716 5010 et
743 4939 889 5030 quilibet
915 4940 1021 5014 solvit
1048 4962 1112 5032 pro
1131 4931 1236 5015 censu
1263 4941 1449 5014 secundum
1467 4942 1708 5033 quantitatem
1738 4960 1842 5031 agro-

288 5080 375 5148 rum,
403 5059 485 5129 item
513 5080 618 5130 uuum
644 5060 784 5151 gallum,
811 5061 898 5134 duos
925 5083 1053 5152 caseos,
1082 5063 1205 5153 viginti
1233 5062 1331 5151 ova;¹
1345 5063 1427 5135 item
1456 5082 1557 5134 unam
1578 5059 1764 5157 parebam
1790 5061 1842 5133 la-

288 5180 416 5251 borant
442 5200 507 5270 pro
535 5202 633 5271 vere,
669 5183 815 5254 alteram
842 5203 905 5274 pro
934 5184 1065 5275 byeme.
1110 5184 1197 5287 ltenr
1224 5185 1359 5256 ratione
1386 5205 1523 5278 oeszyep
1559 5181 1842 5274 solvit'quilibet

289 5321 392 5372 unam
429 5301 578 5393 siliginis
603 5292 641 5375 ιι
667 5304 753 5377 duas
787 5325 918 5378 avenae
956 5326 1136 5377 mensuras
1172 5305 1352 5377 confertas.
1397 5304 1484 5376 Item
1521 5290 1672 5396 quatuor
1698 5323 1841 5395 grossos

289 5423 423 5494 ratione
450 5445 618 5518 opromne.
646 5425 733 5497 Item
760 5427 937 5515 tabernae,
965 5427 1049 5498 item
1070 5425 1296 5516 hortulaniae,
1324 5427 1405 5498 item
1433 5426 1623 5516 praedium;
1651 5426 1735 5496 item
1753 5422 1843 5497 scol·

289 5545 375 5615 tetia
401 5566 469 5616 non
498 5552 560 5617 est.
589 5545 675 5617 Item
704 5547 872 5616 minorem
900 5553 1035 5636 partem
1064 5567 1106 5617 ιι
1135 5547 1200 5618 bac
1221 5546 1305 5618 villa
1322 5546 1474 5618 decimae
1501 5546 1736 5636 manipularis,
1762 5566 1843 5636 per-

289 5665 375 5755 cipit
409 5667 590 5756 episcopus
617 5665 876 5755 cracoviensis,
911 5669 1022 5738 maior
1048 5687 1132 5740 vero
1166 5688 1251 5758 pars
1287 5670 1390 5739 etiam
1427 5660 1581 5739 decimae
1617 5666 1842 5757 manipularis

289 5785 436 5859 solvitur
463 5807 526 5877 pro
555 5787 765 5858 monasterio
793 5787 1105 5860 sanctimonialium
1133 5788 1429 5861 Sandeczensium.
1457 5786 1617 5861 Confluat
1643 5807 1722 5861 oum
1741 5841 1749 5857 .
1767 5838 1776 5857 .
1794 5838 1830 5857 ..

392 5907 614 5998 ZAooaszr,
649 5908 732 5980 nilla
758 5908 823 5979 sub
850 5909 1015 5998 parocbia
1051 5909 1093 5981 de
1121 5911 1360 5982 Laneuslro
1397 5910 1483 6000 sita,
1520 5909 1618 5983 onius
1645 5906 1844 6001 proprietas

289 6028 442 6118 pertinet
469 6030 513 6100 ad
540 6030 786 6100 monasterium
823 6029 1135 6102 sanctimonialium
1168 6031 1464 6104 Saudeozensium.
1510 6030 1550 6100 In
1577 6050 1646 6121 qna
1671 6034 1757 6102 sunt·
1780 6044 1843 6101 sex

81 6242 96 6259 ἡ
192 6164 223 6251 Ι·
289 6148 380 6221 lanei
416 6150 668 6239 cmetlronales,
705 6156 741 6221 et
778 6150 904 6222 solutio
940 6173 1063 6225 census
1099 6152 1353 6224 diversificatur
1389 6151 1573 6223 secuudum
1610 6150 1844 6241 quantitatem

78 6278 81 6285 '
136 6246 154 6283 '³
289 6291 460 6362 agrorum,
486 6279 523 6343 et
550 6271 654 6343 solvit
680 6271 826 6362 quilibet
853 6295 958 6345 nuum
983 6274 1132 6366 gallum,
1160 6274 1248 6345 duos
1275 6293 1394 6343 caseos
1421 6280 1457 6344 et
1483 6272 1606 6361 viginti
1635 6292 1709 6342 ova
1753 6268 1844 6341 Item

289 6413 393 6465 uuam
412 6390 599 6489 powobom
625 6392 785 6465 laborant
813 6416 987 6485 provere,
1015 6396 1161 6466 alteram
1188 6414 1251 6483 pro
1270 6393 1402 6485 hyeme.
1429 6393 1516 6463 Item
1545 6370 1680 6463 risione
1704 6410 1864 6511 nascaq).
