4217 8059
1639 1467 1919 1599 'a‘

250 1695 355 1749 uuum
376 1675 487 1750 tritici
505 1677 689 1769 confertos,
717 1701 899 1753 mensurae
922 1679 1211 1772 Myechoviensis.
1238 1682 1324 1754 Item
1345 1683 1530 1777 promebam
1556 1683 1717 1757 laborant
1743 1688 1806 1760 du·

251 1799 374 1887 pIIcem
403 1820 468 1888 pro
487 1799 671 1871 frumentis
689 1807 725 1872 et
743 1803 967 1892 hyemalibus.
994 1804 1082 1874 Item
1109 1805 1256 1876 taberna
1282 1825 1350 1874 una
1377 1806 1509 1876 habens
1536 1827 1649 1896 agros,
1675 1809 1720 1879 de
1737 1828 1806 1898 qua

250 1919 398 1991 solvitur
425 1940 548 1992 census
576 1942 645 1991 uua
671 1943 853 2011 sexagena.
898 1924 986 1994 Item
1014 1925 1231 1994 hortulaniae
1258 1932 1331 1996 tres
1358 1927 1527 1997 habentes
1554 1920 1671 2018 agros,
1699 1949 1803 2018 quae·

249 2040 337 2112 libet
364 2041 470 2112 solvit
497 2049 575 2112 octo
603 2050 745 2131 scottos
773 2051 809 2114 et
826 2043 964 2114 laborat
991 2044 1083 2115 diem
1102 2066 1204 2115 uuam
1223 2047 1259 2115 iu
1278 2047 1479 2135 septimana.
1506 2047 1595 2116 Item
1622 2049 1804 2136 praedium

249 2162 377 2231 bouum
405 2163 453 2233 ibi
481 2163 698 2253 coenobiale,
735 2165 779 2233 de
806 2165 904 2235 cuius
931 2166 1025 2253 agris
1052 2166 1201 2236 solvitur
1227 2166 1360 2235 decima
1386 2168 1610 2256 manipularis
1637 2170 1803 2240 ecclesiae

250 2284 444 2371 parochiali
470 2284 506 2353 iu
533 2284 766 2356 Slawicze.
811 2286 900 2356 Item
927 2286 996 2357 duo
1023 2282 1124 2374 lanei,
1154 2287 1212 2375 qui
1239 2295 1339 2357 erant
1366 2288 1576 2377 praediales,
1613 2290 1649 2359 in
1677 2292 1803 2379 quibus

251 2425 341 2474 unus
369 2404 506 2475 umetho
533 2404 678 2495 residet,
704 2406 748 2475 de
775 2425 843 2494 qno
870 2406 1020 2476 decimat
1046 2407 1213 2476 ecclesiae
1239 2408 1275 2477 in
1303 2407 1544 2497 Slawicze,
1572 2416 1608 2480 et
1635 2410 1732 2481 valor
1759 2410 1804 2481 ad

252 2537 319 2595 sex
340 2545 474 2595 marcas
501 2526 693 2615 utriusque.
738 2527 825 2597 Item
853 2527 895 2596 dc
923 2528 1082 2597 omnibus
1109 2529 1203 2616 agris
1239 2528 1386 2598 solvitur
1413 2530 1545 2599 decima
1576 2530 1802 2619 manipularis

251 2653 288 2715 et
313 2646 501 2735 canapalis,
527 2666 591 2736 pro
619 2647 821 2736 episcopatu
848 2646 1080 2737 Gracovieusi,
1107 2654 1143 2717 et
1161 2648 1259 2719 valor
1276 2649 1351 2719 eius
1374 2651 1578 2720 aestimatur
1603 2650 1649 2721 ad
1667 2671 1802 2721 marcas
1921 2731 1925 2734 ,

251 2767 397 2855 viginti·
429 2767 518 2838 Item
545 2775 601 2838 est
627 2767 860 2838 molendinum
887 2768 948 2838 sed
976 2790 1043 2838 non
1073 2769 1179 2839 habet
1206 2789 1327 2858 agros,
1354 2770 1444 2858 quod
1473 2771 1578 2870 solvit
1605 2792 1668 2860 pro
1696 2792 1803 2843 censu

250 2908 374 2958 uorem
401 2874 563 2959 fertones.
604 2887 764 2959 Confluat
792 2909 868 2959 cum
897 2888 1140 2977 Slawicze,
1181 2890 1309 2979 oppido
1336 2890 1594 2980 Myechow,
1634 2892 1803 2981 Orlow,

250 3007 649 3097 Sczepanowicze.

355 3128 559 3217 Futurow,
587 3129 671 3201 villa
693 3132 761 3203 sub
789 3131 956 3221 parochia
982 3131 1026 3201 de
1053 3131 1286 3220 Myechow
1313 3132 1389 3221 sita
1417 3133 1514 3204 culus
1540 3134 1735 3222 proprietas
1757 3133 1802 3205 ad
1883 3201 1886 3204 ,

252 3251 500 3321 monasterium
526 3251 794 3340 Myechovieuse
821 3252 982 3341 pertinet.
1010 3252 1050 3320 In
1070 3273 1139 3340 qua
1156 3258 1238 3322 sunt
1265 3252 1412 3321 sedecim
1441 3253 1532 3323 lanei
1559 3255 1803 3341 memorales,

253 3378 290 3440 et
316 3371 464 3460 quilibet
490 3372 595 3443 solvit
630 3392 693 3461 pro
721 3393 826 3443 censu
861 3393 925 3462 per
952 3373 1213 3461 quatuordecim
1250 3377 1398 3460 scottos,
1434 3373 1518 3443 item
1555 3394 1622 3444 ova
1647 3375 1802 3464 triginta,

253 3493 337 3563 item
362 3492 473 3581 gallos
500 3500 663 3582 quatuor,
698 3494 782 3563 item
810 3514 929 3564 caseos
956 3492 1052 3563 duos.
1096 3494 1183 3563 Item
1210 3493 1372 3563 laborant
1398 3492 1485 3565 duos
1511 3493 1586 3564 dics
1614 3495 1649 3564 in
1676 3495 1800 3584 hyeme

252 3620 289 3682 et
316 3618 449 3683 aestate
477 3614 512 3682 in
540 3614 744 3703 septimana,
772 3615 912 3703 proprio
939 3633 1043 3684 curru
1070 3619 1131 3683 aut
1158 3619 1286 3684 aratro.
1321 3613 1410 3683 Item
1431 3612 1615 3706 ponebam
1641 3619 1804 3685 tenentur

246 3733 424 3823 duplicem
458 3734 620 3805 laborare
654 3736 690 3805 in
726 3734 917 3805 Immentis
961 3735 1047 3804 Item
1075 3755 1222 3828 ocazyep.
1266 3734 1354 3804 Item
1389 3735 1537 3804 taberna
1571 3756 1641 3805 una
1667 3736 1801 3806 habeus

251 3875 365 3943 agros,
391 3855 498 3925 solvit
523 3874 587 3944 pro
615 3875 719 3926 censu
747 3855 956 3927 monasterio
984 3875 1088 3925 unam
1116 3874 1330 3942 sexagenam.
1361 3853 1450 3924 Item
1477 3855 1695 3926 hortulaniae
1722 3832 1804 3944 tres,

253 3956 560 4064 quaelibet'solvit
585 3996 648 4065 per
673 3975 853 4064 fertonem,
880 3976 1150 4054 laboraturum
1178 3975 1269 4045 diem
1295 3975 1331 4044 in
1358 3976 1561 4063 septimana.
1587 3975 1674 4046 Item
1703 3996 1804 4065 prae-

253 4096 348 4165 dium
374 4101 430 4167 est
455 4096 492 4166 iu
519 4097 640 4167 eadem
667 4096 749 4167 villa
775 4096 989 4185 coenobiale,
1016 4096 1059 4166 de
1086 4096 1183 4166 cuius
1209 4095 1304 4184 agris
1331 4096 1577 4166 monasterium
1604 4095 1805 4186 Myecbovi·

252 4237 336 4286 ense
363 4235 426 4304 pro
454 4236 492 4287 se
519 4217 614 4288 tollit
639 4216 816 4287 decimani.
860 4217 947 4288 Item
975 4215 1208 4286 molendinum
1236 4220 1290 4285 est
1315 4215 1380 4305 ibi,
1417 4220 1453 4285 et
1479 4216 1584 4286 solvit
1610 4235 1673 4304 pro
1701 4236 1805 4288 censu
1863 4202 1865 4207 ’

255 4338 467 4409 monasterio
487 4392 655 4408 .......
691 4338 777 4409 Item
805 4359 924 4409 omnes
951 4339 1027 4427 agri
1056 4337 1158 4409 villae
1186 4337 1325 4408 solvunt
1351 4342 1387 4405 et
1413 4337 1609 4407 conducunt
1636 4338 1802 4408 decimam

253 4458 503 4548 manipularem
522 4465 559 4529 et
576 4459 785 4549 canapalem,
812 4480 876 4547 pro
904 4458 1114 4528 monasterio
1142 4453 1411 4547 Myechoviensi,
1438 4463 1475 4528 et
1493 4456 1591 4527 valor
1609 4457 1684 4528 eius
1702 4457 1805 4527 aesti-

253 4585 370 4650 matur
396 4579 441 4651 ad
468 4579 648 4651 duodecim
675 4601 819 4655 marcas.
846 4579 1008 4651 Confirrat
1034 4599 1111 4649 cum
1138 4577 1464 4665 Withowicze,
1490 4577 1809 4666 Rzeszuszno,

255 4701 553 4791 Biskupieze.
1760 4682 1771 4703 ⁰

360 4821 659 4911 Psraoscnrczs,
699 4822 783 4893 vllla
809 4823 873 4893 sub
900 4821 1066 4910 parochia
1092 4820 1136 4891 de
1163 4819 1395 4910 Myechow
1421 4819 1497 4909 sita,
1525 4819 1621 4889 cuius
1647 4818 1806 4920 proprIe-

255 4952 312 5015 tus
338 4943 383 5015 ad
410 4945 657 5014 monasterium
684 4943 953 5034 Myechovieuse
980 4944 1143 5031 pertinet.
1170 4942 1210 5012 In
1230 4962 1297 5030 qua
1315 4946 1396 5011 suut
1422 4940 1539 5011 decem
1558 4947 1594 5011 et
1612 4945 1691 5010 octo
1714 4939 1816 5025 lanei,

254 5063 488 5136 emethonales
515 5070 553 5135 et
579 5065 724 5155 quilibet
751 5064 857 5135 solvit
883 5084 945 5154 pro
973 5084 1078 5135 censu
1097 5115 1291 5151 ........
1319 5063 1402 5131 item
1429 5082 1495 5132 ova
1521 5061 1686 5150 triginta,
1721 5061 1806 5157 item

255 5185 367 5274 gallos
394 5193 554 5275 quatuor,
582 5185 665 5255 item
692 5205 812 5256 caseos
839 5186 935 5256 duos.
966 5185 1055 5255 Item
1082 5183 1246 5257 laborant
1271 5181 1359 5252 duos
1386 5162 1460 5252 dies
1487 5181 1523 5252 in
1550 5181 1745 5271 septimana
1771 5182 1807 5251 in

255 5307 380 5397 hyeme
406 5286 443 5377 et
470 5312 604 5378 aestate
631 5284 773 5395 proprio
800 5326 906 5378 curru
933 5310 993 5375 aut
1019 5312 1147 5375 aratro.
1178 5303 1267 5373 Item
1288 5301 1472 5395 powubnm
1498 5307 1681 5393 utramque
1709 5310 1806 5372 tene:

143 5444 147 5450 ·
257 5435 316 5497 tur
342 5426 511 5499 laborare
533 5428 568 5497 in
594 5425 786 5497 frumentis.
813 5425 900 5496 Item
927 5446 1057 5520 oezyep.
1101 5424 1188 5494 Item
1214 5424 1363 5494 taberna
1397 5443 1467 5494 una
1501 5422 1551 5494 ibi
1581 5428 1636 5493 est
1672 5423 1806 5494 habeus

163 5549 166 5553 ’
257 5567 370 5637 agros,
397 5553 434 5619 et
460 5547 565 5619 solvit
583 5601 590 5617 .
610 5600 617 5616 .
636 5601 670 5617 ..
696 5546 785 5630 Item
812 5547 1020 5617 hortulania
1046 5545 1135 5616 Item
1157 5543 1337 5634 praedium
1365 5543 1415 5615 ibi
1441 5543 1641 5615 coenobiale
1668 5541 1806 5634 bonum,

257 5668 300 5739 de
327 5668 426 5739 cuius
453 5668 547 5758 agris
574 5668 823 5739 monasterium
848 5665 1115 5758 Myechoviense
1142 5687 1206 5755 pro
1232 5686 1270 5736 se
1297 5665 1390 5736 tollit
1416 5665 1593 5736 decimam.
1620 5664 1707 5736 Item
1733 5686 1807 5737 mo-

257 5789 435 5861 leudinum
461 5797 517 5862 est
542 5790 601 5880 ibi,
628 5796 665 5860 et
692 5788 796 5860 solvit
821 5809 885 5877 pro
913 5808 1018 5858 censu
1037 5841 1151 5857 .....
1178 5787 1266 5858 Item
1294 5806 1412 5857 omnes
1439 5786 1515 5876 agri
1542 5786 1644 5858 villae
1668 5786 1807 5857 solvunt

258 5917 296 5982 et
320 5910 518 5982 conducunt
543 5910 713 5981 decimam
739 5908 987 5998 manipularem
1015 5916 1051 5979 et
1078 5907 1288 5997 canapalem,
1314 5928 1378 5996 pro
1405 5909 1616 5978 monasterio
1643 5905 1808 5997 Myecho·
1855 5910 1857 5915 ⁴

257 6032 378 6122 riensi,
393 6038 429 6102 et
455 6031 554 6102 valor
572 6031 647 6101 eius
665 6030 871 6100 aestimatur
888 6029 932 6099 ad
951 6029 1144 6118 quindecim
1164 6049 1307 6099 marcas.
1321 6027 1481 6099 Gonfinat
1498 6048 1577 6125 cnm
1595 6026 1807 6100 Chodow...

261 6197 263 6201 -
362 6152 595 6243 Srnnnrsnn,
630 6151 714 6222 villa
740 6151 804 6221 sub
831 6151 996 6247 parochia
1023 6150 1065 6219 de
1093 6149 1324 6240 Myechow
1360 6149 1447 6236 sita,
1467 6184 1470 6193 =
1487 6148 1583 6218 culus
1610 6150 1807 6238 proprieta‘s

258 6258 576 6346 ad'monasterium
604 6266 871 6363 Myechoriense
898 6272 1061 6361 pertinet
1101 6270 1142 6340 lu
1169 6291 1238 6359 qua
1263 6291 1332 6341 non
1359 6269 1573 6377 suntlaliqni
1600 6269 1691 6341 lanei
1715 6290 1807 6342 eme·

257 6395 437 6486 tbonales,
475 6394 535 6465 sed
562 6399 643 6466 sunt
670 6394 888 6465 hortulaniae
916 6413 1066 6493 novem,
1092 6391 1261 6461 habentes
1289 6395 1474 6478 agros,‘et
1501 6392 1676 6480 quaelibet
1703 6391 1807 6463 solvit
1867 6431 1871 6446 ι
