4217 8059
1778 1488 1822 1563 1?

265 1693 418 1767 Jobauni
447 1692 628 1786 Baptistae
664 1692 834 1783 dicatam,
862 1696 961 1767 cuius
987 1696 1184 1785 proprietas
1211 1692 1254 1765 ad
1281 1675 1529 1766 monasterium
1557 1693 1824 1788 Myecboviense

267 1818 430 1907 pertinet.
466 1817 507 1887 In
543 1839 612 1907 qua
637 1823 728 1888 sunt
764 1817 884 1888 decem
911 1818 1002 1887 lanei
1030 1817 1283 1904 ametbonalea,
1309 1821 1344 1886 el
1371 1817 1517 1906 quilibet
1543 1819 1648 1888 solvit
1676 1820 1825 1890 mediam

267 1959 475 2028 sexagenum
511 1959 574 2028 pro
606 1959 730 2027 censu,
757 1938 850 2008 itern-
868 1959 935 2009 ova
961 1939 1125 2028 triginta,
1151 1940 1243 2008 item·
1261 1938 1380 2027 gallos
1401 1945 1567 2028 quatuor,
1594 1939 1678 2014 item
1705 1938 1825 2011 caseos

265 2060 362 2130 duos.
389 2060 476 2131 Item
503 2059 640 2130 laborat
666 2060 812 2148 quilibet
838 2060 926 2130 duos
952 2060 1026 2131 dies
1054 2060 1089 2129 in
1118 2060 1321 2147 septimana,
1339 2061 1423 2130 item
1434 2058 1620 2152 pancadam
1636 2068 1823 2150 atramque

265 2181 435 2270 laborant,
462 2200 527 2270 prn
554 2201 635 2252 rere
662 2187 699 2250 at
713 2182 861 2271 byemc,
885 2181 1027 2269 proprio
1055 2161 1160 2251 curru
1187 2185 1247 2250 aut
1265 2186 1393 2250 aratro.
1421 2181 1508 2250 ltem
1527 2202 1664 2275 carmela
1681 2183 1825 2267 solvunt

267 2322 332 2390 pro
360 2302 581 2372 monasterio.
608 2301 696 2371 Item
721 2302 870 2373 taberna
896 2322 966 2371 una
993 2303 1124 2371 babens
1150 2318 1264 2390 agros,
1283 2321 1371 2391 quae
1390 2301 1495 2371 soluit
1512 2322 1578 2390 pro
1595 2320 1700 2372 censu
1718 2323 1823 2373 unam

268 2442 345 2492 cnm
375 2423 489 2492 media
514 2443 675 2493 marcam.
701 2423 788 2493 Item
817 2423 1035 2492 hortulaniae
1063 2418 1221 2511 quatuor,
1249 2429 1287 2492 et
1313 2422 1488 2511 quaelubet
1510 2420 1617 2492 solvit·
1633 2440 1739 2494 unum
1756 2423 1824 2492 fer·

266 2549 384 2613 macru
412 2550 448 2613 et
474 2564 587 2613 nnuru.
607 2543 701 2612 diem
725 2543 871 2613 laborat.
899 2543 985 2613 Item
1014 2542 1248 2613 molendinum
1269 2564 1342 2613 -non
1370 2549 1425 2613 est
1451 2544 1510 2614 ibi.
1537 2543 1624 2616 ltem
1642 2543 1824 2633 praedium

266 2672 328 2733 est
359 2663 409 2734 ibi
434 2664 654 2753 coenobiale,
680 2664 724 2733 de
761 2685 837 2753 quo
866 2665 1014 2735 solvitur
1049 2665 1182 2734 decima
1207 2664 1434 2753 manipularis
1461 2665 1626 2734 eccleslae
1641 2667 1689 2735 -in
1716 2666 1825 2735 Clio-

268 2784 376 2855 don.
410 2784 498 2857 Item
534 2806 654 2865 omnes
681 2786 757 2873 agri
792 2784 897 2855 villae
924 2786 1066 2856 solvunt
1092 2793 1129 2854 et
1150 2784 1352 2855 conducunt
1378 2785 1545 2855 decimam
1572 2786 1823 2874 manipularem

267 2913 305 2976 et
331 2906 540 2995 canapalem,
567 2927 632 2995 pro
658 2907 803 2977 ecclesia
830 2906 1020 2996 parochiali
1048 2907 1083 2976 in
1112 2906 1316 2996 Unyeow,
1343 2927 1435 2976 nnnc
1460 2907 1570 2976 illam
1583 2908 1680 2977 tollit
1702 2926 1823 2978 mona·

267 3028 412 3097 §mium
438 3027 716 3117 Mpecbovierrse,
743 3034 779 3097 et
805 3028 902 3100 valor
929 3028 1004 3097 eins
1031 3028 1237 3098 aestimatur
1263 3028 1308 3098 ad
1335 3027 1458 3099 decem·
1476 3043 1619 3118 marcas,
1638 3029 1823 3118 aliquando

265 3147 311 3217 ud
347 3147 536 3218 duodecim.
571 3145 733 3219 mannan
768 3169 846 3219 cum
882 3148 1220 3236 Obarsznicza,
1257 3148 1567 3238 Vitbouicze,
1598 3148 1821 3239 Falnyon
1891 3180 1902 3195 κ

267 3267 609 3340 Pnztroszicze.
644 3269 740 3340 Haec
775 3270 860 3340 villa
894 3277 1011 3359 empta
1046 3278 1101 3340 est
1137 3291 1200 3358 per
1219 3269 1442 3340 ·Micbaclem
1478 3271 1823 3358 tuncpraepositnm

267 3386 581 3480 Hyecboviensem,
609 3411 673 3479 pro
699 3393 910 3461 monasterio
938 3390 1208 3480 Myechoviensi,
1234 3410 1256 3460 a
1282 3389 1390 3460 nobili
1417 3388 1592 3461 Dobeslao
1617 3390 1662 3460 de
1688 3387 1824 3479 6η]-

268 3510 372 3598 bow,
399 3511 443 3580 de
470 3511 572 3581 domo
599 3511 750 3582 Rosza
772 3513 891 3582 milite.
923 3554 926 3559 -

371 3629 605 3722 Surorum,
632 3633 716 3703 villa
751 3634 816 3703 snb
852 3634 1030 3722 parocbia·
1052 3633 1096 3703 de
1131 3632 1164 3703 K
1173 3655 1228 3724 yg
1237 3652 1289 3723 ye
1325 3633 1412 3721 sita,
1439 3633 1543 3703 cuius·
1566 3634 1760 3722 proprietas
1787 3639 1824 3702 et

269 3751 458 3822 dominium
485 3753 530 3823 ad
549 3755 795 3824 monasterium
816 3753 1082 3843 Myecboviense
1100 3755 1261 3842 pertinet.
1289 3754 1328 3823 In
1347 3739 1416 3842 qna
1435 3759 1515 3824 sunt
1532 3754 1713 3825 duodecim
1731 3754 1822 3823 lanei

268 3873 512 3960 cmetbonales
541 3882 577 3944 et
604 3874 764 3963 quilibet,
777 3874 882 3945 solvit
901 3928 908 3944 .
927 3929 935 3944 .
954 3906 985 3964 .,=
1007 3875 1091 3944 item
1118 3895 1185 3946 ova
1211 3875 1367 3964 triginta,
1395 3875 1477 3944 item
1496 3874 1721 3963 gollandum,
1740 3876 1824 3944 item

268 4014 388 4064 casem
415 3994 513 4084 dnos,
539 3997 623 4065 itam
651 3996 760 4085 labor,
787 3994 1092 4089 itempoacabmn,
1109 3994 1203 4065 'itam
1230 4016 1368 4090 oaszyep
1395 3995 1534 4066 solvunt
1552 4010 1625 4084 'pro
1649 4001 1823 4065 monaste

267 4116 332 4185 rio.
358 4116 446 4186 Item
473 4123 555 4187 sunt
581 4118 813 4207 ibi‘qnatnor-
834 4119 1003 4188 tabernae
1021 4118 1190 4187 babentes
1209 4137 1321 4206 agros.
1349 4117 1435 4186 item
1457 4116 1673 4186 lrortulnniae
1693 4117 1822 4186 baben-

267 4243 322 4306 tes
349 4258 464 4326 agros,
492 4245 529 4308 et
546 4214 695 4328 quilibet
718 4239 826 4311 solvit
840 4258 947 4309 nuum
964 4237 1144 4326 fertonem,
1172 4247 1208 4308 et
1229 4238 1372 4307 'laborat
1398 4259 1502 4306 unum
1530 4238 1621 4306 dlern
1649 4238 1684 4306 in
1712 4238 1820 4325 septi·

269 4379 382 4428 mana.
409 4359 498 4430 ltem
524 4366 579 4430 est
603 4361 653 4430 ibi
679 4360 859 4450 praedium
877 4361 1093 4447 coenobiale,
1106 4360 1151 4429 de
1168 4361 1265 4430 cuius
1284 4361 1379 4447 agria
1397 4360 1529 4429 meiana
1547 4359 1632 4428 nulli
1651 4359 1817 4444 solvitur,
1916 4449 1922 4455 Ι

269 4478 330 4548 sed
357 4501 432 4549 earn
460 4482 708 4550 monasterinm
735 4501 799 4571 pro
825 4501 864 4550 se
890 4480 992 4550 tollit.
1020 4481 1106 4549 ltern
1134 4486 1188 4549 est
1215 4480 1264 4549 ibi
1291 4479 1533 4568 molendinum,
1559 4480 1701 4549 habens
1720 4500 1823 4566 agros

268 4619 312 4669 ex
340 4602 482 4689 praedio
509 4602 576 4671 sibi
604 4602 759 4691 largitos,
786 4601 879 4700 quod
903 4601 1052 4672 decimat
1069 4621 1133 4690 pro
1151 4601 1363 4672 monasterio
1382 4607 1418 4669 et
1436 4599 1584 4669 solvit...·
1597 4599 1683 4668 ltern
1701 4620 1822 4667 ornnes

268 4721 343 4808 agri
371 4721 474 4792 villae
501 4723 641 4795 solvunt
666 4731 703 4793 et
733 4722 929 4794 conducunt
959 4721 1126 4792 decimam
1162 4722 1421 4811 manipularem¹
1449 4727 1486 4790 et
1512 4720 1730 4808 canapalern'··,
1758 4738 1822 4807 pro

270 4843 469 4932 praebenda
494 4843 706 4934 Kclcziensi,
734 4864 823 4933 qnae
850 4852 995 4914 vocatur
1020 4842 1230 4934 Zydonslm,
1258 4848 1293 4912 ct
1321 4842 1519 4913 valor'eins
1546 4838 1751 4911 aestimatur
1778 4841 1823 4910 ad

269 4963 1667 5055 duodecim‘nrarcas.Confinatcanygye,Suandziwoyowycze...
1792 4980 1800 5001 ¹

359 5085 738 5175 ¹(abruurnnnnowrcza,
766 5086 850 5156 nilla
875 5087 942 5155 sub
965 5077 1134 5175 paioabia
1159 5086 1203 5157 de
1229 5084 1387 5176 Kygye
1414 5085 1491 5173 sita,
1509 5085 1607 5157 cuius
1627 5084 1823 5172 proprietas

270 5207 314 5277 ad
340 5208 589 5283 monasterium
616 5207 885 5298 Myecboviense
920 5208 1094 5296 pertinet:
1122 5208 1259 5296 lmnna
1283 5212 1367 5277 sunt
1387 5213 1528 5294 septem¹
1552 5205 1644 5275 lanei
1671 5205 1823 5275 ernetbo-

270 5329 377 5417 nales,
402 5337 440 5401 et
465 5329 613 5419 quilibet
638 5330 743 5400 solvit
760 5382 769 5398 .
788 5383 796 5398 .
814 5382 840 5418 .,
866 5330 950 5400 item
969 5349 1036 5399 ona
1060 5329 1217 5418 triginta,
1245 5329 1328 5429 item
1354 5327 1465 5417 gallos
1483 5327 1581 5416 dnos,
1600 5327 1683 5396 itenr
1702 5345 1822 5396 caseos

270 5449 367 5539 dnos,
394 5450 475 5520 item
502 5440 611 5539 labor,
637 5451 721 5520 ilem
740 5448 935 5543 ponebam,
962 5450 1211 5543 itomanam
1238 5449 1378 5520 solvunt
1404 5448 1707 5538 promam-sterio.
1735 5447 1822 5516 lteru

270 5571 318 5640 ibi
345 5592 415 5640 nna
440 5571 594 5660 taberna,
622 5571 752 5643 babens
779 5591 883 5660 agros
909 5591 953 5642 ex
979 5571 1136 5661 praedio·
1152 5571 1220 5642 albi
1246 5571 1402 5659 largitos,
1429 5575 1466 5640 ct
1491 5569 1598 5641 solvit
1617 5623 1624 5637 .
1643 5623 1651 5637 .
1733 5568 1823 5638 ltern

271 5700 325 5762 est
351 5713 420 5762 una
446 5692 646 5762 hortulania
671 5690 804 5763 babens
830 5713 943 5781 agros.
971 5693 1059 5763 Item
1085 5699 1141 5763 eat
1166 5700 1272 5763 nuum
1299 5690 1533 5763 molendinum
1560 5691 1692 5762 babens
1710 5708 1823 5778 agros,

273 5805 315 5882 de
342 5833 410 5903 qno
438 5813 585 5884 solvitur
603 5866 717 5882 .....
743 5813 831 5884 Itcnr
857 5822 913 5884 est
939 5814 988 5884 ibi
1014 5835 1123 5885 unum
1148 5814 1328 5904 praedium
1354 5811 1634 5901 coenobiale,‘dc
1662 5812 1759 5881 cuius
1786 5815 1823 5878 et

272 5935 438 6004 tabernae
464 5936 569 6024 agris,
597 5936 745 6005 soluitur
772 5936 905 6006 decima
930 5936 1156 6025 manipularis
1183 5935 1349 6006 eeclesiae
1376 5934 1567 6024 parochiali
1594 5934 1628 6003 in
1657 5932 1822 6031 llygpe.
1910 6026 1913 6037 Ι

272 6053 359 6125 Item
386 6075 505 6126 omncs
530 6056 606 6145 agri
635 6056 736 6126 villae
750 6051 901 6126 -solvnnt
928 6065 965 6127 et
983 6039 1189 6127 ⁸conducunt
1215 6057 1381 6128 decimam
1401 6055 1648 6144 manipularem
1667 6059 1704 6122 et
1721 6072 1822 6123 cana·

272 6175 384 6264 panem
411 6196 475 6265 pro
488 6176 700 6266 ··praebcnda
724 6177 927 6266 lielcziensi,
955 6198 1043 6267 quae
1071 6185 1214 6277 vocatur
1231 6178 1435 6269 Zydowalra,
1453 6182 1490 6245 et
1507 6173 1606 6247 valor
1623 6175 1697 6245 eins
1716 6176 1824 6245 nesti*

273 6305 387 6368 matur
413 6297 457 6367 ad
484 6305 618 6387 septem
644 6318 787 6368 urucas.
814 6299 974 6369 Confluat
993 6320 1069 6368 curn
1093 6297 1258 6389 Kygye,
1285 6297 1823 6387 Scandziwoyonicze.·..
1927 6311 1929 6315 ’

373 6454 588 6506 rau-mm.
759 6480 762 6487 ·
993 6452 995 6457 '
1323 6443 1329 6451 '
1580 6444 1587 6455 ’
1618 6446 1635 6493 ⁸
1689 6441 1692 6446 ’
