<?xml version="1.0" encoding="UTF-8"?>
<!DOCTYPE html PUBLIC "-//W3C//DTD XHTML 1.0 Transitional//EN"
    "http://www.w3.org/TR/xhtml1/DTD/xhtml1-transitional.dtd">
<html xmlns="http://www.w3.org/1999/xhtml" xml:lang="en" lang="en">
 <head>
  <title>
</title>
<meta http-equiv="Content-Type" content="text/html;charset=utf-8" />
  <meta name='ocr-system' content='tesseract 3.04.00' />
  <meta name='ocr-capabilities' content='ocr_page ocr_carea ocr_par ocr_line ocrx_word'/>
</head>
<body>
  <div class='ocr_page' id='page_1' title='image "./joannisdugoszse02dugoog_0139.png"; bbox 0 0 4217 8059; ppageno 0'>
   <div class='ocr_carea' id='block_1_1' title="bbox 1746 1491 1816 1571">
    <p class='ocr_par' dir='ltr' id='par_1_1' title="bbox 1746 1491 1816 1571">
     <span class='ocr_line' id='line_1_1' title="bbox 1746 1491 1816 1571; baseline 0.029 -2"><span class='ocrx_word' id='word_1_1' title='bbox 1746 1491 1816 1571; x_wconf 81' lang='lat' dir='ltr'>tit</span> 
     </span>
    </p>
   </div>
   <div class='ocr_carea' id='block_1_2' title="bbox 266 1701 1849 2634">
    <p class='ocr_par' dir='ltr' id='par_1_2' title="bbox 267 1701 1849 1797">
     <span class='ocr_line' id='line_1_2' title="bbox 267 1701 1849 1797; baseline -0.001 -20"><span class='ocrx_word' id='word_1_2' title='bbox 267 1703 527 1793; x_wconf 81' lang='lat' dir='ltr'>monasterium,</span> <span class='ocrx_word' id='word_1_3' title='bbox 553 1704 621 1779; x_wconf 91' lang='lat' dir='ltr'>duo</span> <span class='ocrx_word' id='word_1_4' title='bbox 640 1704 850 1777; x_wconf 83' lang='lat' dir='ltr'>monasterio</span> <span class='ocrx_word' id='word_1_5' title='bbox 865 1701 1197 1777; x_wconf 80' lang='lat' dir='ltr'>Gnanstocbovieusi</span> <span class='ocrx_word' id='word_1_6' title='bbox 1223 1708 1391 1794; x_wconf 89' lang='lat' dir='ltr'>perpetuo</span> <span class='ocrx_word' id='word_1_7' title='bbox 1416 1701 1564 1777; x_wconf 86' lang='lat' dir='ltr'>contulit</span> <span class='ocrx_word' id='word_1_8' title='bbox 1583 1709 1621 1775; x_wconf 88' lang='lat' dir='ltr'>ct</span> <span class='ocrx_word' id='word_1_9' title='bbox 1638 1703 1817 1794; x_wconf 77' lang='lat' dir='ltr'>inscripsit</span> <span class='ocrx_word' id='word_1_10' title='bbox 1845 1790 1849 1797; x_wconf 36' lang='lat'>‚</span> 
     </span>
    </p>

    <p class='ocr_par' dir='ltr' id='par_1_3' title="bbox 267 1818 1654 1915">
     <span class='ocr_line' id='line_1_3' title="bbox 267 1818 1654 1915; baseline 0 -20"><span class='ocrx_word' id='word_1_11' title='bbox 267 1825 419 1914; x_wconf 80' lang='lat' dir='ltr'>macella,</span> <span class='ocrx_word' id='word_1_12' title='bbox 446 1830 482 1896; x_wconf 89' lang='lat' dir='ltr'>et</span> <span class='ocrx_word' id='word_1_13' title='bbox 508 1818 687 1915; x_wconf 74' lang='lat' dir='ltr'>quodlibet</span> <span class='ocrx_word' id='word_1_14' title='bbox 713 1824 815 1895; x_wconf 89' lang='lat' dir='ltr'>annis</span> <span class='ocrx_word' id='word_1_15' title='bbox 841 1822 988 1913; x_wconf 72' lang='lat' dir='ltr'>nugulis</span> <span class='ocrx_word' id='word_1_16' title='bbox 1014 1824 1121 1896; x_wconf 82' lang='lat' dir='ltr'>solvit</span> <span class='ocrx_word' id='word_1_17' title='bbox 1140 1877 1280 1895; x_wconf 91' lang='grc'><strong>......</strong></span> <span class='ocrx_word' id='word_1_18' title='bbox 1650 1862 1654 1867; x_wconf 97' lang='grc'>-</span> 
     </span>
    </p>

    <p class='ocr_par' dir='ltr' id='par_1_4' title="bbox 266 1942 1824 2634">
     <span class='ocr_line' id='line_1_4' title="bbox 371 1942 1824 2034; baseline 0 -17"><span class='ocrx_word' id='word_1_19' title='bbox 371 1942 557 2032; x_wconf 75' lang='lat' dir='ltr'>Gsssmn,</span> <span class='ocrx_word' id='word_1_20' title='bbox 591 1943 723 2016; x_wconf 82' lang='lat' dir='ltr'>lubrica</span> <span class='ocrx_word' id='word_1_21' title='bbox 749 1943 834 2015; x_wconf 88' lang='lat' dir='ltr'>ferri</span> <span class='ocrx_word' id='word_1_22' title='bbox 861 1944 1077 2034; x_wconf 78' lang='lat' dir='ltr'>cupierim,</span> <span class='ocrx_word' id='word_1_23' title='bbox 1109 1945 1366 2034; x_wconf 87' lang='lat' dir='ltr'>sub-parocbia</span> <span class='ocrx_word' id='word_1_24' title='bbox 1392 1945 1437 2016; x_wconf 92' lang='lat' dir='ltr'>de</span> <span class='ocrx_word' id='word_1_25' title='bbox 1463 1944 1824 2025; x_wconf 81' lang='lat' dir='ltr'>Gzanstocbora</span> 
     </span>
     <span class='ocr_line' id='line_1_5' title="bbox 268 2063 1817 2154; baseline -0.001 -15"><span class='ocrx_word' id='word_1_26' title='bbox 268 2065 472 2154; x_wconf 80' lang='lat' dir='ltr'>sit-,euius</span> <span class='ocrx_word' id='word_1_27' title='bbox 499 2064 693 2154; x_wconf 71' lang='lat' dir='ltr'>proprietas</span> <span class='ocrx_word' id='word_1_28' title='bbox 720 2064 764 2150; x_wconf 86' lang='lat' dir='ltr'>ad</span> <span class='ocrx_word' id='word_1_29' title='bbox 792 2065 1037 2135; x_wconf 84' lang='lat' dir='ltr'>monasterium</span> <span class='ocrx_word' id='word_1_30' title='bbox 1062 2063 1397 2137; x_wconf 85' lang='lat' dir='ltr'>Gzanstocboriense</span> <span class='ocrx_word' id='word_1_31' title='bbox 1424 2065 1587 2154; x_wconf 83' lang='lat' dir='ltr'>pertinet3</span> <span class='ocrx_word' id='word_1_32' title='bbox 1613 2065 1743 2137; x_wconf 86' lang='lat' dir='ltr'>donata</span> <span class='ocrx_word' id='word_1_33' title='bbox 1768 2066 1817 2137; x_wconf 89' lang='lat' dir='ltr'>ei·</span> 
     </span>
     <span class='ocr_line' id='line_1_6' title="bbox 267 2160 1817 2273; baseline -0.001 -16"><span class='ocrx_word' id='word_1_34' title='bbox 267 2185 344 2257; x_wconf 77' lang='lat' dir='ltr'>dem</span> <span class='ocrx_word' id='word_1_35' title='bbox 372 2185 582 2260; x_wconf 87' lang='lat' dir='ltr'>monasterio</span> <span class='ocrx_word' id='word_1_36' title='bbox 609 2181 937 2255; x_wconf 81' lang='lat' dir='ltr'>Genustocboviensi</span> <span class='ocrx_word' id='word_1_37' title='bbox 964 2204 1027 2273; x_wconf 91' lang='lat' dir='ltr'>per</span> <span class='ocrx_word' id='word_1_38' title='bbox 1047 2184 1343 2273; x_wconf 86' lang='lat' dir='ltr'>Vladislaum</span> <span class='ocrx_word' id='word_1_39' title='bbox 1367 2184 1624 2256; x_wconf 77' lang='lat' dir='ltr'>secundun</span> <span class='ocrx_word' id='word_1_40' title='bbox 1652 2160 1817 2263; x_wconf 84' lang='lat' dir='ltr'>Polouise</span> 
     </span>
     <span class='ocr_line' id='line_1_7' title="bbox 266 2282 1814 2393; baseline 0.003 -20"><span class='ocrx_word' id='word_1_41' title='bbox 266 2324 394 2393; x_wconf 80' lang='lat' dir='ltr'>regem,</span> <span class='ocrx_word' id='word_1_42' title='bbox 410 2305 455 2374; x_wconf 83' lang='lat' dir='ltr'>-in</span> <span class='ocrx_word' id='word_1_43' title='bbox 477 2282 620 2375; x_wconf 88' lang='lat' dir='ltr'>-flumiue</span> <span class='ocrx_word' id='word_1_44' title='bbox 651 2296 872 2373; x_wconf 85' lang='lat' dir='ltr'>Zaruows</span> <span class='ocrx_word' id='word_1_45' title='bbox 906 2303 1069 2393; x_wconf 80' lang='lat' dir='ltr'>fundata,</span> <span class='ocrx_word' id='word_1_46' title='bbox 1105 2325 1220 2376; x_wconf 83' lang='lat' dir='ltr'>renas.</span> <span class='ocrx_word' id='word_1_47' title='bbox 1244 2304 1329 2375; x_wconf 82' lang='lat' dir='ltr'>ferri</span> <span class='ocrx_word' id='word_1_48' title='bbox 1356 2312 1391 2375; x_wconf 89' lang='lat' dir='ltr'>et</span> <span class='ocrx_word' id='word_1_49' title='bbox 1417 2306 1567 2375; x_wconf 86' lang='lat' dir='ltr'>minerss</span> <span class='ocrx_word' id='word_1_50' title='bbox 1604 2306 1638 2375; x_wconf 93' lang='lat' dir='ltr'>in</span> <span class='ocrx_word' id='word_1_51' title='bbox 1666 2306 1814 2386; x_wconf 75' lang='lat' dir='ltr'>emunita</span> 
     </span>
     <span class='ocr_line' id='line_1_8' title="bbox 271 2414 1820 2513; baseline 0.001 -17"><span class='ocrx_word' id='word_1_52' title='bbox 271 2424 404 2496; x_wconf 88' lang='lat' dir='ltr'>babens</span> <span class='ocrx_word' id='word_1_53' title='bbox 430 2423 626 2510; x_wconf 73' lang='lat' dir='ltr'>foecundas</span> <span class='ocrx_word' id='word_1_54' title='bbox 653 2430 690 2495; x_wconf 89' lang='lat' dir='ltr'>et</span> <span class='ocrx_word' id='word_1_55' title='bbox 716 2414 880 2512; x_wconf 79' lang='lat' dir='ltr'>piscinam</span> <span class='ocrx_word' id='word_1_56' title='bbox 900 2423 934 2492; x_wconf 91' lang='lat' dir='ltr'>in</span> <span class='ocrx_word' id='word_1_57' title='bbox 951 2424 1072 2497; x_wconf 89' lang='lat' dir='ltr'>eodem</span> <span class='ocrx_word' id='word_1_58' title='bbox 1089 2424 1194 2497; x_wconf 84' lang='lat' dir='ltr'>fluvio</span> <span class='ocrx_word' id='word_1_59' title='bbox 1221 2424 1464 2499; x_wconf 81' lang='lat' dir='ltr'>Szernuua</span> <span class='ocrx_word' id='word_1_60' title='bbox 1491 2425 1642 2513; x_wconf 90' lang='lat' dir='ltr'>piscibus</span> <span class='ocrx_word' id='word_1_61' title='bbox 1669 2426 1820 2513; x_wconf 85' lang='lat' dir='ltr'>uberem,</span> 
     </span>
     <span class='ocr_line' id='line_1_9' title="bbox 270 2544 1198 2634; baseline 0 -18"><span class='ocrx_word' id='word_1_62' title='bbox 270 2552 306 2616; x_wconf 87' lang='lat' dir='ltr'>et</span> <span class='ocrx_word' id='word_1_63' title='bbox 332 2544 438 2616; x_wconf 82' lang='lat' dir='ltr'>solvit</span> <span class='ocrx_word' id='word_1_64' title='bbox 465 2544 565 2615; x_wconf 90' lang='lat' dir='ltr'>aunis</span> <span class='ocrx_word' id='word_1_65' title='bbox 592 2545 737 2633; x_wconf 74' lang='lat' dir='ltr'>singulis</span> <span class='ocrx_word' id='word_1_66' title='bbox 763 2565 827 2634; x_wconf 94' lang='lat' dir='ltr'>pro</span> <span class='ocrx_word' id='word_1_67' title='bbox 854 2546 1065 2628; x_wconf 87' lang='lat' dir='ltr'>monasterio</span> <span class='ocrx_word' id='word_1_68' title='bbox 1084 2599 1198 2618; x_wconf 92' lang='grc'><strong>.....</strong></span> 
     </span>
    </p>
   </div>
   <div class='ocr_carea' id='block_1_3' title="bbox 814 2982 1295 3127">
    <p class='ocr_par' dir='ltr' id='par_1_5' title="bbox 814 2982 1295 3127">
     <span class='ocr_line' id='line_1_10' title="bbox 814 2982 1295 3127; baseline 0.006 -3"><span class='ocrx_word' id='word_1_69' title='bbox 814 2982 1295 3127; x_wconf 80' lang='lat' dir='ltr'>unuscuomuusu</span> 
     </span>
    </p>
   </div>
   <div class='ocr_carea' id='block_1_4' title="bbox 332 3271 1766 3510">
    <p class='ocr_par' dir='ltr' id='par_1_6' title="bbox 332 3271 1766 3510">
     <span class='ocr_line' id='line_1_11' title="bbox 332 3271 1766 3375; baseline 0 -22"><span class='ocrx_word' id='word_1_70' title='bbox 332 3275 502 3353; x_wconf 62' lang='lat' dir='ltr'>metium</span> <span class='ocrx_word' id='word_1_71' title='bbox 537 3276 839 3353; x_wconf 82' lang='lat' dir='ltr'>monesterium</span> <span class='ocrx_word' id='word_1_72' title='bbox 872 3271 1032 3350; x_wconf 82' lang='lat' dir='ltr'>ordinis</span> <span class='ocrx_word' id='word_1_73' title='bbox 1066 3271 1181 3351; x_wconf 82' lang='lat' dir='ltr'>Beati</span> <span class='ocrx_word' id='word_1_74' title='bbox 1203 3272 1328 3350; x_wconf 82' lang='lat' dir='ltr'>-Psuli</span> <span class='ocrx_word' id='word_1_75' title='bbox 1365 3274 1484 3375; x_wconf 86' lang='lat' dir='ltr'>primi</span> <span class='ocrx_word' id='word_1_76' title='bbox 1521 3274 1766 3373; x_wconf 78' lang='lat' dir='ltr'>heremitae,</span> 
     </span>
     <span class='ocr_line' id='line_1_12' title="bbox 482 3407 1612 3510; baseline 0.001 -22"><span class='ocrx_word' id='word_1_77' title='bbox 482 3411 522 3488; x_wconf 91' lang='lat' dir='ltr'>in</span> <span class='ocrx_word' id='word_1_78' title='bbox 555 3407 832 3490; x_wconf 82' lang='lat' dir='ltr'>Oracovienei</span> <span class='ocrx_word' id='word_1_79' title='bbox 866 3410 1055 3489; x_wconf 87' lang='lat' dir='ltr'>dioecesi</span> <span class='ocrx_word' id='word_1_80' title='bbox 1090 3413 1344 3510; x_wconf 67' lang='lat' dir='ltr'>consistens,</span> <span class='ocrx_word' id='word_1_81' title='bbox 1379 3411 1489 3490; x_wconf 84' lang='lat' dir='ltr'>inter</span> <span class='ocrx_word' id='word_1_82' title='bbox 1520 3412 1612 3490; x_wconf 88' lang='lat' dir='ltr'>alla.</span> 
     </span>
    </p>
   </div>
   <div class='ocr_carea' id='block_1_5' title="bbox 275 3584 1958 3840">
    <p class='ocr_par' dir='ltr' id='par_1_7' title="bbox 275 3584 1958 3840">
     <span class='ocr_line' id='line_1_13' title="bbox 377 3584 1958 3719; baseline 0.003 -20"><span class='ocrx_word' id='word_1_83' title='bbox 377 3584 544 3700; x_wconf 81' lang='lat' dir='ltr'>Albertus</span> <span class='ocrx_word' id='word_1_84' title='bbox 562 3629 953 3719; x_wconf 61' lang='lat' dir='ltr'>‘dastrzambyecz</span> <span class='ocrx_word' id='word_1_85' title='bbox 980 3629 1023 3699; x_wconf 91' lang='lat' dir='ltr'>de</span> <span class='ocrx_word' id='word_1_86' title='bbox 1049 3628 1286 3701; x_wconf 88' lang='lat' dir='ltr'>Lubuicze</span> <span class='ocrx_word' id='word_1_87' title='bbox 1309 3650 1362 3700; x_wconf 83' lang='lat' dir='ltr'>ex</span> <span class='ocrx_word' id='word_1_88' title='bbox 1388 3628 1565 3718; x_wconf 83' lang='lat' dir='ltr'>pontilicis</span> <span class='ocrx_word' id='word_1_89' title='bbox 1593 3630 1819 3703; x_wconf 83' lang='lat' dir='ltr'>Posnauieusi</span> <span class='ocrx_word' id='word_1_90' title='bbox 1955 3684 1958 3689; x_wconf 87' lang='lat'>-</span> 
     </span>
     <span class='ocr_line' id='line_1_14' title="bbox 275 3742 1823 3840; baseline 0.003 -19"><span class='ocrx_word' id='word_1_91' title='bbox 275 3750 311 3821; x_wconf 89' lang='lat' dir='ltr'>in</span> <span class='ocrx_word' id='word_1_92' title='bbox 338 3747 599 3820; x_wconf 85' lang='lat' dir='ltr'>Gracoriensem</span> <span class='ocrx_word' id='word_1_93' title='bbox 627 3749 742 3821; x_wconf 89' lang='lat' dir='ltr'>sedem</span> <span class='ocrx_word' id='word_1_94' title='bbox 770 3749 973 3836; x_wconf 82' lang='lat' dir='ltr'>translatus,</span> <span class='ocrx_word' id='word_1_95' title='bbox 988 3742 1200 3838; x_wconf 78' lang='lat' dir='ltr'>¹patrimonii</span> <span class='ocrx_word' id='word_1_96' title='bbox 1227 3749 1282 3821; x_wconf 90' lang='lat' dir='ltr'>sui</span> <span class='ocrx_word' id='word_1_97' title='bbox 1309 3756 1438 3819; x_wconf 93' lang='lat' dir='ltr'>sortem</span> <span class='ocrx_word' id='word_1_98' title='bbox 1466 3755 1503 3820; x_wconf 90' lang='lat' dir='ltr'>et</span> <span class='ocrx_word' id='word_1_99' title='bbox 1529 3748 1756 3840; x_wconf 85' lang='lat' dir='ltr'>ampliaturus</span> <span class='ocrx_word' id='word_1_100' title='bbox 1786 3760 1823 3825; x_wconf 90' lang='lat' dir='ltr'>et</span> 
     </span>
    </p>
   </div>
   <div class='ocr_carea' id='block_1_6' title="bbox 276 3867 1961 3962">
    <p class='ocr_par' dir='ltr' id='par_1_8' title="bbox 276 3867 1961 3962">
     <span class='ocr_line' id='line_1_15' title="bbox 276 3867 1961 3962; baseline 0.001 -21"><span class='ocrx_word' id='word_1_101' title='bbox 276 3867 571 3958; x_wconf 77' lang='lat' dir='ltr'>magnificaturus,</span> <span class='ocrx_word' id='word_1_102' title='bbox 598 3869 778 3940; x_wconf 90' lang='lat' dir='ltr'>ecclesiam</span> <span class='ocrx_word' id='word_1_103' title='bbox 805 3868 1038 3959; x_wconf 76' lang='lat' dir='ltr'>parochialem</span> <span class='ocrx_word' id='word_1_104' title='bbox 1076 3870 1110 3939; x_wconf 92' lang='lat' dir='ltr'>in</span> <span class='ocrx_word' id='word_1_105' title='bbox 1139 3868 1423 3940; x_wconf 88' lang='lat' dir='ltr'>Ba-nschowa</span> <span class='ocrx_word' id='word_1_106' title='bbox 1456 3868 1684 3962; x_wconf 76' lang='lat' dir='ltr'>Militari,</span> <span class='ocrx_word' id='word_1_107' title='bbox 1724 3873 1821 3943; x_wconf 90' lang='lat' dir='ltr'>cuius</span> <span class='ocrx_word' id='word_1_108' title='bbox 1955 3920 1961 3930; x_wconf 89' lang='lat'>-</span> 
     </span>
    </p>
   </div>
   <div class='ocr_carea' id='block_1_7' title="bbox 256 3988 1827 5643">
    <p class='ocr_par' dir='ltr' id='par_1_9' title="bbox 256 3988 1827 5643">
     <span class='ocr_line' id='line_1_16' title="bbox 276 3988 1820 4083; baseline 0.001 -22"><span class='ocrx_word' id='word_1_109' title='bbox 276 3996 313 4061; x_wconf 88' lang='lat' dir='ltr'>et</span> <span class='ocrx_word' id='word_1_110' title='bbox 337 3989 413 4078; x_wconf 86' lang='lat' dir='ltr'>ipse¹</span> <span class='ocrx_word' id='word_1_111' title='bbox 438 4009 515 4059; x_wconf 91' lang='lat' dir='ltr'>eum</span> <span class='ocrx_word' id='word_1_112' title='bbox 543 3990 725 4078; x_wconf 81' lang='lat' dir='ltr'>nepotibus</span> <span class='ocrx_word' id='word_1_113' title='bbox 762 3989 976 4078; x_wconf 86' lang='lat' dir='ltr'>caeterisque</span> <span class='ocrx_word' id='word_1_114' title='bbox 1011 3988 1178 4061; x_wconf 84' lang='lat' dir='ltr'>militibus</span> <span class='ocrx_word' id='word_1_115' title='bbox 1214 3989 1386 4061; x_wconf 88' lang='lat' dir='ltr'>dedomo</span> <span class='ocrx_word' id='word_1_116' title='bbox 1413 3989 1606 4062; x_wconf 82' lang='lat' dir='ltr'>etfamilia</span> <span class='ocrx_word' id='word_1_117' title='bbox 1641 3989 1820 4083; x_wconf 84' lang='lat' dir='ltr'>Accipi-</span> 
     </span>
     <span class='ocr_line' id='line_1_17' title="bbox 276 4108 1821 4201; baseline 0.003 -20"><span class='ocrx_word' id='word_1_118' title='bbox 276 4116 390 4181; x_wconf 88' lang='lat' dir='ltr'>trum</span> <span class='ocrx_word' id='word_1_119' title='bbox 426 4115 593 4198; x_wconf 89' lang='lat' dir='ltr'>patronus</span> <span class='ocrx_word' id='word_1_120' title='bbox 630 4116 666 4180; x_wconf 88' lang='lat' dir='ltr'>et</span> <span class='ocrx_word' id='word_1_121' title='bbox 692 4108 837 4180; x_wconf 82' lang='lat' dir='ltr'>collator</span> <span class='ocrx_word' id='word_1_122' title='bbox 872 4116 965 4198; x_wconf 89' lang='lat' dir='ltr'>erat,</span> <span class='ocrx_word' id='word_1_123' title='bbox 993 4116 1029 4179; x_wconf 91' lang='lat' dir='ltr'>et</span> <span class='ocrx_word' id='word_1_124' title='bbox 1055 4108 1303 4180; x_wconf 87' lang='lat' dir='ltr'>Pozuaniensis</span> <span class='ocrx_word' id='word_1_125' title='bbox 1338 4110 1520 4199; x_wconf 85' lang='lat' dir='ltr'>episcopus</span> <span class='ocrx_word' id='word_1_126' title='bbox 1543 4111 1705 4201; x_wconf 82' lang='lat' dir='ltr'>existens,</span> <span class='ocrx_word' id='word_1_127' title='bbox 1730 4133 1821 4185; x_wconf 87' lang='lat' dir='ltr'>anuo</span> 
     </span>
     <span class='ocr_line' id='line_1_18' title="bbox 276 4220 1821 4319; baseline 0.003 -18"><span class='ocrx_word' id='word_1_128' title='bbox 276 4229 415 4314; x_wconf 87' lang='lat' dir='ltr'>Domini</span> <span class='ocrx_word' id='word_1_129' title='bbox 445 4231 568 4301; x_wconf 79' lang='lat'>1407.-</span> <span class='ocrx_word' id='word_1_130' title='bbox 593 4250 668 4300; x_wconf 89' lang='lat' dir='ltr'>cum</span> <span class='ocrx_word' id='word_1_131' title='bbox 696 4235 802 4301; x_wconf 87' lang='lat' dir='ltr'>autea</span> <span class='ocrx_word' id='word_1_132' title='bbox 826 4230 942 4319; x_wconf 80' lang='lat' dir='ltr'>lignea</span> <span class='ocrx_word' id='word_1_133' title='bbox 968 4235 1004 4301; x_wconf 90' lang='lat' dir='ltr'>et</span> <span class='ocrx_word' id='word_1_134' title='bbox 1030 4230 1174 4300; x_wconf 86' lang='lat' dir='ltr'>humilia</span> <span class='ocrx_word' id='word_1_135' title='bbox 1212 4229 1370 4300; x_wconf 80' lang='lat' dir='ltr'>aedificia</span> <span class='ocrx_word' id='word_1_136' title='bbox 1409 4230 1563 4319; x_wconf 87' lang='lat' dir='ltr'>baberet,</span> <span class='ocrx_word' id='word_1_137' title='bbox 1602 4231 1637 4301; x_wconf 91' lang='lat' dir='ltr'>in</span> <span class='ocrx_word' id='word_1_138' title='bbox 1665 4220 1821 4308; x_wconf 77' lang='lat' dir='ltr'>mutilem</span> 
     </span>
     <span class='ocr_line' id='line_1_19' title="bbox 277 4347 1822 4435; baseline 0.003 -15"><span class='ocrx_word' id='word_1_139' title='bbox 277 4356 312 4420; x_wconf 89' lang='lat' dir='ltr'>et</span> <span class='ocrx_word' id='word_1_140' title='bbox 336 4358 507 4421; x_wconf 86' lang='lat' dir='ltr'>muretum</span> <span class='ocrx_word' id='word_1_141' title='bbox 536 4349 855 4435; x_wconf 67' lang='lat' dir='ltr'>transformaverat</span> <span class='ocrx_word' id='word_1_142' title='bbox 883 4371 973 4420; x_wconf 82' lang='lat' dir='ltr'>anno</span> <span class='ocrx_word' id='word_1_143' title='bbox 1000 4349 1138 4421; x_wconf 89' lang='lat' dir='ltr'>Domini</span> <span class='ocrx_word' id='word_1_144' title='bbox 1172 4350 1277 4419; x_wconf 79' lang='lat'>1421.</span> <span class='ocrx_word' id='word_1_145' title='bbox 1297 4350 1331 4419; x_wconf 92' lang='lat' dir='ltr'>in</span> <span class='ocrx_word' id='word_1_146' title='bbox 1351 4349 1407 4420; x_wconf 89' lang='lat' dir='ltr'>die</span> <span class='ocrx_word' id='word_1_147' title='bbox 1425 4347 1458 4419; x_wconf 89' lang='lat' dir='ltr'>S.</span> <span class='ocrx_word' id='word_1_148' title='bbox 1477 4349 1659 4423; x_wconf 80' lang='lat' dir='ltr'>Trinitatis</span> <span class='ocrx_word' id='word_1_149' title='bbox 1686 4353 1722 4423; x_wconf 90' lang='lat' dir='ltr'>in</span> <span class='ocrx_word' id='word_1_150' title='bbox 1741 4373 1822 4425; x_wconf 85' lang='lat' dir='ltr'>cou-</span> 
     </span>
     <span class='ocr_line' id='line_1_20' title="bbox 279 4444 1827 4569; baseline 0.001 -26"><span class='ocrx_word' id='word_1_151' title='bbox 279 4470 473 4543; x_wconf 82' lang='lat' dir='ltr'>ventualem</span> <span class='ocrx_word' id='word_1_152' title='bbox 501 4479 538 4541; x_wconf 89' lang='lat' dir='ltr'>et</span> <span class='ocrx_word' id='word_1_153' title='bbox 565 4472 788 4542; x_wconf 87' lang='lat' dir='ltr'>monasticam</span> <span class='ocrx_word' id='word_1_154' title='bbox 816 4444 1047 4569; x_wconf 78' lang='lat' dir='ltr'>transferens,</span> <span class='ocrx_word' id='word_1_155' title='bbox 1088 4489 1232 4559; x_wconf 84' lang='lat' dir='ltr'>eumque</span> <span class='ocrx_word' id='word_1_156' title='bbox 1266 4469 1435 4541; x_wconf 83' lang='lat' dir='ltr'>iratribus</span> <span class='ocrx_word' id='word_1_157' title='bbox 1462 4469 1563 4540; x_wconf 87' lang='lat' dir='ltr'>Beati</span> <span class='ocrx_word' id='word_1_158' title='bbox 1590 4469 1689 4542; x_wconf 90' lang='lat' dir='ltr'>Pauli</span> <span class='ocrx_word' id='word_1_159' title='bbox 1724 4474 1827 4563; x_wconf 92' lang='lat' dir='ltr'>primi</span> 
     </span>
     <span class='ocr_line' id='line_1_21' title="bbox 256 4568 1823 4680; baseline 0.001 -17"><span class='ocrx_word' id='word_1_160' title='bbox 256 4590 484 4680; x_wconf 79' lang='lat' dir='ltr'>heremitae,</span> <span class='ocrx_word' id='word_1_161' title='bbox 524 4592 588 4663; x_wconf 91' lang='lat' dir='ltr'>sub</span> <span class='ocrx_word' id='word_1_162' title='bbox 623 4591 744 4680; x_wconf 83' lang='lat' dir='ltr'>regula</span> <span class='ocrx_word' id='word_1_163' title='bbox 770 4591 870 4663; x_wconf 84' lang='lat' dir='ltr'>Benti</span> <span class='ocrx_word' id='word_1_164' title='bbox 898 4589 1104 4679; x_wconf 80' lang='lat' dir='ltr'>Augustini,</span> <span class='ocrx_word' id='word_1_165' title='bbox 1138 4595 1176 4662; x_wconf 92' lang='lat' dir='ltr'>et</span> <span class='ocrx_word' id='word_1_166' title='bbox 1210 4589 1274 4660; x_wconf 92' lang='lat' dir='ltr'>sub</span> <span class='ocrx_word' id='word_1_167' title='bbox 1311 4568 1486 4661; x_wconf 80' lang='lat' dir='ltr'>nonnullis</span> <span class='ocrx_word' id='word_1_168' title='bbox 1497 4662 1505 4672; x_wconf 76' lang='grc'><strong>,</strong></span> <span class='ocrx_word' id='word_1_169' title='bbox 1518 4590 1823 4665; x_wconf 84' lang='lat' dir='ltr'>constitutionibus</span> 
     </span>
     <span class='ocr_line' id='line_1_22' title="bbox 279 4707 1824 4801; baseline -0.001 -16"><span class='ocrx_word' id='word_1_170' title='bbox 279 4711 510 4801; x_wconf 86' lang='lat' dir='ltr'>superadditis</span> <span class='ocrx_word' id='word_1_171' title='bbox 552 4712 770 4800; x_wconf 84' lang='lat' dir='ltr'>viventibus,</span> <span class='ocrx_word' id='word_1_172' title='bbox 818 4712 1019 4800; x_wconf 80' lang='lat' dir='ltr'>consignat,</span> <span class='ocrx_word' id='word_1_173' title='bbox 1060 4711 1096 4781; x_wconf 91' lang='lat' dir='ltr'>in</span> <span class='ocrx_word' id='word_1_174' title='bbox 1142 4710 1277 4781; x_wconf 87' lang='lat' dir='ltr'>laudem</span> <span class='ocrx_word' id='word_1_175' title='bbox 1318 4707 1574 4799; x_wconf 82' lang='lat' dir='ltr'>Omnipotentis</span> <span class='ocrx_word' id='word_1_176' title='bbox 1613 4709 1679 4780; x_wconf 88' lang='lat' dir='ltr'>Dei</span> <span class='ocrx_word' id='word_1_177' title='bbox 1718 4712 1824 4784; x_wconf 87' lang='lat' dir='ltr'>boras</span> 
     </span>
     <span class='ocr_line' id='line_1_23' title="bbox 281 4817 1824 4922; baseline 0.001 -17"><span class='ocrx_word' id='word_1_178' title='bbox 281 4839 468 4905; x_wconf 77' lang='lat' dir='ltr'>uomumas</span> <span class='ocrx_word' id='word_1_179' title='bbox 508 4838 545 4903; x_wconf 88' lang='lat' dir='ltr'>et</span> <span class='ocrx_word' id='word_1_180' title='bbox 585 4834 749 4921; x_wconf 89' lang='lat' dir='ltr'>diumas‚</span> <span class='ocrx_word' id='word_1_181' title='bbox 790 4852 914 4922; x_wconf 83' lang='lat' dir='ltr'>resque</span> <span class='ocrx_word' id='word_1_182' title='bbox 955 4817 1090 4903; x_wconf 86' lang='lat' dir='ltr'>divinas</span> <span class='ocrx_word' id='word_1_183' title='bbox 1117 4839 1154 4901; x_wconf 88' lang='lat' dir='ltr'>et</span> <span class='ocrx_word' id='word_1_184' title='bbox 1180 4837 1319 4907; x_wconf 87' lang='lat' dir='ltr'>caetera</span> <span class='ocrx_word' id='word_1_185' title='bbox 1357 4829 1476 4901; x_wconf 85' lang='lat' dir='ltr'>divina</span> <span class='ocrx_word' id='word_1_186' title='bbox 1514 4829 1628 4907; x_wconf 85' lang='lat' dir='ltr'>officia</span> <span class='ocrx_word' id='word_1_187' title='bbox 1667 4833 1824 4922; x_wconf 82' lang='lat' dir='ltr'>expletu-</span> 
     </span>
     <span class='ocr_line' id='line_1_24' title="bbox 279 4930 1826 5040; baseline 0.002 -19"><span class='ocrx_word' id='word_1_188' title='bbox 279 4952 346 5040; x_wconf 88' lang='lat' dir='ltr'>ris,</span> <span class='ocrx_word' id='word_1_189' title='bbox 373 4957 551 5023; x_wconf 86' lang='lat' dir='ltr'>eteorum</span> <span class='ocrx_word' id='word_1_190' title='bbox 580 4953 772 5022; x_wconf 90' lang='lat' dir='ltr'>animarum</span> <span class='ocrx_word' id='word_1_191' title='bbox 800 4953 835 5021; x_wconf 91' lang='lat' dir='ltr'>in</span> <span class='ocrx_word' id='word_1_192' title='bbox 863 4951 963 5040; x_wconf 86' lang='lat' dir='ltr'>plebe</span> <span class='ocrx_word' id='word_1_193' title='bbox 989 4950 1289 5039; x_wconf 82' lang='lat' dir='ltr'>illiusperuchine</span> <span class='ocrx_word' id='word_1_194' title='bbox 1314 4930 1476 5040; x_wconf 66' lang='lat' dir='ltr'>pessum.</span> <span class='ocrx_word' id='word_1_195' title='bbox 1513 4949 1592 5022; x_wconf 89' lang='lat' dir='ltr'>Non</span> <span class='ocrx_word' id='word_1_196' title='bbox 1618 4938 1733 5023; x_wconf 83' lang='lat' dir='ltr'>tamen</span> <span class='ocrx_word' id='word_1_197' title='bbox 1753 4973 1826 5024; x_wconf 76' lang='lat' dir='ltr'>mo</span> 
     </span>
     <span class='ocr_line' id='line_1_25' title="bbox 280 5069 1825 5160; baseline 0.002 -18"><span class='ocrx_word' id='word_1_198' title='bbox 280 5074 430 5151; x_wconf 85' lang='lat' dir='ltr'>nasterio</span> <span class='ocrx_word' id='word_1_199' title='bbox 458 5072 510 5142; x_wconf 92' lang='lat' dir='ltr'>illi</span> <span class='ocrx_word' id='word_1_200' title='bbox 536 5093 625 5142; x_wconf 87' lang='lat' dir='ltr'>novo</span> <span class='ocrx_word' id='word_1_201' title='bbox 653 5073 746 5143; x_wconf 87' lang='lat' dir='ltr'>circa</span> <span class='ocrx_word' id='word_1_202' title='bbox 771 5072 1053 5158; x_wconf 87' lang='lat' dir='ltr'>translationem,</span> <span class='ocrx_word' id='word_1_203' title='bbox 1090 5069 1240 5160; x_wconf 82' lang='lat' dir='ltr'>aliquam</span> <span class='ocrx_word' id='word_1_204' title='bbox 1267 5070 1381 5141; x_wconf 88' lang='lat' dir='ltr'>dotem</span> <span class='ocrx_word' id='word_1_205' title='bbox 1409 5071 1633 5160; x_wconf 83' lang='lat' dir='ltr'>crassiorem,</span> <span class='ocrx_word' id='word_1_206' title='bbox 1660 5072 1720 5144; x_wconf 91' lang='lat' dir='ltr'>sed</span> <span class='ocrx_word' id='word_1_207' title='bbox 1747 5079 1825 5145; x_wconf 77' lang='lat' dir='ltr'>teu·</span> 
     </span>
     <span class='ocr_line' id='line_1_26' title="bbox 278 5190 1822 5285; baseline 0 -20"><span class='ocrx_word' id='word_1_208' title='bbox 278 5193 453 5265; x_wconf 87' lang='lat' dir='ltr'>tummodo</span> <span class='ocrx_word' id='word_1_209' title='bbox 482 5199 637 5275; x_wconf 88' lang='lat' dir='ltr'>vetustos</span> <span class='ocrx_word' id='word_1_210' title='bbox 665 5199 851 5282; x_wconf 88' lang='lat' dir='ltr'>proventus</span> <span class='ocrx_word' id='word_1_211' title='bbox 878 5191 1044 5263; x_wconf 88' lang='lat' dir='ltr'>ecclesiae</span> <span class='ocrx_word' id='word_1_212' title='bbox 1071 5190 1299 5285; x_wconf 88' lang='lat' dir='ltr'>parochialis,</span> <span class='ocrx_word' id='word_1_213' title='bbox 1327 5197 1364 5262; x_wconf 86' lang='lat' dir='ltr'>et</span> <span class='ocrx_word' id='word_1_214' title='bbox 1389 5198 1576 5279; x_wconf 87' lang='lat' dir='ltr'>proventus</span> <span class='ocrx_word' id='word_1_215' title='bbox 1604 5194 1822 5282; x_wconf 81' lang='lat' dir='ltr'>praebendae</span> 
     </span>
     <span class='ocr_line' id='line_1_27' title="bbox 281 5310 1826 5404; baseline 0.001 -21"><span class='ocrx_word' id='word_1_216' title='bbox 281 5313 498 5402; x_wconf 77' lang='lat' dir='ltr'>scrutaris,</span> <span class='ocrx_word' id='word_1_217' title='bbox 539 5333 640 5404; x_wconf 88' lang='lat' dir='ltr'>quam</span> <span class='ocrx_word' id='word_1_218' title='bbox 668 5313 850 5401; x_wconf 71' lang='lat' dir='ltr'>episcopus</span> <span class='ocrx_word' id='word_1_219' title='bbox 877 5310 1116 5387; x_wconf 76' lang='lat' dir='ltr'>cracoviensis</span> <span class='ocrx_word' id='word_1_220' title='bbox 1143 5311 1295 5381; x_wconf 82' lang='lat' dir='ltr'>existens</span> <span class='ocrx_word' id='word_1_221' title='bbox 1322 5311 1357 5380; x_wconf 92' lang='lat' dir='ltr'>iu</span> <span class='ocrx_word' id='word_1_222' title='bbox 1385 5312 1505 5383; x_wconf 88' lang='lat' dir='ltr'>eadem</span> <span class='ocrx_word' id='word_1_223' title='bbox 1532 5312 1678 5383; x_wconf 86' lang='lat' dir='ltr'>ecclesie</span> <span class='ocrx_word' id='word_1_224' title='bbox 1703 5312 1826 5385; x_wconf 84' lang='lat' dir='ltr'>funde·</span> 
     </span>
     <span class='ocr_line' id='line_1_28' title="bbox 280 5431 1824 5523; baseline 0.001 -20"><span class='ocrx_word' id='word_1_225' title='bbox 280 5440 388 5522; x_wconf 83' lang='lat' dir='ltr'>verat,</span> <span class='ocrx_word' id='word_1_226' title='bbox 415 5441 451 5505; x_wconf 91' lang='lat' dir='ltr'>et</span> <span class='ocrx_word' id='word_1_227' title='bbox 477 5434 618 5505; x_wconf 88' lang='lat' dir='ltr'>decimis</span> <span class='ocrx_word' id='word_1_228' title='bbox 645 5434 917 5523; x_wconf 89' lang='lat' dir='ltr'>manipularibus</span> <span class='ocrx_word' id='word_1_229' title='bbox 954 5439 1094 5503; x_wconf 86' lang='lat' dir='ltr'>mensae</span> <span class='ocrx_word' id='word_1_230' title='bbox 1128 5431 1334 5521; x_wconf 86' lang='lat' dir='ltr'>episcopalis</span> <span class='ocrx_word' id='word_1_231' title='bbox 1369 5432 1404 5501; x_wconf 91' lang='lat' dir='ltr'>in</span> <span class='ocrx_word' id='word_1_232' title='bbox 1432 5437 1578 5521; x_wconf 88' lang='lat' dir='ltr'>utraque</span> <span class='ocrx_word' id='word_1_233' title='bbox 1606 5431 1824 5505; x_wconf 83' lang='lat' dir='ltr'>Swicbow</span> 
     </span>
     <span class='ocr_line' id='line_1_29' title="bbox 282 5550 1826 5643; baseline -0.002 -17"><span class='ocrx_word' id='word_1_234' title='bbox 282 5554 465 5627; x_wconf 88' lang='lat' dir='ltr'>dotaverat</span> <span class='ocrx_word' id='word_1_235' title='bbox 491 5556 663 5643; x_wconf 83' lang='lat' dir='ltr'>assignat,</span> <span class='ocrx_word' id='word_1_236' title='bbox 699 5575 807 5643; x_wconf 92' lang='lat' dir='ltr'>prope</span> <span class='ocrx_word' id='word_1_237' title='bbox 835 5560 951 5625; x_wconf 91' lang='lat' dir='ltr'>tamen</span> <span class='ocrx_word' id='word_1_238' title='bbox 978 5557 1126 5624; x_wconf 90' lang='lat' dir='ltr'>mortem</span> <span class='ocrx_word' id='word_1_239' title='bbox 1153 5552 1380 5641; x_wconf 83' lang='lat' dir='ltr'>constitutus,</span> <span class='ocrx_word' id='word_1_240' title='bbox 1413 5550 1567 5623; x_wconf 80' lang='lat' dir='ltr'>villulam</span> <span class='ocrx_word' id='word_1_241' title='bbox 1593 5558 1729 5624; x_wconf 87' lang='lat' dir='ltr'>tenuem</span> <span class='ocrx_word' id='word_1_242' title='bbox 1757 5552 1826 5623; x_wconf 93' lang='lat' dir='ltr'>Bi-</span> 
     </span>
    </p>
   </div>
   <div class='ocr_carea' id='block_1_8' title="bbox 157 5671 1826 5767">
    <p class='ocr_par' dir='ltr' id='par_1_10' title="bbox 157 5671 1826 5767">
     <span class='ocr_line' id='line_1_30' title="bbox 157 5671 1826 5767; baseline 0 -22"><span class='ocrx_word' id='word_1_243' title='bbox 157 5760 162 5767; x_wconf 34' lang='grc'><strong>,</strong></span> <span class='ocrx_word' id='word_1_244' title='bbox 282 5676 430 5747; x_wconf 83' lang='lat' dir='ltr'>dlona</span> <span class='ocrx_word' id='word_1_245' title='bbox 453 5675 521 5745; x_wconf 90' lang='lat' dir='ltr'>illis</span> <span class='ocrx_word' id='word_1_246' title='bbox 548 5683 731 5761; x_wconf 86' lang='lat' dir='ltr'>coemerat,</span> <span class='ocrx_word' id='word_1_247' title='bbox 758 5675 850 5746; x_wconf 90' lang='lat' dir='ltr'>mille</span> <span class='ocrx_word' id='word_1_248' title='bbox 876 5675 1019 5764; x_wconf 87' lang='lat' dir='ltr'>insuper</span> <span class='ocrx_word' id='word_1_249' title='bbox 1046 5694 1180 5745; x_wconf 87' lang='lat' dir='ltr'>marcas</span> <span class='ocrx_word' id='word_1_250' title='bbox 1207 5673 1355 5745; x_wconf 89' lang='lat' dir='ltr'>latorum</span> <span class='ocrx_word' id='word_1_251' title='bbox 1382 5692 1582 5761; x_wconf 82' lang='lat' dir='ltr'>grossorum</span> <span class='ocrx_word' id='word_1_252' title='bbox 1600 5671 1826 5763; x_wconf 63' lang='lat' dir='ltr'>hagensium</span> 
     </span>
    </p>
   </div>
   <div class='ocr_carea' id='block_1_9' title="bbox 182 5778 1903 6479">
    <p class='ocr_par' dir='ltr' id='par_1_11' title="bbox 182 5778 1903 6479">
     <span class='ocr_line' id='line_1_31' title="bbox 281 5778 1903 5889; baseline -0.001 -20"><span class='ocrx_word' id='word_1_253' title='bbox 281 5816 344 5889; x_wconf 87' lang='lat' dir='ltr'>pro</span> <span class='ocrx_word' id='word_1_254' title='bbox 372 5796 597 5885; x_wconf 88' lang='lat' dir='ltr'>amplioribus</span> <span class='ocrx_word' id='word_1_255' title='bbox 623 5796 723 5867; x_wconf 90' lang='lat' dir='ltr'>bonis</span> <span class='ocrx_word' id='word_1_256' title='bbox 751 5796 962 5885; x_wconf 77' lang='lat' dir='ltr'>contuendis,</span> <span class='ocrx_word' id='word_1_257' title='bbox 999 5798 1034 5867; x_wconf 92' lang='lat' dir='ltr'>in</span> <span class='ocrx_word' id='word_1_258' title='bbox 1062 5795 1219 5869; x_wconf 88' lang='lat' dir='ltr'>manibus</span> <span class='ocrx_word' id='word_1_259' title='bbox 1256 5778 1448 5883; x_wconf 42' lang='lat' dir='ltr'>Sbign‘ei</span> <span class='ocrx_word' id='word_1_260' title='bbox 1484 5794 1635 5884; x_wconf 89' lang='lat' dir='ltr'>episcopi</span> <span class='ocrx_word' id='word_1_261' title='bbox 1663 5793 1825 5869; x_wconf 80' lang='lat' dir='ltr'>Oratori-</span> <span class='ocrx_word' id='word_1_262' title='bbox 1901 5797 1903 5801; x_wconf 74' lang='grc'><strong>’</strong></span> 
     </span>
     <span class='ocr_line' id='line_1_32' title="bbox 281 5913 1827 6005; baseline 0 -16"><span class='ocrx_word' id='word_1_263' title='bbox 281 5919 374 5989; x_wconf 89' lang='lat' dir='ltr'>ensis</span> <span class='ocrx_word' id='word_1_264' title='bbox 401 5918 596 5988; x_wconf 81' lang='lat' dir='ltr'>executoris</span> <span class='ocrx_word' id='word_1_265' title='bbox 624 5918 677 5986; x_wconf 87' lang='lat' dir='ltr'>sui</span> <span class='ocrx_word' id='word_1_266' title='bbox 703 5916 902 6005; x_wconf 89' lang='lat' dir='ltr'>reliquerat,</span> <span class='ocrx_word' id='word_1_267' title='bbox 930 5937 1015 6005; x_wconf 87' lang='lat' dir='ltr'>quas</span> <span class='ocrx_word' id='word_1_268' title='bbox 1034 5922 1243 6005; x_wconf 90' lang='lat' dir='ltr'>pronepotes</span> <span class='ocrx_word' id='word_1_269' title='bbox 1267 5915 1321 5985; x_wconf 92' lang='lat' dir='ltr'>sui</span> <span class='ocrx_word' id='word_1_270' title='bbox 1347 5914 1572 5986; x_wconf 89' lang='lat' dir='ltr'>Derslaus</span> <span class='ocrx_word' id='word_1_271' title='bbox 1598 5923 1634 5987; x_wconf 90' lang='lat' dir='ltr'>et</span> <span class='ocrx_word' id='word_1_272' title='bbox 1659 5913 1683 5986; x_wconf 84' lang='lat' dir='ltr'>J</span> <span class='ocrx_word' id='word_1_273' title='bbox 1693 5918 1827 6001; x_wconf 79' lang='lat' dir='ltr'>oban-</span> 
     </span>
     <span class='ocr_line' id='line_1_33' title="bbox 282 6035 1828 6139; baseline 0.001 -30"><span class='ocrx_word' id='word_1_274' title='bbox 282 6058 360 6111; x_wconf 88' lang='lat' dir='ltr'>nes</span> <span class='ocrx_word' id='word_1_275' title='bbox 387 6039 431 6114; x_wconf 86' lang='lat' dir='ltr'>ad</span> <span class='ocrx_word' id='word_1_276' title='bbox 458 6059 495 6108; x_wconf 88' lang='lat' dir='ltr'>se</span> <span class='ocrx_word' id='word_1_277' title='bbox 523 6044 866 6126; x_wconf 63' lang='lat' dir='ltr'>pertractantem</span> <span class='ocrx_word' id='word_1_278' title='bbox 883 6036 1030 6139; x_wconf 70' lang='lat' dir='ltr'>¹,pillulas</span> <span class='ocrx_word' id='word_1_279' title='bbox 1049 6045 1085 6107; x_wconf 90' lang='lat' dir='ltr'>et</span> <span class='ocrx_word' id='word_1_280' title='bbox 1103 6043 1233 6107; x_wconf 88' lang='lat' dir='ltr'>sortem</span> <span class='ocrx_word' id='word_1_281' title='bbox 1260 6057 1395 6107; x_wconf 87' lang='lat' dir='ltr'>omnem</span> <span class='ocrx_word' id='word_1_282' title='bbox 1413 6035 1515 6107; x_wconf 87' lang='lat' dir='ltr'>villae</span> <span class='ocrx_word' id='word_1_283' title='bbox 1543 6036 1828 6111; x_wconf 81' lang='lat' dir='ltr'>Banscho-ri&#39;s</span> 
     </span>
     <span class='ocr_line' id='line_1_34' title="bbox 284 6144 1827 6260; baseline 0.002 -32"><span class='ocrx_word' id='word_1_284' title='bbox 284 6167 504 6249; x_wconf 82' lang='lat' dir='ltr'>coementes,¹</span> <span class='ocrx_word' id='word_1_285' title='bbox 523 6161 616 6248; x_wconf 89' lang='lat' dir='ltr'>ipsas</span> <span class='ocrx_word' id='word_1_286' title='bbox 644 6158 800 6248; x_wconf 86' lang='lat' dir='ltr'>praelato</span> <span class='ocrx_word' id='word_1_287' title='bbox 828 6144 1100 6257; x_wconf 79' lang='lat' dir='ltr'>&#39;nnscho</span> <span class='ocrx_word' id='word_1_288' title='bbox 1113 6177 1173 6227; x_wconf 88' lang='lat' dir='ltr'>wa</span> <span class='ocrx_word' id='word_1_289' title='bbox 1207 6158 1374 6246; x_wconf 81' lang='lat' dir='ltr'>incorpor¹</span> <span class='ocrx_word' id='word_1_290' title='bbox 1412 6164 1490 6243; x_wconf 88' lang='lat' dir='ltr'>unt,</span> <span class='ocrx_word' id='word_1_291' title='bbox 1525 6156 1827 6250; x_wconf 80' lang='lat' dir='ltr'>adiunxeruntque</span> 
     </span>
     <span class='ocr_line' id='line_1_35' title="bbox 182 6177 1826 6479; baseline 0.001 -127"><span class='ocrx_word' id='word_1_292' title='bbox 182 6284 187 6291; x_wconf 85' lang='lat'>&#39;</span> <span class='ocrx_word' id='word_1_293' title='bbox 282 6282 501 6363; x_wconf 84' lang='lat' dir='ltr'>monasterio.</span> <span class='ocrx_word' id='word_1_294' title='bbox 528 6280 596 6385; x_wconf 84' lang='lat' dir='ltr'>Sed</span> <span class='ocrx_word' id='word_1_295' title='bbox 623 6288 658 6350; x_wconf 87' lang='lat' dir='ltr'>et</span> <span class='ocrx_word' id='word_1_296' title='bbox 684 6300 767 6368; x_wconf 90' lang='lat' dir='ltr'>prae</span> <span class='ocrx_word' id='word_1_297' title='bbox 789 6311 792 6338; x_wconf 87' lang='lat'>=</span> <span class='ocrx_word' id='word_1_298' title='bbox 813 6259 948 6385; x_wconf 37' lang='lat'>&amp;3334</span> <span class='ocrx_word' id='word_1_299' title='bbox 967 6364 975 6385; x_wconf 23' lang='grc' dir='ltr'>,Ι</span> <span class='ocrx_word' id='word_1_300' title='bbox 1013 6298 1053 6350; x_wconf 91' lang='lat' dir='ltr'>us</span> <span class='ocrx_word' id='word_1_301' title='bbox 1079 6277 1103 6349; x_wconf 86' lang='lat' dir='ltr'>J</span> <span class='ocrx_word' id='word_1_302' title='bbox 1113 6177 1469 6479; x_wconf 40' lang='lat' dir='ltr'>astrnaubffiz</span> <span class='ocrx_word' id='word_1_303' title='bbox 1498 6250 1700 6366; x_wconf 62' lang='lat' dir='ltr'>primiparis</span> <span class='ocrx_word' id='word_1_304' title='bbox 1711 6274 1826 6371; x_wconf 72' lang='lat' dir='ltr'>bree-</span> 
     </span>
    </p>
   </div>
   <div class='ocr_carea' id='block_1_10' title="bbox 163 6368 1828 6553">
    <p class='ocr_par' dir='ltr' id='par_1_12' title="bbox 163 6368 1828 6553">
     <span class='ocr_line' id='line_1_36' title="bbox 163 6368 1828 6499; baseline 0 -26"><span class='ocrx_word' id='word_1_305' title='bbox 163 6394 165 6399; x_wconf 74' lang='grc'><strong>’</strong></span> <span class='ocrx_word' id='word_1_306' title='bbox 283 6399 347 6473; x_wconf 79' lang='lat' dir='ltr'>nu</span> <span class='ocrx_word' id='word_1_307' title='bbox 366 6402 567 6473; x_wconf 83' lang='lat' dir='ltr'>monasterii</span> <span class='ocrx_word' id='word_1_308' title='bbox 581 6399 754 6489; x_wconf 84' lang='lat' dir='ltr'>fundator,</span> <span class='ocrx_word' id='word_1_309' title='bbox 780 6429 807 6456; x_wconf 60' lang='grc' dir='ltr'>ι·Γ</span> <span class='ocrx_word' id='word_1_310' title='bbox 828 6396 862 6483; x_wconf 82' lang='grc'>;“·’</span> <span class='ocrx_word' id='word_1_311' title='bbox 888 6382 949 6471; x_wconf 41' lang='grc' dir='ltr'>,ἦ</span> <span class='ocrx_word' id='word_1_312' title='bbox 964 6470 978 6481; x_wconf 66' lang='grc'>,,</span> <span class='ocrx_word' id='word_1_313' title='bbox 996 6419 1030 6470; x_wconf 80' lang='lat' dir='ltr'>›e</span> <span class='ocrx_word' id='word_1_314' title='bbox 1044 6396 1274 6486; x_wconf 82' lang='lat' dir='ltr'>Gracorieusi,</span> <span class='ocrx_word' id='word_1_315' title='bbox 1294 6380 1393 6467; x_wconf 55' lang='lat' dir='ltr'>Nico*</span> <span class='ocrx_word' id='word_1_316' title='bbox 1427 6406 1435 6499; x_wconf 28' lang='grc' dir='ltr'>Ἰ</span> <span class='ocrx_word' id='word_1_317' title='bbox 1456 6368 1650 6469; x_wconf 63' lang='grc' dir='ltr'>Ϋταωῃῃ</span> <span class='ocrx_word' id='word_1_318' title='bbox 1669 6399 1828 6495; x_wconf 83' lang='lat' dir='ltr'>obeunte,</span> 
     </span>
     <span class='ocr_line' id='line_1_37' title="bbox 831 6502 1435 6553; baseline 0 -16"><span class='ocrx_word' id='word_1_319' title='bbox 831 6530 834 6537; x_wconf 95' lang='lat'><em>.</em></span> <span class='ocrx_word' id='word_1_320' title='bbox 858 6507 865 6530; x_wconf 77' lang='grc' dir='ltr'>ι</span> <span class='ocrx_word' id='word_1_321' title='bbox 955 6502 982 6543; x_wconf 70' lang='grc'>,’</span> <span class='ocrx_word' id='word_1_322' title='bbox 1008 6514 1013 6525; x_wconf 91' lang='grc'><strong><em>·</em></strong></span> <span class='ocrx_word' id='word_1_323' title='bbox 1386 6502 1435 6553; x_wconf 55' lang='grc' dir='ltr'>φ’·</span> 
     </span>
    </p>
   </div>
   <div class='ocr_carea' id='block_1_11' title="bbox 0 0 2133 8052">
    <p class='ocr_par' dir='ltr' id='par_1_13' title="bbox 0 0 2133 8052">
     <span class='ocr_line' id='line_1_38' title="bbox 0 0 2133 8052; baseline 0 0"><span class='ocrx_word' id='word_1_324' title='bbox 0 0 2133 8052; x_wconf 95' lang='lat' dir='ltr'> </span> 
     </span>
    </p>
   </div>
  </div>
 </body>
</html>
