4217 8059
267 1485 342 1581 aaa

273 1690 501 1805 Zagurae,
528 1685 854 1774 Roszkochovv,
879 1683 1210 1770 Lusszowicze,
1234 1678 1663 1785 Dlugosszovicze,
1690 1677 1824 1775 Capte-

272 1811 500 1883 skovicze
528 1816 563 1879 et
589 1805 834 1903 Javvorzno
862 1804 1075 1892 contulisset,
1102 1823 1266 1892 processu
1293 1808 1407 1873 tamen
1435 1801 1611 1891 temporis,
1637 1801 1673 1871 in
1703 1806 1827 1873 monte

270 1938 307 2003 et
325 1952 420 2021 rupe,
448 1949 536 2021 quae
551 1927 654 1999 villae
681 1927 910 2019 Lyppowa
937 1922 1149 2011 imminebat,
1175 1920 1369 2012 praedones
1388 1927 1424 1994 et
1442 1921 1642 2012 vispiliones
1663 1927 1826 1999 consttu·
1887 2018 1890 2023 Ι

133 2090 135 2097 s
269 2057 397 2141 xerunt
424 2058 460 2122 et
487 2048 760 2121 aedificaverunt
787 2066 915 2134 arram,
942 2065 985 2115 ex
1013 2064 1082 2133 qua
1108 2042 1257 2133 praedas
1284 2049 1320 2112 et
1347 2041 1458 2132 spolia
1485 2042 1520 2112 in
1547 2062 1694 2133 regum
1718 2041 1827 2117 Polo-

197 2184 200 2196 ·
269 2173 346 2244 uiae
374 2171 533 2261 agebant,
560 2167 669 2239 donec
696 2187 758 2258 per
776 2164 940 2239 Poloniae
967 2163 1096 2235 milites
1121 2146 1263 2235 fuerunt
1288 2162 1477 2253 expugnati
1504 2169 1540 2234 et
1566 2163 1601 2233 iu
1628 2162 1826 2254 patibulum

269 2293 348 2363 acti.
376 2291 450 2363 Arx
479 2309 614 2380 quoque
651 2286 708 2361 illu
738 2309 780 2357 ne
808 2286 1013 2377 quandoque
1040 2306 1061 2355 a
1088 2282 1321 2374 praedonibus
1348 2292 1394 2377 et¹
1411 2282 1570 2355 hostibus
1596 2282 1695 2373 regni
1720 2306 1826 2359 oucu-

270 2411 347 2502 pari
365 2416 497 2501 posset,
522 2388 651 2481 tradita
672 2406 737 2478 init
755 2406 789 2477 in
810 2405 1061 2497 possessionem
1087 2409 1288 2494 perpetuam
1315 2404 1529 2494 episcopatui
1547 2401 1773 2513 cracoviensi
1787 2411 1828 2479 et
1876 2426 1880 2435 ·

270 2531 432 2622 episcopo
459 2526 779 2615 Prandothae,
807 2518 993 2601 cunrvillis
1021 2523 1320 2614 supranominatis,
1348 2524 1408 2614 qui
1434 2523 1506 2595 illic
1532 2524 1827 2633 pro-deienpionc

270 2652 406 2743 patriae
433 2657 469 2722 et
496 2649 594 2739 regni
622 2651 832 2734 ornamento,
861 2645 972 2718 erexit
1001 2644 1268 2735 pulcherrimum
1288 2651 1323 2715 et
1340 2644 1430 2717 lorte
1458 2650 1610 2717 castrum
1628 2648 1827 2737 praefatum

271 2793 293 2843 a
323 2772 542 2862 Lippowa
582 2769 862 2859 Lypovpecz
891 2766 1101 2857 appellatum
1139 2766 1182 2836 ab
1211 2765 1269 2837 illo
1297 2773 1453 2856 tempore
1486 2787 1594 2857 usque
1621 2767 1657 2839 in
1684 2768 1828 2843 hodier-

271 2915 352 2965 num
380 2892 481 2980 diem,
508 2897 544 2963 et
571 2910 641 2981 per·
656 2890 747 2960 buno
765 2888 914 2977 modum,
942 2892 1018 2959 octo
1038 2887 1141 2957 villae
1168 2886 1346 2977 praefatae
1364 2907 1385 2957 a
1403 2888 1614 2961 monasterio
1641 2889 1678 2961 in
1695 2889 1828 2963 stla-

169 3061 172 3067 -
271 3013 516 3105 nyanthky
542 3009 681 3083 luerunt
708 2996 889 3081 alienatae.
916 3009 956 3079 In
971 3027 1230 3100 recompensam
1258 3013 1374 3079 tamen
1394 3008 1552 3085 villarum
1580 3009 1829 3104 praelatarum,

271 3133 449 3226 praefatus
475 3130 746 3204 Prandotha
774 3129 956 3220 episcopus
975 3126 1216 3200 cracoviensis
1240 3128 1386 3199 contulit
1403 3130 1614 3203 monasterio
1641 3132 1676 3203 in
1693 3131 1828 3205 Stltu-

271 3255 493 3347 nyathlcy·
516 3252 666 3324 decimas
694 3273 797 3343 snpra
826 3250 1153 3340 Moszgavanr,
1196 3249 1422 3321 itemvillam
1458 3249 1828 3359 Lyendzini-cum

271 3376 416 3450 ecclesia
443 3374 561 3447 Sancti
588 3373 792 3461 Clementis,
830 3378 865 3443 et
892 3393 968 3471 cum
997 3370 1140 3442 decimis
1178 3370 1221 3441 ad
1249 3370 1342 3441 illam
1380 3370 1651 3461 pertnrentibus,
1686 3372 1733 3445 de
1756 3394 1855 3471 quo·

272 3496 519 3569 monasterium
546 3494 653 3565 babet
677 3493 776 3571 ducis
811 3486 1053 3557 cracoviensis
1090 3493 1125 3557 et
1153 3484 1335 3557 Mazoviae
1363 3486 1570 3587 Gunradi
1605 3490 1829 3583 privilegium

270 3598 384 3687 'lala
412 3614 591 3700 scriptum;
617 3609 698 3678 item
727 3606 854 3697 oppida
880 3605 1077 3694 Zathor,
1103 3604 1300 3694 Kantbv,
1329 3607 1611 3697 lizyelvadz;
1650 3610 1734 3683 item
1761 3611 1829 3701 vil-

271 3735 341 3804 lam
368 3729 626 3821 Smolycze3
667 3728 748 3798 item
777 3727 957 3797 tabernam
984 3724 1180 3796 Withow
1218 3725 1367 3823 etnalias
1395 3724 1514 3815 villas,
1554 3726 1715 3801 existimo
1742 3734 1834 3803 tunc

273 3852 459 3939 alienatas,
496 3847 634 3940 quando
670 3847 774 3919 duces
802 3845 946 3918 Silesiae
973 3867 995 3916 a
1022 3844 1104 3916 nido
1140 3866 1202 3917 suo
1230 3845 1381 3917 naturali
1408 3852 1445 3917 et
1470 3867 1492 3917 a
1518 3867 1625 3937 regno
1652 3845 1831 3939 Poloniae,

273 3972 369 4043 cuius
396 3970 536 4042 luerunt
563 3972 598 4040 et
625 3948 716 4065 sunt
733 3965 894 4037 unanime
922 3947 1065 4056 corpus,
1092 3971 1399 4056 apostataverunt,
1435 3972 1470 4039 et
1496 3966 1609 4041 livore
1632 3967 1831 4043 incredibili

274 4091 452 4183 proprium
481 4096 516 4161 et
543 4089 672 4161 iustum
700 4085 867 4177 odiendo,
898 4086 1002 4185 ¹regni
1029 4084 1195 4171 Poloniae
1222 4107 1348 4177 corpus
1384 4087 1617 4160 adiunxemmt
1650 4088 1832 4169 adrdtriuo

274 4182 557 4303 corpori'regno
585 4208 747 4281 videlicet
773 4207 978 4299 Bohemiae,
1017 4206 1109 4297 quod
1147 4206 1226 4281 illos
1254 4207 1360 4279 variis
1387 4207 1487 4279 bellis
1514 4214 1550 4280 et
1575 4208 1741 4301 cladibus,
1766 4231 1833 4283 an-

272 4335 390 4425 gariis,
417 4331 555 4424 praedis
582 4336 618 4403 et
645 4329 765 4421 spoliis
794 4330 977 4422 oppressit
1003 4329 1175 4419 gravavit,
1203 4327 1358 4401 confudit
1385 4334 1420 4400 et
1446 4328 1691 4420 pessumdedit
1795 4432 1802 4441 ἢ

379 4693 460 4767 llloa
490 4689 701 4768 cunradus
731 4689 801 4765 Dei
830 4692 950 4811 pratia
979 4692 1057 4765 dux
1082 4687 1300 4766 Grecoviae
1329 4699 1367 4767 at
1396 4690 1611 4780 hericina,
1640 4690 1831 4775 coraula·

274 4822 311 4888 et
337 4815 529 4887 Mazoviae.
556 4812 687 4886 Notum
714 4813 857 4884 iacimus
884 4813 1057 4885 universis
1085 4813 1326 4903 praesentibus
1345 4822 1380 4887 et
1398 4815 1534 4905 futuris,
1560 4815 1650 4888 hanc
1666 4817 1832 4909 paginam

274 4937 495 5029 inspecturis,
524 4935 606 5026 qnia
633 4935 792 5006 dominus
819 4933 1032 5013 Andreas
1059 4932 1237 5009 Plocensis
1258 4936 1440 5029 episcopus
1467 4943 1504 5010 et
1530 4936 1656 5011 fratres
1679 4938 1747 5029 sui,
1773 4960 1834 5013 co·

146 5148 152 5157 ἱ
276 5078 349 5129 mes
386 5056 536 5129 Janbo
577 5054 786 5127 castellanus
822 5054 864 5127 de
900 5054 1046 5144 Roda,
1086 5055 1505 5148 et·Wyrzbyantha
1539 5060 1833 5151 praepositusde

276 5176 611 5268 Stbanyathky
649 5177 683 5247 in
711 5176 908 5267 praesentia
935 5178 1066 5268 nostri,
1093 5198 1133 5248 ac
1160 5176 1835 5281 baronnm'nostrorum,commutave-

151 5388 157 5393 ,
277 5305 360 5369 runt
388 5298 499 5387 villas,
527 5318 612 5388 quas
636 5319 750 5369 comes
778 5296 987 5370 Clemens
1015 5298 1223 5370 castellanus
1242 5298 1481 5394 Cracoviensis
1499 5299 1616 5372 domui
1641 5300 1685 5373 de
1703 5301 1835 5383 Stlr-u·

279 5419 490 5511 nyathky
519 5418 676 5508 contulit,
703 5420 840 5510 quando
860 5420 968 5512 ipsam
987 5418 1155 5509 fundavit,
1183 5441 1327 5510 quarum
1346 5421 1486 5493 nomina
1513 5421 1599 5493 hacc
1625 5429 1716 5495 suut:
1733 5415 1837 5515 Lip-

277 5560 424 5630 pova,
452 5540 674 5631 Zagorze,
702 5539 921 5629 Babiczo,
948 5539 1273 5631 Roszkocbovv,
1300 5542 1641 5633 Lusszovicze,
1666 5542 1836 5635 Dlugo-

278 5682 295 5729 s
312 5660 382 5731 chi
394 5683 436 5749 n,
464 5661 798 5745 Czeskoviczi‚
825 5660 1041 5732 lawozno
1069 5661 1226 5750 medium,
1244 5684 1319 5735 curn
1340 5663 1499 5736 omnibus
1517 5663 1739 5755 utilitatibus,
1756 5686 1838 5741 cum

183 5760 187 5765 ¹
278 5780 487 5852 molendinis
514 5787 549 5851 et
578 5803 653 5852 cum
682 5780 841 5874 plumbo,
876 5781 1029 5874 exceptis
1057 5781 1252 5856 bominibus
1290 5785 1383 5875 ipsas
1411 5784 1512 5856 villas
1547 5785 1838 5879 inhabitantibus,

278 5922 365 5991 quos
394 5922 512 5973 omnes
541 5923 655 5972 eomes
683 5901 892 5974 Clemens
919 5909 1000 5974 ante
1028 5905 1317 5994 permutationem
1346 5905 1555 5977 manumisit.
1598 5905 1698 5978 Hanc
1723 5906 1840 5999 igitur

276 6022 569 6111 permutationem
598 6023 900 6112 supranominatus
936 6023 1148 6097 Andreas
1184 6027 1365 6117 episcopus
1392 6035 1428 6097 et
1455 6026 1581 6098 fratres
1618 6027 1672 6099 sui
1710 6047 1840 6118 supra·

279 6142 373 6231 dicti,
401 6164 476 6214 cnm
506 6143 644 6215 domino
671 6141 941 6217 Prandotha
976 6147 1137 6239 episcopo
1165 6146 1388 6219 Cracoviensi
1414 6147 1590 6237 lecerunt,
1625 6148 1840 6239 recipientes

280 6262 324 6332 ab
353 6284 394 6333 eo
422 6269 458 6334 et
485 6263 651 6336 iratribus
680 6266 798 6357 ipsius,
826 6267 998 6340 canonicis
1026 6268 1191 6339 ecclesiae
1219 6267 1319 6339 Beati
1342 6267 1535 6358 Venceslai,
1563 6289 1627 6358 pro
1654 6268 1747 6341 villis
1774 6290 1842 6343 an·

276 6381 437 6472 tedictis,
465 6382 615 6456 decimas
643 6407 746 6477 super
774 6386 1079 6459 Moszlravvam
1115 6392 1154 6459 et
1180 6387 1296 6493 villam
1324 6388 1537 6480 Lidzvnv
1573 6389 1731 6461 totaliter
1758 6410 1844 6465 cnm
