4217 8059
209 1478 213 1485 ’
271 1484 348 1555 434

1378 1590 1398 1629 Ι

272 1689 478 1762 Goreczslra.
505 1688 593 1759 Item
621 1685 803 1757 advocatia
829 1689 884 1758 est
908 1682 970 1773 ibi,
998 1682 1147 1757 sednon
1170 1682 1277 1755 babet
1302 1702 1415 1772 agros.
1443 1681 1530 1753 ltem
1557 1680 1704 1771 quilibet
1728 1679 1834 1770 oppi-

173 1840 200 1884 a
275 1811 386 1883 dauns
412 1809 456 1881 de
483 1807 594 1896 laneo,
621 1810 760 1878 tenetur
788 1805 955 1878 ecclesiae
982 1806 1018 1876 in
1044 1803 1336 1876 Dobschicze
1369 1802 1505 1875 salvere
1533 1821 1728 1902 mensuram
1755 1799 1833 1873 sili·

272 1932 382 2021 ginis,
419 1948 614 2001 mensuram
642 1948 793 2016 avenae,
830 1926 965 1999 ratione
1001 1947 1142 1997 romane.
1187 1925 1275 1997 ltem
1302 1924 1471 2013 plebanus
1506 1924 1556 1995 ibi
1591 1923 1706 1995 babet-
1722 1942 1833 2013 agros

273 2052 450 2143 speciales,
478 2071 541 2141 pro
568 2071 631 2121 suo
659 2048 820 2138 praedio,
836 2045 839 2055 '
855 2047 960 2119 solvit
995 2053 1111 2119 tamen
1148 2046 1313 2118 decimam
1347 2045 1597 2135 manipularem
1623 2043 1667 2116 de
1692 2043 1843 2116 duobus-

272 2173 346 2245 suis
372 2172 482 2243 laneis
509 2169 755 2261 praedialibas,
782 2190 846 2260 pro
873 2168 1086 2241 monasterio
1113 2167 1300 2257 Mogilensi
1327 2167 1363 2237 in
1388 2162 1597 2260 poaittwum
1623 2166 1698 2238 iure
1724 2165 1832 2255 spiri·

272 2293 362 2366 tuali
388 2293 424 2365 iu
451 2312 494 2365 ea
521 2290 758 2383 conquisitam.
786 2289 1070 2361 Item-decimam
1098 2289 1222 2378 canapi
1242 2288 1381 2359 solvunt
1407 2287 1571 2377 oppidani
1599 2307 1662 2377 per
1679 2289 1832 2378 qumuor

168 2428 172 2432 ’
273 2415 419 2503 ierugas.
446 2412 534 2485 Item
562 2433 605 2484 ex
632 2410 883 2501 compositione
906 2410 1067 2482 arbitrali
1095 2415 1132 2481 et
1158 2413 1336 2499 perpetua,
1356 2408 1508 2480 ecclesia
1533 2414 1571 2481 et
1596 2407 1765 2497 plebanus
1792 2407 1831 2477 in

272 2534 609 2624 Droginya-non
635 2531 848 2622 participant
873 2530 1005 2622 aliquid
1032 2529 1226 2602 dedecima
1252 2531 1287 2601 in
1315 2528 1634 2635 Dobschycze,
1661 2530 1697 2601 ia
1723 2548 1829 2619 quam

273 2677 311 2727 se
339 2652 501 2727 dicebant
527 2653 581 2724 ius
608 2652 790 2741 habuisse,
828 2652 888 2724 sed
916 2651 1163 2723 monasterium
1192 2650 1387 2741 Mogileuse
1422 2650 1529 2727 solvit
1554 2651 1605 2723 eis
1631 2649 1732 2725 sanis
1756 2651 1832 2724 sin·

209 2839 211 2843 ,
272 2775 364 2865 gulis
393 2773 481 2845 duas
507 2792 642 2845 marcas
669 2777 705 2843 et
731 2779 809 2844 octo
837 2792 1015 2843 mensuras
1042 2771 1201 2862 siliginis,
1228 2777 1264 2843 et
1290 2771 1425 2862 integre
1453 2770 1622 2845 dammam
1647 2771 1808 2864 percipit

377 2892 559 2984 Wrusur,
585 2892 669 2964 villa
694 2893 759 2965 sub
787 2891 953 2983 parochia
979 2892 1023 2964 de
1049 2891 1415 2965 Dzekanowicze
1441 2895 1519 2982 sita,
1546 2894 1645 2966 cuius
1671 2894 1831 2984 proprie·

273 3022 329 3088 tas
355 3020 393 3087 et
418 3013 607 3086 dominium
641 3014 686 3085 ad
713 3013 971 3086 serenissimum
1008 3013 1199 3103 principem
1235 3013 1399 3086 Poloniae
1437 3035 1555 3105 regem
1583 3014 1745 3105 pertinet
1789 3014 1831 3087 In

274 3158 343 3227 qua
369 3140 451 3207 sunt
477 3134 644 3206 tredecim
670 3133 762 3206 lanei
789 3133 1042 3223 emethonales‚
1069 3139 1106 3205 et
1131 3133 1175 3206 de
1203 3134 1362 3206 omnibus
1390 3135 1537 3207 solvitur
1563 3140 1601 3207 et
1626 3133 1833 3225 conducitur

273 3257 407 3329 decima
442 3254 668 3345 manipularis
704 3262 741 3327 et
768 3242 943 3346 canapalis
979 3275 1042 3345 pro
1080 3255 1290 3328 manasterio
1327 3256 1513 3347 Mogilensi
1549 3261 1585 3329 et
1620 3255 1718 3335 valor
1752 3254 1831 3329 eius

274 3370 480 3451 aestimatur
506 3364 742 3449 ad'tredecim
770 3395 916 3467 mareas3
943 3381 980 3448 et
1005 3376 1088 3448 licet
1114 3377 1260 3449 ecelesia
1281 3383 1318 3449 et
1335 3377 1505 3467 plebanus
1531 3379 1567 3450 in
1595 3377 1834 3465 Dzelrapo·

274 3500 412 3571 uicze
449 3518 513 3588 pro
541 3497 685 3569 decima
719 3498 755 3569 in
783 3496 979 3589 Vinary,
1015 3498 1264 3570 monasterium
1300 3497 1493 3589 Mogilense
1527 3503 1731 3589 vexassent,
1765 3518 1833 3588 per
1909 3596 1913 3602 η

144 3607 150 3615 ’
274 3619 482 3692 sententiam
509 3625 626 3690 tanim
652 3618 740 3690 iuris
767 3617 980 3691 definitivam
1002 3617 1092 3689 'victi
1118 3624 1209 3690 suut.
1236 3618 1324 3690 Item
1344 3618 1491 3691 taberna
1516 3624 1571 3692 est
1597 3639 1676 3710 una,
1703 3638 1842 3710 paruos·

196 3733 198 3736 ’
262 3731 379 3835 'agros
405 3740 557 3829 babens,
584 3737 627 3811 de
654 3739 779 3830 quibus
806 3736 956 3810 decimat
982 3737 1018 3809 iu
1042 3735 1251 3834 positiuncula
1277 3759 1341 3829 pro
1368 3741 1589 3812 monasterio.
1633 3740 1722 3812 Item
1747 3739 1834 3812 bor·

275 3861 428 3932 tulaniae
453 3881 524 3932 non
551 3866 644 3932 sunt.
689 3858 777 3930 ltem
805 3858 952 3950 quilibet
978 3857 1022 3933 de
1047 3858 1149 3932 laneo
1175 3865 1317 3932 tenetur
1343 3859 1510 3934 ecclesiae
1534 3862 1572 3933 iu
1598 3860 1833 3933 Drakano-

275 3981 414 4052 wicze
436 3980 524 4052 duos
551 3979 698 4070 siliginis
725 3984 761 4050 et
786 3985 859 4051 tres
886 3999 1017 4051 avenae
1044 3979 1340 4070 corrogatione
1367 4003 1508 4053 caerae.
1534 3981 1622 4054 Item
1649 3980 1833 4072 praedium

274 4107 330 4174 eat
355 4101 509 4199 regium,
545 4100 588 4172 de
615 4100 713 4175 cuius
738 4100 833 4190 agris
860 4099 1009 4172 solvitur
1035 4099 1169 4174 decima
1195 4100 1421 4193 manipularis
1447 4102 1613 4176 ecclcsiae
1638 4102 1835 4194 parochiali
1892 4152 1897 4159 -

277 4222 425 4296 Sanctae
452 4220 588 4296 Mariae
615 4222 651 4293 iu
678 4220 808 4295 circulo
834 4204 1068 4295 (iracorie'nsi.

379 4343 550 4434 Runnrs,
577 4342 660 4416 villa
686 4344 752 4416 sub
778 4343 945 4434 parocbia
970 4343 1020 4416 de·
1041 4341 1408 4419 chlranowicze
1435 4345 1522 4438 sita,
1548 4346 1647 4419 caius
1672 4346 1836 4438 proprie·

275 4472 332 4539 tas
358 4471 394 4539 et
419 4465 607 4538 dominium
645 4464 690 4539 ad
725 4464 984 4537 serenissimum
1019 4464 1212 4556 principem
1238 4465 1403 4540 Poloniae
1443 4488 1561 4559 regem
1588 4467 1749 4559 pertinet
1791 4468 1836 4541 In

277 4606 346 4678 qna
373 4591 456 4659 sunt
481 4585 633 4677 quinque
660 4585 750 4657 lanei
777 4583 1029 4676 ematbouales,
1069 4585 1175 4659 etde
1202 4587 1361 4660 amnibus
1388 4588 1537 4661 solvitur
1562 4595 1601 4662 et
1627 4588 1837 4665 conducitur

276 4707 410 4780 decima
436 4704 662 4798 manipularis
689 4712 726 4777 et
752 4705 929 4799 anepolis
955 4726 1020 4798 pra
1046 4708 1260 4783 monasterio
1286 4708 1485 4801 Mogilensi,
1513 4717 1549 4783 et
1533 4710 1672 4784 tvalor
1689 4712 1735 4783 ad
1752 4732 1836 4807 sep-

276 4835 347 4901 tem
375 4847 518 4899 marcas.
546 4827 634 4898 Item
661 4827 828 4899 tabernae
854 4847 923 4899 noa
950 4832 1050 4917 sunt,
1086 4846 1199 4919 neque
1224 4829 1462 4921 hortulaniae,
1497 4853 1615 4924 neque
1640 4830 1837 4924 praedium

276 4950 363 5021 Item
391 4948 539 5055 quilibet
564 4948 701 5019 emetha
725 4945 768 5019 de
785 4930 886 5021 laneo
912 4953 1053 5021 tenatur
1079 4949 1283 5023 ecclesiae
1274 4972 1309 5021 m
1337 4950 1703 5033 Drakanowicre
1729 4974 1836 5105 paro-

277 5069 381 5142 chiali
408 5067 497 5141 duos
523 5069 649 5142 charas
676 5067 825 5159 siliginis
851 5075 891 5143 et
914 5074 988 5142 tres
1015 5089 1156 5161 arenae,
1183 5071 1318 5144 ratione
1345 5092 1486 5144 masam
1591 5152 1596 5159 ,

380 5188 533 5280 ΚΔιιιιι,
560 5189 643 5262 villa
668 5189 733 5262 sub
760 5190 926 5281 parocbia
952 5190 996 5263 de
1021 5190 1316 5266 Dobschicze
1342 5193 1420 5285 sita,
1447 5195 1544 5267 cuius
1571 5197 1769 5289 proprietas
1796 5205 1837 5273 et

277 5311 466 5385 dominium
502 5310 547 5383 ad
574 5311 830 5385 serenissimum
857 5310 1023 5385 Poloniae
1050 5332 1170 5405 regem
1194 5314 1364 5405 pertinet
1407 5315 1447 5389 In
1476 5337 1545 5408 qua
1570 5322 1653 5391 suut
1679 5319 1835 5411 quinque

279 5434 369 5507 lanei
396 5432 642 5523 ametbonales,
668 5439 704 5505 ot
731 5434 774 5505 dc
801 5434 961 5507 omnibus
978 5434 1128 5508 solvitur
1154 5442 1190 5507 et
1216 5436 1420 5511 conducitur
1447 5439 1580 5511 decima
1606 5440 1836 5531 manipularis

278 5562 315 5627 et
342 5555 518 5646 canapalis
543 5576 608 5645 pro
635 5558 844 5629 monasterio
871 5555 1068 5647 Mogilensi,
1095 5563 1132 5628 et
1158 5557 1258 5630 valor
1284 5559 1488 5633 aestimatur
1507 5561 1552 5636 ad
1570 5562 1723 5654 quinque
1739 5583 1834 5635 mar-

278 5697 345 5748 cas.
374 5677 463 5748 ltem
489 5677 654 5774 tabernae
670 5699 750 5750 non
778 5683 870 5767 sunt,
897 5699 965 5749 uon
993 5684 1077 5751 suat
1102 5679 1330 5771 hortulaniae,
1358 5702 1470 5773 neque
1497 5683 1687 5773 praedium.
1786 5728 1789 5733 -

382 5796 563 5888 anmnr,
604 5799 687 5870 villa
713 5800 778 5871 sub
805 5798 971 5889 parocbia
997 5799 1041 5871 de
1068 5800 1362 5875 bobschicze
1389 5803 1476 5895 sita,
1512 5805 1609 5877 cuius
1636 5804 1835 5897 proprietas

278 5924 315 5991 et
341 5918 529 5992 dominium
556 5920 600 5992 ad
628 5918 885 5992 serenissimum
921 5920 1112 6013 principem
1148 5921 1315 5997 Poloniae
1342 5945 1458 6016 regem
1489 5926 1651 6016 pertinet
1694 5927 1735 5997 ln
1762 5948 1836 6019 qua

278 6046 360 6113 sunt
386 6040 553 6114 tredecim
580 6042 671 6115 lanei
698 6042 943 6134 amethonales
982 6050 1020 6116 et
1046 6044 1089 6117 de
1116 6045 1276 6120 omuibus
1302 6047 1451 6119 solvitur
1477 6054 1513 6120 et
1539 6047 1744 6122 conducitur
1770 6049 1834 6122 de-

277 6163 368 6234 cima
393 6160 620 6256 manipularis
638 6171 675 6236 et
689 6154 868 6255 canapalis
895 6187 958 6257 pra
986 6167 1198 6240 monasterio
1220 6165 1417 6259 Mogilensi,
1444 6176 1481 6242 et
1507 6170 1606 6243 valor
1631 6170 1707 6242 aius
1724 6171 1835 6244 aesti-

278 6291 394 6357 matur
421 6287 465 6358 ad
493 6286 686 6378 quindecim
714 6307 856 6361 marcas.
901 6288 989 6361 Item
1016 6288 1163 6362 taberna
1197 6295 1253 6362 est
1278 6310 1348 6362 uua
1374 6291 1529 6387 scolteti,
1555 6312 1656 6382 'quae
1681 6290 1836 6365 decimat
1894 6362 1899 6381 ,

279 6406 315 6477 in
339 6405 639 6503 goadlawampro
666 6409 888 6487 monasterio.
915 6409 1242 6483 ltemhortulaniae
1269 6416 1340 6483 nou
1365 6418 1455 6501 sunt,
1483 6432 1551 6484 uon
1570 6418 1625 6484 est
1643 6411 1836 6503 praedium.
