4217 8059
124 1468 380 1592 ''340

256 1734 292 1771 ὠ
305 1676 366 1746 alii
393 1674 479 1765 plns,
505 1674 565 1746 alii
592 1676 713 1761 minus
740 1675 828 1748 Item
856 1674 1002 1767 quilibet
1028 1673 1165 1746 emetho
1191 1674 1282 1747 infra
1307 1693 1455 1746 messem
1482 1670 1632 1745 mediam
1649 1673 1741 1745 diem
1758 1670 1855 1745 labo
1975 1665 1977 1669 ’

305 1802 362 1866 rat
387 1796 422 1867 iu
449 1795 604 1884 qualibet
639 1797 851 1886 septimana,
878 1801 979 1867 extra
1014 1810 1167 1866 messena¹
1188 1815 1270 1868 vero
1296 1816 1365 1866 nou
1392 1795 1522 1866 laciunt
1547 1794 1683 1884 aliquos
1709 1793 1856 1867 labores.

304 1916 392 1987 Item
419 1916 555 1987 ratione
582 1938 719 2010 omaqep
746 1916 850 1988 solvit
877 1916 1023 2005 quilibet
1049 1936 1245 1987 mensuram
1273 1936 1376 1987 unam
1393 1915 1569 2004 siliginis,
1597 1920 1634 1986 et
1659 1913 1747 1986 duas
1773 1935 1854 1986 ara-

304 2056 370 2106 nae
396 2056 577 2117 mernsurae
614 2036 808 2125 confertae,
835 2043 871 2107 et
897 2042 1046 2124 quatuor
1080 2056 1231 2124 grossos.
1265 2036 1353 2106 Item
1381 2057 1448 2131 non
1477 2035 1562 2106 dant
1587 2033 1719 2124 gallos,
1745 2054 1857 2124 neque

156 2170 159 2175 ·
224 2200 234 2209 -
304 2176 380 2251 ora,
406 2176 518 2245 neque
545 2176 674 2227 caseos.
701 2157 787 2228 Item
815 2156 946 2227 ducunt
972 2176 1091 2226 omnes
1119 2162 1192 2227 tres
1219 2176 1341 2227 currus
1368 2156 1558 2244 lignorum,
1586 2175 1650 2245 pro
1677 2156 1856 2226 braxanda

298 2266 452 2357 ¹etl'svisia
479 2297 541 2366 pro
570 2277 791 2347 monasterio.
817 2276 904 2347 Item
933 2296 1051 2346 omues
1079 2277 1155 2365 agri
1183 2275 1285 2347 villae
1312 2275 1451 2347 solvunt
1476 2281 1514 2348 et
1540 2275 1736 2346 conducunt
1762 2274 1856 2345 deoi-

302 2404 394 2466 mam
422 2396 670 2486 manipularem
698 2402 735 2467 et
753 2394 971 2484 'canapalem
997 2415 1136 2467 mensae
1154 2395 1343 2485 epIseopali
1360 2394 1591 2485 cracoviensi,
1610 2401 1646 2466 et
1664 2394 1763 2467 valor
1780 2396 1874 2467 eius.

304 2515 509 2587 aestimatur
535 2516 578 2588 ad
606 2525 680 2588 tras
706 2536 850 2603 marcas,
877 2515 1063 2607 aliquando
1090 2516 1134 2587 ad
1161 2522 1319 2605 quatuor.
1347 2516 1434 2586 Item
1460 2517 1639 2604 tabernae,
1665 2515 1748 2586 item
1771 2516 1853 2586 hor·
1927 2540 1953 2562 ··

304 2635 466 2725 tnlauiae,
494 2639 576 2709 item
603 2638 781 2727 praedium
808 2637 857 2708 ibi
885 2628 1042 2724 nonest,
1070 2637 1153 2707 itam
1181 2658 1250 2708 non
1277 2643 1332 2708 est
1359 2637 1527 2708 scoltetio.
1554 2632 1714 2709 Gentium
1733 2690 1741 2706 .
1760 2690 1794 2706 ..

409 2754 679 2846 Gonnowrcza,
705 2757 788 2828 villa
814 2757 878 2828 sub
905 2756 1070 2845 parochia
1096 2752 1439 2846 dePodgrod‘ze
1465 2756 1548 2844 sita,
1575 2756 1674 2829 culus
1699 2756 1856 2847 proprie-

305 2880 361 2945 tas
387 2874 432 2947 ad
459 2875 738 2948 sanctimoniales
765 2875 999 2964 Antiquae
1037 2874 1243 2946 Saudecz
1279 2877 1440 2964 pertinet.
1483 2875 1524 2945 In
1552 2895 1620 2964 qua
1646 2872 1856 2971 amathusi,

305 3000 342 3065 et
367 2994 513 3085 quilibet
539 2995 644 3079 solvit
669 2996 756 3069 duos
782 3016 924 3085 grossos
951 3016 1015 3085 pro
1042 3015 1157 3084 censu,
1184 2997 1266 3066 item
1293 3017 1398 3068 uuum
1424 2995 1572 3084 gallum,
1600 2995 1683 3066 item
1711 2995 1855 3085 quinde·
1943 3026 1964 3075 ·,

305 3115 371 3186 cim
397 3135 482 3204 ova,
508 3116 591 3187 item
626 3138 731 3189 unum
767 3136 913 3188 caseunn
953 3116 1040 3186 Item
1068 3115 1104 3185 in
1131 3115 1286 3205 qualibet
1311 3117 1524 3205 septimana,
1551 3115 1696 3204 siugulis
1713 3106 1855 3204 diebus,

305 3215 451 3324 quilibet
486 3237 631 3308 mediam
659 3236 750 3308 diem
779 3238 932 3325 laborat,
959 3243 1120 3326 exempta
1146 3236 1202 3307 die
1229 3236 1314 3326 lori,
1341 3237 1481 3327 proprio
1509 3256 1613 3307 cumn
1640 3241 1701 3307 aut
1727 3241 1856 3309 aratro.

304 3355 390 3429 lton
418 3376 481 3445 per
507 3363 618 3455 totum
646 3358 729 3429 auni
754 3362 890 3447 tompus
918 3354 1048 3428 ducunt
1074 3357 1169 3445 ligna
1196 3377 1260 3446 pru
1278 3357 1430 3446 praedio.
1456 3356 1543 3428 Item
1562 3357 1698 3428 ratione
1716 3377 1854 3450 omzyep

303 3476 407 3548 solvit
434 3478 580 3566 quilibet
606 3498 709 3548 arnam
736 3497 932 3548 mensuram
958 3477 1106 3568 siligInis
1132 3484 1168 3548 et
1195 3478 1281 3548 duas
1299 3480 1430 3548 avenae
1448 3477 1630 3565 confertas,
1649 3482 1685 3547 et
1702 3481 1854 3566 quatuor
1904 3484 1916 3507 ·

303 3616 453 3683 grossos.
481 3597 566 3667 Item
593 3602 647 3667 est
674 3596 852 3686 praedium
879 3597 1096 3685 coenobiale,
1124 3597 1167 3668 de
1194 3596 1291 3667 cuias
1314 3597 1408 3686 agris
1435 3596 1520 3668 nulli
1547 3594 1651 3669 solvit
1678 3596 1855 3668 decimam

303 3715 390 3786 Item
418 3717 565 3786 taberna
589 3721 645 3787 est
670 3737 748 3804 una,
776 3717 906 3788 habens
933 3717 1072 3788 hortum
1100 3739 1214 3804 unum,
1241 3723 1277 3787 et
1303 3716 1407 3787 solvit
1435 3696 1581 3788 mediam
1608 3736 1760 3788 marcam
1789 3736 1854 3805 pro
1885 3810 1889 3819 1

304 3855 418 3907 ceusu.
446 3836 532 3906 Item
559 3837 759 3909 emetbones
786 3835 945 3908 laborant
964 3836 1148 3929 pomata-ea
1175 3857 1238 3926 pro
1267 3858 1347 3908 vere
1373 3841 1411 3908 et
1437 3842 1579 3907 aestate.
1619 3837 1706 3906 Itern
1734 3857 1853 3908 omnes

305 3956 382 4043 agri
409 3956 628 4027 emethonum
664 3957 802 4027 solvunt
829 3964 865 4027 et
891 3957 1088 4028 conducunt
1123 3958 1288 4029 decimam
1316 3956 1563 4048 manipularem
1591 3963 1627 4028 et
1653 3957 1856 4048 cannapalam
1897 4049 1899 4054 Ι

304 4094 368 4163 pro
394 4064 555 4165 episcopo
581 4073 811 4164 cracoviensi,
838 4082 874 4147 et
902 4072 997 4147 valor
1023 4077 1098 4146 eius
1125 4077 1328 4149 aestimatur
1354 4077 1451 4147 ad..
1471 4056 1711 4149 marcas...
1738 4075 1854 4149 Confi·
1934 4151 1936 4157 ,

306 4201 366 4265 nat
394 4216 471 4266 cum
489 4249 497 4265 .
516 4249 550 4264 ..
618 4230 623 4241 ·
733 4207 739 4231 ‘
1873 4189 1881 4199 '

409 4317 652 4405 Sensimus,
680 4316 763 4387 villa
789 4319 853 4387 sub
881 4318 1046 4406 parocbia
1073 4317 1116 4389 de
1142 4316 1434 4407 Podgrodze,
1461 4318 1558 4389 cuius
1585 4317 1782 4407 proprietas
1808 4316 1855 4389 ad

305 4437 583 4509 sanctimonIales
610 4437 842 4528 Antiquae
869 4437 1070 4509 Sandeca
1097 4441 1258 4528 pertinet
1286 4439 1325 4509 Iu
1353 4459 1421 4528 qua
1448 4445 1529 4510 sunt
1555 4445 1629 4510 tres
1655 4437 1747 4509 lanei
1765 4457 1855 4527 cme5

303 4558 472 4661 thonales,
499 4579 644 4647 quornm
672 4578 761 4657 unus
787 4558 891 4630 solvit
917 4559 1035 4631 decern
1061 4581 1212 4649 grossos,
1240 4560 1329 4631 alius
1355 4549 1535 4631 duodecim
1561 4580 1712 4648 grossos,
1730 4540 1855 4657 tertius

274 4748 281 4763 ,
304 4683 382 4749 octo
407 4700 558 4768 grossos.
584 4679 671 4749 Item
698 4670 761 4751 est
779 4679 828 4750 ibi
856 4701 925 4750 uria
951 4680 1160 4769 hortulanis,
1187 4701 1275 4770 quae
1295 4680 1400 4766 solvit
1418 4700 1481 4769 pro
1500 4700 1604 4750 censu
1622 4700 1683 4750 sex
1701 4699 1855 4769 grossos

304 4799 393 4869 Item
430 4798 630 4870 ametlnones
665 4799 826 4870 laborant
854 4797 1035 4892 paramum
1065 4821 1129 4890 pro
1157 4821 1237 4876 vere
1265 4807 1301 4872 et
1327 4806 1481 4889 aestate;
1508 4800 1597 4871 alios
1622 4799 1760 4871 labores
1787 4820 1856 4890 uon

304 4918 443 4991 faciunt.
478 4920 564 4991 Item
592 4912 728 4990 rationo
754 4942 849 5013 ‹rsaep
876 4920 980 4991 solvit
1007 4920 1152 5009 quilibet
1179 4941 1280 5013 urnam
1308 4942 1503 4992 mensuram
1530 4919 1677 5011 sssIginis
1704 4925 1746 4990 et
1766 4918 1855 4991 duas

304 5059 434 5110 avenae
461 5038 653 5128 confertas,
679 5047 715 5110 et
744 5047 1079 5131 quatuor,grossos;
1113 5043 1194 5113 itam
1222 5064 1291 5113 nou
1318 5041 1402 5127 daut
1430 5062 1566 5129 caseos,
1594 5061 1705 5130 neque
1731 5039 1855 5130 gallos,

306 5179 416 5248 neque
442 5180 517 5230 ova.
544 5159 632 5230 Item
659 5161 838 5249 praedium
865 5183 935 5234 non
957 5168 1019 5233 est.
1046 5163 1135 5234 Item
1154 5163 1314 5235 scoltetia
1332 5168 1395 5252 est,
1414 5170 1449 5234 et
1467 5163 1573 5234 habet
1591 5182 1697 5233 uuum
1715 5143 1854 5233 mnsam

305 5280 460 5369 liberum,
486 5285 523 5351 et
549 5286 684 5354 sextum
711 5282 890 5354 denarium
917 5284 961 5354 de
988 5304 1102 5355 censu.
1129 5284 1216 5354 Item
1243 5284 1390 5355 taberna
1408 5337 1416 5353 .
1435 5339 1442 5352 .
1462 5338 1469 5352 .
1488 5337 1496 5352 .
1515 5283 1602 5357 Item
1630 5301 1749 5353 omnes
1775 5280 1854 5371 agri
1914 5268 1919 5276 ’

305 5402 523 5473 emethonum
560 5401 699 5474 solvunt
734 5409 770 5473 et
800 5403 996 5475 conducunt
1023 5403 1188 5474 decimam
1225 5386 1536 5494 urranipnlarern'ot
1562 5402 1762 5492 canapalem
1789 5421 1854 5493 pra
1926 5469 1933 5489 ,

304 5522 465 5611 episcopo
501 5520 741 5612 Cracovieasi,
768 5529 804 5593 et
831 5523 929 5594 valor
956 5523 1032 5594 eius
1060 5524 1263 5594 aestimatur·
1291 5524 1334 5594 ad
1354 5578 1494 5594 ......
1513 5544 1656 5595 mareas.
1692 5520 1854 5595 Confluat

305 5663 381 5713 cum
402 5696 410 5711 .
429 5696 464 5712 ..

410 5760 616 5853 Moenum,
645 5763 737 5836 villa·
764 5764 828 5834 sub
861 5763 1025 5852 pamella
1052 5763 1095 5835 de
1122 5762 1393 5855 Podgrodze
1421 5765 1507 5853 sita,
1534 5764 1631 5836 cuius
1657 5764 1881 5855 proprietas.

306 5882 349 5953 ad
368 5882 646 5953 sanctimouIales
665 5883 898 5971 Antiquae
917 5881 1120 5954 Sandeca
1149 5887 1308 5974 pertinet.
1336 5885 1375 5955 In
1395 5906 1463 5973 qua
1481 5890 1563 5955 sunt
1581 5884 1732 5974 quinque
1750 5883 1853 5974 lanai,

304 6007 340 6072 ot
366 6004 497 6093 pslmus
524 6024 588 6092 pro
615 6023 719 6074 censu
747 6001 849 6073 solvit
878 6010 956 6074 octo
983 6012 1123 6093 scrottos,
1151 6006 1322 6077 soourndus
1350 6005 1528 6076 duodecim
1555 6026 1707 6095 grossos,
1724 6005 1867 6077 tertius.

306 6128 382 6193 octo
407 6144 558 6213 grossos,
585 6127 730 6213 quartus
750 6176 756 6191 .
776 6177 782 6190 .
802 6177 827 6211 .,
855 6125 995 6213 quintus
1015 6182 1020 6195 .
1041 6181 1047 6195 .
1067 6181 1101 6196 ..
1127 6148 1287 6215 grr‘lssos3
1323 6129 1404 6197 itam
1433 6148 1537 6197 arrum
1562 6126 1702 6216 gallam,
1729 6125 1855 6221 uiginti

306 6263 380 6332 ova,
407 6242 494 6314 duos
520 6263 650 6313 caseos.
676 6243 763 6314 Item
791 6265 858 6315 uon
886 6252 966 6316 aurat
993 6248 1169 6335 tabernae,
1197 6267 1306 6337 neque
1334 6248 1561 6319 lnontulaniae.
1588 6247 1674 6317 Item
1692 6246 1855 6321 laborant

304 6361 482 6454 pomulam
521 6383 594 6452 pro·
625 6383 706 6434 vere
742 6372 777 6435 et
811 6373 954 6438 aestate.
998 6368 1088 6439 Item
1123 6367 1257 6437 ratione
1293 6389 1388 6461 osaep
1426 6368 1530 6441 solvit
1566 6367 1712 6457 quilibet
1737 6375 1854 6439 ‘uuam
