4217 8059
228 1456 516 1573 πε,-

398 1686 658 1775 Pmcnurbzs,
696 1685 780 1757 villa
798 1740 936 1776 ......
974 1685 1071 1775 cuius
1097 1686 1294 1776 proprietas
1321 1678 1640 1757 adfmonasterimn
1667 1684 1847 1759 Andrzem
1890 1768 1893 1772 ,

286 1811 411 1881 mense
439 1826 483 1878 ex
505 1800 697 1905 donatione
722 1806 955 1878 lobannis
986 1804 1201 1878 Gneznensis
1228 1806 1481 1897 archiepiscopi
1506 1797 1669 1896 pertinet.
1709 1806 1755 1878 ln·
1775 1822 1848 1899 qus
1883 1828 1887 1835 ·

204 2021 211 2037 .
292 1935 373 2002 sunt
400 1927 493 2001 lanei
512 1918 754 2001 ¹'e'm'ethonalcs
772 1935 809 2000 et
826 1930 973 2021 quilibet
996 1928 1101 2001 soluit
1119 1982 1127 1998 .
1146 1962 1183 2008 .,.·
1200 1983 1207 1997 .
1227 1982 1262 2016 .,
1289 1928 1373 1999 item
1401 1948 1477 2016 ova,
1502 1928 1588 1999 item
1613 1929 1734 2019 gallos,
1760 1929 1846 2001 item
1945 1912 1948 1917 ⁵

291 2071 420 2140 caseos,
445 2042 530 2121 item
551 2048 708 2144 poneba
735 2051 819 2122 item
845 2073 993 2146 oecaycp,
1020 2051 1104 2121 ilem
1122 2050 1299 2138 tabernae,
1326 2049 1408 2121 item
1427 2049 1846 2141 hortulani‚.item‚prae-

292 2171 396 2261 dium,
423 2173 506 2244 item
534 2172 774 2244 molendinum.
807 2173 893 2244 ltem
920 2192 1040 2245 omnes
1066 2171 1143 2262 agri
1170 2169 1272 2242 villae
1299 2169 1440 2243 solvunt
1463 2176 1502 2242 et
1527 2170 1726 2244 conducunt
1751 2171 1846 2245 deci-

175 2294 179 2301 '
290 2314 380 2365 mam
407 2293 658 2384 manipularem
686 2299 723 2365 et
749 2293 949 2386 canapnlem
968 2348 1082 2364 .....
1110 2291 1270 2365 Goofinm
1288 2346 1402 2361 .....
1685 2370 1689 2377 ,

396 2413 631 2503 munuca,
658 2414 742 2486 villa
767 2415 831 2488 sub
859 2414 1026 2505 parochia
1051 2413 1095 2485 de
1113 2467 1227 2484 .....
1255 2414 1335 2502 sita,
1365 2413 1461 2485 cuirrs
1488 2413 1691 2504 proprietas.
1710 2433 1754 2486 ex
1782 2413 1845 2486 do·

266 2524 269 2529 ’
291 2535 431 2608 natione
457 2534 480 2607 J
489 2535 696 2607 ohannis·
714 2535 966 2638 archiepiscopi
992 2531 1210 2607 Gneznensis
1226 2535 1272 2606 ad
1290 2535 1538 2607 monasterium
1560 2533 1847 2613 Andraeoviensa

290 2657 453 2747 pertinet.
481 2655 522 2727 In
549 2677 619 2748 qua
646 2662 727 2728 sumt
753 2657 845 2728 lanei
867 2655 1111 2746 cmetbonales,
1138 2662 1175 2727 et
1192 2657 1339 2747 quilibet
1365 2656 1471 2728 solvit
1488 2710 1496 2725 .
1515 2710 1523 2726 .
1595 2710 1629 2746 .‚
1656 2657 1740 2728 item
1766 2676 1846 2746 ovs,

290 2778 375 2851 item
400 2777 522 2868 gallos,
548 2778 632 2849 item
650 2797 779 2875 caseos3
805 2757 1016 2867 item'labor,
1039 2777 1128 2848 item
1147 2774 1307 2871 pemmo,
1333 2777 1415 2848 item
1442 2798 1588 2872 oeazyqr,
1615 2777 1699 2849 item
1725 2778 1845 2851 taber·

290 2919 344 2987 na,
370 2895 669 2989 itemhortulani,
696 2899 778 2972 item
798 2898 1100 2989 praedium-item
1118 2897 1360 2970 molendinum.
1386 2897 1474 2970 Item
1487 2914 1616 2970 'omues
1642 2899 1720 2988 agri
1738 2899 1845 2971 villae
1940 2958 1947 2967 .

290 3021 430 3092 solvunt
456 3025 493 3092 et
519 3019 716 3093 conducunt
751 3019 919 3092 decimam
945 3019 1196 3112 manipularem
1223 3025 1261 3092 et
1285 3019 1487 3110 canapalem
1506 3072 1700 3090 ........
1726 3018 1845 3093 confi-
1889 3044 1896 3054 ¹

289 3146 352 3214 nat
369 3194 486 3212 .....
1769 3154 1775 3165 ·

393 3261 602 3352 Snnczczn-
620 3263 704 3335 villa
730 3263 794 3335 sub
816 3263 982 3354 parochia
1008 3262 1052 3334 de
1070 3315 1184 3333 .....
1212 3256 1289 3352 site,
1317 3262 1414 3334 cuius
1439 3263 1637 3353 proprietas
1663 3282 1706 3335 cx
1732 3238 1858 3335 dona-¹

288 3384 382 3454 tione
408 3383 432 3455 J
442 3383 643 3456 ohannis
679 3381 893 3456 Gneznensis
920 3383 1172 3474 archiepiscopi
1202 3383 1247 3455 ad
1277 3384 1524 3455 monasterium
1559 3380 1844 3457 Andr'zeorieuae
1948 3384 1968 3438 Ἰ

289 3505 450 3596 pertinet.
477 3504 518 3576 ln
546 3511 722 3597 quaeunt
749 3506 840 3584 lanei
859 3505 1103 3594 cmethonales‚
1130 3510 1167 3577 et
1193 3504 1337 3597 quilibet
1360 3504 1466 3579 solvit
1481 3554 1627 3594 ......
1653 3505 1738 3577 item
1764 3515 1844 3596 ove,
1958 3558 1962 3563 -

288 3626 371 3698 item
398 3625 519 3716 gallos,
545 3626 627 3698 item
655 3646 786 3716 caseos3
812 3627 895 3698 item
914 3627 1024 3717 labor,
1051 3626 1135 3697 item
1156 3623 1314 3721 pausabo.
1341 3625 1424 3697 item
1450 3618 1597 3721 osaayqr,
1624 3626 1707 3698 item
1724 3627 1845 3698 taber-

289 3767 343 3837 na,
369 3748 454 3819 item
479 3747 667 3837 hortulani,
694 3746 777 3819 item
805 3748 996 3838 praedium,
1022 3747 1108 3818 item
1126 3747 1367 3819 molendinum.
1393 3747 1483 3819 Item
1501 3767 1619 3819 omues
1642 3749 1719 3837 agri
1736 3726 1844 3821 villae

132 3895 135 3901 ⁴
282 3868 428 3940 solvunt
453 3873 490 3939 et
516 3868 712 3941 conducunt
747 3868 913 3955 decimam
941 3869 1206 3959 manipularem«
1222 3874 1271 3940 et·
1286 3868 1484 3959 canapalem
1504 3923 1512 3939 .
1530 3913 1565 3939 .r
1584 3921 1699 3939 .....
1725 3868 1845 3942 Gond-

289 3994 350 4060 nat
368 4040 484 4059 .....
998 4031 1001 4041 -
1283 4028 1289 4035 -
1356 4001 1362 4009 ’
1468 4034 1473 4043 ·
1642 4057 1644 4061 ,
1736 4038 1742 4047 -

266 4105 268 4108 ’
393 4092 660 4203 Gnsnnowff',
699 4111 784 4184 rilla
810 4112 874 4184 sub
900 4111 1068 4202 parochia
1093 4110 1259 4184 ecclesiae
1286 4110 1329 4182 de
1356 4110 1615 4197 Pleschou,
1639 4110 1844 4202 non-longe
1873 4128 1878 4135 ’

288 4230 547 4303 amonasterio
574 4232 617 4304 de
643 4231 820 4324 Mogila
846 4233 924 4321 situ
952 4233 1104 4323 quinque
1119 4222 1207 4303 'oum
1231 4232 1345 4304 medio
1371 4232 1472 4321 lanei,
1492 4237 1537 4308 ,et
1558 4232 1710 4322 quilibet
1735 4231 1844 4305 solvit

171 4328 180 4343 ¹
279 4373 390 4424 unam
418 4373 579 4425 marcam.
618 4352 705 4426 Item
733 4374 804 4425 una
830 4353 974 4425 taberna
1001 4353 1134 4439 habens
1161 4373 1273 4444 agros,
1301 4358 1347 4424 et·
1365 4352 1502 4423 solvens
1529 4352 1615 4425 duas
1642 4370 1843 4444 sexagenas,

169 4532 199 4577 Ι.
285 4474 434 4564 triginta
461 4495 536 4566 ova,
563 4475 709 4565 quilibet
734 4475 856 4547 laneus
883 4450 989 4547 solvit
1014 4474 1104 4546 duos
1130 4495 1289 4564 capones,
1317 4474 1497 4564 praedium
1525 4460 1653 4546 unum'
1666 4472 1753 4547 ltem
1780 4474 1842 4546 de-

268 4596 409 4667 cimam
436 4596 793 4687 manipularem·post
819 4596 999 4693 praedium
1026 4602 1063 4668 et
1089 4602 1169 4687 post
1191 4617 1310 4669 omnes
1337 4579 1442 4686 apros
1469 4595 1571 4667 villae
1598 4616 1662 4686 pro
1679 4616 1718 4667 se
1736 4595 1841 4669 tollit

176 4776 179 4783 .
287 4706 386 4788 lirino
411 4717 530 4789 villam
567 4740 644 4790 cum
679 4717 845 4790 eiusdem¹
869 4717 1002 4789 decima
1037 4718 1261 4807 manipulari,
1299 4717 1507 4789 cmetbonali
1530 4714 1775 4806 et'praediali,
1803 4724 1848 4791 et

286 4838 355 4942 alia
381 4839 748 4931 deeimamanipulari
775 4860 864 4930 quae
892 4838 1188 4929 Tropisszow
1224 4838 1361 4928 dicitur,-
1388 4839 1645 4910 Jobannes·
1665 4838 1778 4911 abbas
1802 4820 1857 4911 et'

286 4966 477 5032 conventus
504 4961 796 5032 Andrzeoviensis
836 4981 927 5031 anuo
954 4960 1092 5032 Domini
1125 4961 1232 5031 1247.
1260 4982 1323 5051 pro
1351 4960 1433 5031 villa
1458 4940 1617 5050 praelata
1643 4964 1679 5030 et
1704 4959 1841 5031 decima

286 5079 459 5170 eiusdem,
492 5086 531 5152 et
557 5102 622 5171 pro
649 5083 761 5153 altera
787 5082 920 5155 decima
944 5083 991 5154 iu
1018 5082 1314 5171 ‘irupisszow
1349 5082 1589 5170 commutarit,
1630 5080 1791 5153 obtinens
1817 5102 1840 5153 a

287 5200 436 5291 capitulo
465 5200 685 5273 cracoviensi
712 5203 827 5273 villam
856 5198 1153 5274 Nauarzicze
1180 5209 1217 5274 et
1245 5202 1411 5274 decimam
1430 5203 1680 5292 manipularem
1698 5203 1735 5273 in
1756 5202 1840 5281 villa

285 5320 417 5413 eedem
437 5331 521 5394 ‘cnm
539 5329 722 5414 utramque
741 5324 928 5415 capitulum
947 5321 1177 5395 Oraeoviense
1195 5324 1296 5416 pleno
1324 5325 1399 5415 iure
1419 5323 1640 5414 ‚possideret
1727 5374 1731 5383 -
1823 5332 1827 5337 ’

389 5444 659 5534 Numerarem,
686 5445 769 5516 villa
796 5445 927 5517 habens
952 5445 1238 5534 parochialem‘in
1257 5450 1294 5517 s'e
1313 5446 1502 5534 ecclesiam-
1530 5444 1657 5517 Sancto
1674 5444 1839 5517 Andreae

285 5564 453 5657 dicatam,
489 5567 586 5639 cuius
613 5566 811 5657 proprietas
838 5567 919 5637 olim
947 5565 998 5636 ad·
1018 5566 1207 5656 capitulum
1234 5564 1477 5656 Oracoriense,
1505 5587 1574 5638 una
1601 5584 1678 5637 cum
1704 5565 1840 5638 maimo

287 5686 388 5758 villae
414 5693 451 5759 et
476 5689 620 5778 praedio
645 5688 862 5778 pertinebat3
902 5707 991 5759 nunc
1018 5708 1102 5759 vero
1128 5690 1280 5777 pertinet
1307 5689 1351 5759 ad
1379 5689 1628 5760 monasterium
1656 5687 1837 5781 Audrzeo·

285 5809 403 5880 riense
430 5804 532 5899 pleno
558 5811 642 5880 iure.
670 5811 710 5880 ln
737 5831 805 5900 qua
832 5815 913 5881 sunt
941 5808 1033 5882 lanei
1060 5811 1304 5900 cmethouales‚
1332 5817 1373 5882 et
1396 5811 1501 5882 solvit
1528 5810 1675 5900 quilibet
1692 5852 1718 5878 .·
1718 5860 1838 5899 .....

283 5931 366 6001 item
394 5953 470 6020 ova,
497 5932 580 6003 item
606 5932 728 6021 gallos,
755 5932 838 6003 item
866 5953 1004 6022 caseos-3
1045 5932 1127 6003 item
1156 5932 1263 6021 labor,
1290 5933 1375 6005 item
1399 5931 1552 6028 parocho,
1580 5933 1661 6004 item
1688 5954 1838 6027 omayep,

284 6055 367 6124 item
385 6053 561 6141 tabernae,
589 6053 671 6123 item
691 6052 917 6142 hortulaniae‚
945 6053 1027 6125 item
1046 6054 1224 6144 praedium
1243 6044 1452 6143 coenobiale,
1480 6055 1562 6125 item
1591 6052 1836 6125 molendinum.
1889 6130 1912 6157 ,1
1941 6046 1945 6052 ’

283 6173 371 6244 ltem
399 6195 517 6246 omnes
551 6175 628 6264 agri
665 6174 766 6247 villae
802 6181 840 6246 et
865 6175 1006 6247 solvunt
1033 6182 1069 6247 et
1096 6176 1293 6248 conducunt
1326 6174 1493 6247 decimam
1520 6175 1770 6266 manipularem
1798 6180 1838 6246 et
1910 6182 1931 6257 ‚l

281 6295 478 6385 eanspclem
506 6317 569 6387 pro
598 6298 808 6369 monasterio
835 6293 1121 6387 Andrzeoriens'i
1139 6304 1184 6368 -et
1211 6297 1309 6369 valor
1335 6298 1411 6369 eius
1438 6299 1643 6370 aestimatur
1670 6296 1713 6368 ad
1737 6330 1753 6367 ·.
1772 6320 1836 6368 a..

284 6408 548 6495 wate-...2
577 6417 737 6516 &uiuat
756 6473 870 6491 .....
883 6456 885 6460 ·

651 6720 754 6859 ab

674 6858 713 6911 ..i
