4217 8059
309 1494 383 1564 422

306 1698 447 1787 fundat,
487 1695 737 1784 nonnullasque
777 1694 927 1767 decimas
967 1694 1200 1784 manipulares
1238 1701 1375 1763 mensae
1411 1691 1616 1782 episcopalis
1654 1691 1689 1761 in
1727 1688 1857 1781 oppido

307 1818 606 1906 Dobschicze,
635 1818 717 1887 item
744 1816 780 1886 in
806 1817 889 1887 villa
915 1815 1103 1903 wiuari,
1131 1806 1290 1905 villisque
1318 1813 1395 1884 aliis
1414 1815 1542 1883 circum
1562 1810 1859 1883 Dobschicze

307 1940 460 2028 situatis,
489 1959 573 2028 quas
601 1937 743 2008 iuferius
771 1936 1023 2025 describemus,
1051 1935 1203 2025 capitulo
1231 1933 1451 2005 cracoviensi
1479 1933 1717 2004 consentiente
1744 1932 1863 2017 donat,

306 2060 553 2149 ecclesiamque
581 2058 707 2148 partim
736 2079 778 2128 en
806 2057 923 2128 dolata
950 2062 1059 2147 petra,
1087 2057 1213 2146 partim
1241 2077 1284 2126 ex
1312 2061 1409 2125 cocto
1437 2055 1548 2125 latere
1574 2074 1654 2125 rara
1674 2058 1860 2125 venustate

127 2192 131 2214 ¹
230 2187 237 2200 ‘
306 2180 462 2252 fabricat.
490 2179 577 2250 ltem
605 2186 641 2250 et
667 2178 778 2250 eidem
806 2178 1017 2275 morrasterio
1045 2179 1079 2249 iu
1109 2175 1286 2266 Mogila
1312 2176 1493 2246 ecelesiam
1521 2176 1751 2266 parochialem
1771 2175 1870 2257 Sanf

307 2302 354 2372 cti
382 2300 638 2372 Bartholomaei
675 2299 718 2370 de
755 2298 823 2368 Mo
832 2299 945 2388 gila,
981 2299 1134 2370 extincto
1170 2298 1243 2368 eins
1279 2297 1397 2386 titulo,
1425 2302 1462 2367 et
1488 2317 1572 2367 cura
1599 2298 1788 2368 animarum
1821 2297 1857 2365 in

306 2421 484 2493 eeclesiam
512 2421 745 2511 parochialem
783 2421 816 2490 iu
853 2419 1092 2490 Plesehow
1120 2420 1195 2495 sihi¹
1214 2419 1360 2489 vicinam
1387 2439 1456 2490 una
1483 2439 1558 2488 eum
1587 2417 1752 2508 parochia
1780 2415 1861 2486 Mo-

307 2542 455 2633 gilnensi
482 2540 669 2630 transfusa,
696 2541 863 2630 adiungit,
891 2547 927 2611 et
954 2562 1072 2611 omnes
1101 2539 1253 2611 eiusdem
1281 2540 1447 2610 ecelesiae
1466 2539 1581 2610 Sancti
1602 2538 1863 2609 bartholomaei
1895 2567 1898 2571 ⁵
1971 2610 1978 2621 ,

308 2668 498 2754 proventus
525 2669 560 2733 et
586 2662 736 2733 decimas
764 2663 971 2733 monasterio
999 2658 1186 2751 Mogileusi
1215 2661 1289 2731 unit
1316 2665 1351 2730 et
1378 2661 1586 2750 incorporat.
1613 2660 1700 2730 Item
1728 2665 1763 2729 et
1782 2679 1863 2728 eoe-

310 2784 448 2855 nobium
477 2804 539 2873 pro
565 2782 735 2854 iratribus
763 2792 799 2854 et
825 2782 920 2853 cellis
948 2802 989 2852 ac
1016 2783 1252 2853 mansionibus
1279 2780 1438 2873 fabricat,
1466 2781 1649 2871 villamque
1679 2787 1862 2870 paterium

310 2925 406 2975 suam
433 2910 470 2975 et
497 2905 623 2975 auitam
653 2903 897 2974 Michalow
925 2903 1035 2974 eidem
1065 2903 1274 2973 monasterio
1303 2901 1478 2991 arliungit3
1505 2908 1542 2971 et
1560 2902 1716 2991 quamvis
1735 2901 1865 2990 patrui,
1941 2926 1944 2931 ·

309 3024 444 3113 iratres
471 3031 615 3115 nepotes
642 3031 677 3096 et
695 3024 940 3113 consanguinei
960 3024 1106 3114 praefati
1126 3023 1298 3094 l'vonis
1326 3024 1477 3113 episcopi
1497 3020 1746 3111 Oraeoviensis,
1765 3021 1863 3092 ride-

309 3146 390 3216 licet
417 3145 584 3217 Saulus
612 3152 648 3217 et
672 3145 826 3217 Saudo
853 3144 914 3215 filii
952 3145 1087 3216 comitis
1125 3145 1348 3214 llobeslai
1377 3151 1413 3214 et
1440 3143 1606 3233 patruelis
1634 3163 1752 3213 eorum
1779 3141 1863 3231 Do-

200 3241 206 3253 ·
310 3256 1865 3371 beslausfiliusvislaihaeredesdePrandoeziuetcrzeslaus,Pr'au·

309 3388 475 3475 dotba,
511 3387 702 3477 Petrus,
739 3387 910 3459 Paulus
947 3387 1008 3458 filii
1044 3387 1179 3457 comitis
1220 3385 1452 3458 Sandonis
1492 3392 1528 3456 et
1569 3385 1880 3474 Matthaeus,-

295 3507 577 3598 ‚Jaroslaus,
604 3508 772 3594 Saudo,
801 3508 972 3599 Mykrrl,
1001 3507 1119 3578 lwan
1147 3507 1208 3578 filii
1244 3507 1379 3578 comitis
1413 3507 1530 3577 lwan
1559 3514 1595 3577 et
1622 3507 1757 3577 comitis
1784 3505 1866 3576 Mi·

309 3628 504 3718 loslawi,
530 3629 657 3700 iratres
684 3629 860 3719 lwonis,
878 3627 1124 3717 fundationem,
1144 3628 1352 3699 erectionem
1375 3634 1409 3697 et
1428 3627 1639 3697 dotationem
1659 3627 1866 3697 monasterii
1937 3668 1943 3675 -

311 3749 458 3838 praefati
486 3751 521 3820 in
548 3749 722 3838 Mogila
750 3770 813 3839 per
830 3728 1014 3821 lvonem
1044 3750 1241 3843 episcopum
1260 3745 1396 3837 iactam,
1415 3767 1581 3818 enervare
1601 3768 1725 3836 magno
1744 3745 1865 3818 studio

311 3876 530 3958 conarentur,
557 3874 592 3937 et
619 3869 654 3938 in
681 3868 867 3939 laesionem
896 3869 971 3940 eius
998 3869 1145 3940 diversis
1173 3876 1356 3940 uterentur
1382 3869 1676 3957 machinamentis
1705 3864 1893 3939 asserens

310 3993 363 4058 tes
391 3989 625 4060 haereditates
652 3996 689 4059 et
716 3988 816 4060 villas
844 3990 954 4062 eidem
983 3990 1193 4061 monasterio
1221 3991 1265 4061 ab
1293 3991 1432 4061 ivone
1459 3992 1621 4080 episeopo
1639 3989 1863 4061 Craeoviensi

312 4111 491 4181 indolem
527 4130 708 4182 concessas
744 4116 780 4182 et
806 4111 1010 4202 inscriptas,
1038 4111 1133 4182 velut
1160 4132 1237 4200 eas,
1265 4131 1353 4202 quae
1381 4116 1492 4181 inerte
1519 4111 1680 4182 lvonis
1708 4110 1864 4200 episcopi
1888 4193 1890 4197 ,

312 4237 475 4321 sequuta,
504 4232 548 4303 ad
584 4252 621 4303 se
657 4233 732 4303 iure
748 4317 750 4320 ,
768 4223 995 4304 successionis
1032 4232 1267 4303 devolvendae
1294 4239 1412 4321 erant,
1441 4233 1474 4302 in
1503 4237 1630 4303 sortem
1659 4231 1863 4303 monasterii

311 4352 493 4422 transferri
518 4360 556 4424 et
583 4354 724 4424 inscribi
761 4354 835 4424 inre
871 4354 1029 4443 polonico
1057 4375 1125 4424 non
1153 4373 1274 4443 posse,
1301 4374 1391 4424 auno
1419 4360 1534 4424 tamen
1572 4353 1709 4424 Domini
1751 4353 1863 4423 1231.

233 4571 235 4575 v
313 4472 433 4562 quinto
451 4471 687 4545 Kalendarum
716 4473 886 4567 Octobris,
913 4474 957 4545 ab
985 4475 1076 4545 omni
1105 4474 1176 4564 lite,
1195 4472 1389 4544 differentia
1415 4482 1451 4545 et
1478 4474 1716 4544 controversia
1743 4493 1862 4571 cessa·

312 4574 404 4682 ruint,
430 4581 631 4665 abdicantes
658 4614 696 4665 se
723 4602 760 4666 et
785 4595 1027 4666 renuntiantes
1054 4595 1160 4665 omni'
1175 4596 1394 4685 proprietati,
1413 4595 1516 4665 titulo
1535 4602 1570 4664 et
1588 4595 1710 4666 ditioni
1731 4601 1765 4663 et
1783 4594 1867 4684 iuri,

189 4776 203 4793 ,
311 4713 340 4783 si
368 4712 459 4809 quod
488 4715 556 4784 illis
584 4715 618 4785 in
647 4716 738 4787 villis
766 4724 801 4786 et
829 4716 1101 4803 haereditatibus
1139 4715 1305 4805 praefatis
1343 4715 1596 4805 quomodolibet
1636 4715 1866 4804 competebat,

299 4834 541 4923 suscipientes
568 4837 659 4906 bona
695 4836 852 4927 praefata
887 4845 923 4907 et
950 4837 1051 4907 villas
1080 4837 1114 4906 in
1142 4858 1259 4907 eorum
1289 4837 1558 4926 protectionem,
1584 4837 1728 4907 tutelani
1757 4841 1865 4925 atque

312 4953 495 5026 defensam.
524 4955 727 5027 Monasterii
756 4963 871 5028 autem
900 4957 1046 5047 praefati
1074 4956 1117 5027 de
1145 4941 1321 5046 Mogila
1347 4959 1492 5028 caeteris
1519 4958 1705 5047 abstractis
1724 4964 1759 5026 et
1778 4957 1865 5026 alie·

313 5075 412 5165 natis,
441 5075 706 5164 bachabantur
733 5078 853 5167 villae,
880 5078 985 5168 hique
1014 5079 1196 5166 introitus,
1223 5078 1381 5149 redditus
1409 5084 1444 5147 et
1471 5083 1678 5167 proventus,
1706 5098 1865 5167 quaeque

313 5216 356 5264 ue
385 5215 407 5265 a
433 5197 645 5267 monasterio
681 5198 725 5269 de
751 5198 925 5288 Mogila
953 5200 1087 5289 possint
1115 5219 1277 5288 processu
1305 5201 1472 5289 temporis
1500 5199 1674 5286 abstrahi,
1703 5199 1864 5288 abrumpi

312 5323 348 5387 et
374 5316 529 5407 alienari,
556 5338 614 5388 eas
643 5319 677 5389 in
705 5322 853 5407 registro
881 5319 1067 5409 praesenti,
1095 5342 1162 5407 qua
1190 5321 1363 5409 potuimus
1390 5300 1590 5391 studiosiori
1611 5340 1693 5389 cura
1710 5320 1866 5389 conscri-

312 5437 451 5526 psimus,
479 5458 542 5526 pro
569 5439 735 5509 memoria
762 5440 982 5529 sempiterna.

417 5557 669 5630 Mouasterium
706 5559 883 5650 Mogila
911 5581 931 5629 a
958 5561 1034 5630 vieo
1063 5560 1239 5651 Magi-la
1275 5583 1341 5633 non
1371 5562 1472 5651 longe
1500 5584 1520 5631 a
1547 5562 1757 5633 monasterio
1784 5561 1866 5652 sito,

209 5712 217 5727 ι
313 5679 515 5749 vocabulum
543 5682 703 5770 trabeae,
732 5701 919 5771 cognomen
956 5687 1071 5752 antem
1100 5683 1175 5753 vico
1200 5683 1358 5772 praelato
1385 5683 1479 5753 dedit
1508 5704 1605 5753 mons
1633 5683 1869 5754 artificialiter

312 5799 347 5867 iu
384 5799 564 5888 piramidis
601 5802 738 5872 randum
774 5800 905 5889 faetus,
943 5802 1045 5872 villae
1081 5803 1130 5873 illi
1167 5805 1366 5895 imminens,
1393 5806 1427 5874 in
1462 5826 1529 5894 qno
1558 5803 1868 5893 Vandaregina

312 5917 476 5990 Polouiae
502 5921 574 5990 filia
601 5919 766 5990 Graeci
794 5942 821 6027 a
842 5943 910 6011 qu0
937 5921 1168 5994 Oracovia
1196 5924 1460 6015 appellationem
1483 5925 1613 5995 sortita
1639 5930 1710 6011 est,
1738 5926 1867 5996 asseri-
1979 5954 1983 5959 ·

208 6040 218 6047 ”
313 6045 372 6110 tur
399 6061 420 6111 a
448 6042 634 6129 veteribus,
662 6048 841 6131 postquam
871 6063 908 6111 se
937 6043 1011 6114 Diis
1031 6046 1241 6118 immolando
1261 6047 1295 6116 in
1312 6046 1452 6117 fluvium
1474 6045 1666 6117 lstulam
1695 6047 1868 6137 praecipi·

311 6167 430 6264 tasset,
457 6162 501 6231 ab
529 6161 630 6232 undis
658 6161 824 6232 suffocata
850 6165 931 6235 illuc
959 6186 1067 6255 usque
1094 6167 1226 6236 lubrico
1254 6172 1352 6237 amne
1380 6167 1532 6247 derecta
1559 6168 1681 6239 fnisset
1708 6167 1866 6257 sepulta3

312 6279 434 6352 Poloni
462 6283 554 6351 enim
580 6281 747 6352 tumulum
776 6289 989 6355 mortuorum
1018 6283 1180 6380 moqifum
1208 6307 1269 6355 suo
1297 6287 1459 6356 idiomate
1487 6288 1672 6377 appellant.
1699 6288 1867 6378 Appella-

311 6408 369 6475 tnr
396 6403 501 6478 etiam
526 6403 774 6475 maamterium
801 6404 996 6494 praefatum
1032 6405 1173 6482 Olara
1199 6404 1380 6498 Tumba,
1408 6406 1501 6500 quod
1526 6407 1579 6479 illi
1605 6429 1728 6481 nomen
1755 6409 1893 6488 latina.

1482 6548 1705 6617 r4„.

1437 6645 1441 6653 Ι
1503 6598 1592 6625 ¹0¹·

1425 6652 1450 6699 ,-

1424 6728 1449 6785 φ
1486 6714 1609 6817 1.
1706 6774 1712 6781 .
