4217 8059
1746 1510 1824 1580 ccc

270 1688 482 1782 monaterio
508 1711 679 1782 laborant.
705 1711 791 1781 utem
819 1710 952 1780 aecana
977 1710 1205 1799 manipularis
1232 1711 1379 1782 solvitur
1410 1712 1454 1782 ae
1480 1713 1574 1803 agris
1601 1716 1820 1787 omanorum

270 1832 480 1904 monasterio
506 1830 820 1920 Szeczcclnoviensi,
847 1837 884 1902 et
910 1830 1149 1902 induciturin
1177 1832 1340 1904 borreum
1375 1833 1528 1923 propriis
1557 1836 1721 1906 curribus
1756 1856 1821 1927 per

270 1953 488 2042 emethooes,
525 1953 624 2023 cuius
651 1953 748 2025 valor
783 1952 988 2025 aestimatur
1014 1952 1058 2023 ad
1086 1974 1147 2024 sex
1173 1972 1315 2025 marcas.
1346 1955 1447 2025 Item
1475 1955 1608 2026 decima
1644 1957 1820 2047 canapalis

271 2095 463 2163 peronam
490 2071 639 2144 lolliam
667 2072 826 2145 Continat
852 2093 929 2144 cum
957 2074 1048 2145 villis
1076 2072 1372 2166 carbathka,
1398 2075 1650 2168 Polyczna,
1678 2077 1820 2169 Kozy-

270 2197 418 2286 nicze,
445 2195 635 2284 Jedlna,
666 2193 861 2267 Grodclr.
1811 2224 1817 2233 ·

373 2316 603 2419 Jnnssuczn,
639 2316 723 2387 villa
749 2318 813 2388 sub
841 2317 1007 2406 parochia
1033 2316 1200 2388 ecclcsiae
1227 2317 1270 2389 de
1297 2318 1565 2417 Xangnicze
1591 2322 1669 2409 sita,
1697 2327 1732 2391 et
1758 2342 1822 2411 per

270 2437 426 2508 laxam
455 2437 616 2509 comitem
642 2436 947 2527 Myecboviensem
974 2439 1186 2509 monasterio
1214 2438 1517 2511 Szeczechoviensi
1544 2438 1685 2512 Ordinis
1703 2440 1821 2512 Sancti

270 2559 458 2647 Benedicti,
486 2557 726 2630 cracoviensis
753 2558 932 2648 dioecesin,
959 2564 1128 2649 perpetuo
1156 2559 1288 2631 donata
1313 2566 1349 2631 ct
1375 2562 1552 2651 inscripta,
1593 2564 1689 2632 culus
1717 2563 1820 2632 etiam

270 2679 402 2750 decima
427 2699 497 2750 una
523 2700 601 2750 curn
628 2679 796 2769 prachali
823 2680 868 2751 ad
895 2682 1145 2752 monasterium
1172 2679 1482 2753 Szeezechoviense
1510 2683 1716 2773 pertinebat.

373 2800 573 2890 Launzrnn,
609 2801 694 2870 uilla
720 2801 852 2873 habens
879 2802 915 2872 iu
942 2820 980 2872 se
1007 2802 1241 2891 parochialem
1268 2802 1448 2873 ecclesiam
1475 2803 1635 2893 ligneam,
1663 2825 1726 2895 pen
1752 2803 1774 2874 J
1784 2825 1821 2891 ag

269 2942 365 2992 nam
393 2922 551 2992 comitem
584 2920 905 3011 Myechouiensem,
941 2924 1153 2994 monasterio
1189 2923 1491 2995 Szeczeclroviensi
1527 2923 1668 2996 Ordinis
1703 2925 1821 2995 Sancti

271 3042 458 3132 Benedicti,
486 3042 728 3114 cracoviensis
754 3042 929 3132 dioecesis,
971 3050 1139 3133 perpetuo
1167 3044 1296 3115 donata
1322 3051 1359 3115 et
1385 3045 1562 3135 iuscripta,
1590 3047 1687 3116 cuius
1714 3047 1849 3135 etianr

270 3164 412 3254 decima,
439 3184 509 3235 uua
527 3184 604 3234 cum
622 3163 802 3254 praedioli,
830 3164 873 3234 ad
892 3165 1142 3235 monasterium
1160 3164 1470 3237 Szeczeeboviense
1497 3167 1704 3255 pertinebat.
1731 3166 1822 3238 Istas

271 3285 356 3355 duas
391 3284 624 3377 Jaksycze
660 3292 697 3356 et
732 3284 1029 3377 Lyendzyny,
1067 3285 1145 3357 lvo
1179 3284 1418 3389 cracoviensis
1445 3287 1628 3379 episcopus
1656 3308 1677 3357 a
1703 3308 1821 3359 mona-

271 3406 378 3477 sterio
405 3404 706 3478 Szeczecbovicnsi
747 3407 928 3495 cambivit,
964 3414 1001 3477 et
1028 3426 1104 3477 cnm
1132 3406 1275 3477 decimis
1302 3426 1440 3496 earum,
1475 3426 1547 3496 pro·
1568 3407 1703 3478 duabus
1730 3406 1823 3477 villis

272 3524 426 3597 carna
452 3534 488 3596 et
514 3526 884 3609 Schawlowicze.

312 3668 316 3675 ·
372 3647 571 3736 Lanczrm,
599 3647 681 3718 villa
700 3648 764 3718 sub
782 3648 948 3737 parochia
970 3648 1135 3719 ecclesiae
1162 3648 1205 3719 de
1223 3647 1435 3721 Lauczna
1462 3647 1530 3719 sita
1548 3647 1693 3737 oppido,
1721 3648 1819 3720 cuius

268 3769 464 3860 proprietas
490 3775 527 3839 et
545 3768 732 3839 dominium
760 3769 805 3839 ad
822 3770 1071 3840 monasterium
1090 3768 1377 3842 Szczecboviense
1394 3769 1557 3860 pertinet.
1596 3769 1636 3839 In
1656 3790 1725 3858 qua
1742 3775 1823 3840 sunt

269 3910 330 3961 sex
356 3889 448 3960 lanei
476 3889 727 3979 cmetbonales,
762 3894 800 3961 et
826 3890 981 3979 quilibet·
1002 3889 1198 3981 solvit..'pro
1225 3910 1334 3962 censu
1360 3890 1510 3961 sedecim
1536 3909 1676 3979 grossos
1702 3909 1823 3960 mona·

269 4011 394 4099 sterio,
423 4011 504 4081 item
523 4010 670 4100 triginta
687 4031 771 4100 ova,
798 4011 880 4081 item
908 4012 996 4083 duos
1013 4011 1142 4102 gallos,
1169 4012 1254 4082 item
1272 4012 1358 4083 duos
1376 4013 1502 4083 choros
1520 4030 1650 4082 avenae
1668 4011 1822 4101 aequalis

270 4150 469 4219 mensurae;
496 4131 580 4202 item
606 4131 769 4203 laborant
795 4152 900 4202 unum
928 4132 1019 4202 dienn
1046 4132 1090 4203 de
1107 4132 1207 4203 laneo
1234 4133 1270 4202 in
1289 4133 1491 4221 septimana.
1531 4131 1617 4202 Item
1643 4129 1823 4226 poscebam

269 4260 450 4342 utramque
476 4251 638 4324 laborant
664 4273 727 4342 pro
755 4253 974 4323 monasterio.
1014 4253 1101 4324 ltem
1128 4259 1209 4323 sunt
1235 4253 1284 4323 ibi
1312 4252 1400 4323 duae
1427 4253 1599 4342 piscinae,
1626 4271 1733 4341 super
1757 4251 1822 4321 tlu-

269 4374 623 4465 vio‘Suaczycza
649 4375 754 4463 sitae,
783 4395 859 4444 curn
887 4374 1022 4445 duobus
1048 4373 1272 4462 molendinis,
1300 4379 1336 4444 et
1353 4373 1493 4444 solvunt
1521 4374 1622 4444 ambo
1648 4378 1822 4442 metretas.

272 4496 356 4566 Item
385 4496 474 4567 duae
510 4496 677 4567 tabernae
713 4496 882 4566 habentes
909 4508 1030 4583 agros,
1070 4492 1246 4584 quaelibet
1272 4494 1377 4565 solvit
1403 4513 1507 4564 unann
1533 4512 1695 4564 marcam.
1733 4493 1821 4562 ltem

269 4624 400 4707 septem
427 4618 662 4707 hortulaniae,
690 4638 759 4687 non
778 4617 926 4688 solvunt.
965 4616 1052 4686 Item
1080 4615 1214 4687 decima
1239 4621 1319 4706 post
1346 4635 1464 4686 omnes
1491 4634 1595 4704 agros
1622 4614 1820 4684 cmetbona-

268 4738 317 4808 les
344 4739 556 4810 monasterio
582 4738 809 4827 manipularis
836 4737 996 4826 solvitur,
1024 4742 1061 4806 et
1077 4736 1177 4808 valor
1202 4737 1276 4807 eins
1303 4737 1509 4807 aestimatur
1536 4735 1580 4806 ad
1598 4755 1658 4806 sex
1678 4740 1823 4804 marcas·

271 4860 356 4930 Item
391 4866 445 4931 est
472 4860 520 4931 ibi
547 4859 747 4949 praedium,
784 4858 876 4948 quod
902 4857 989 4929 nulli
1015 4857 1122 4929 solvit
1147 4858 1331 4947 decimam,
1368 4857 1430 4929 sed
1457 4876 1532 4928 eam
1564 4876 1628 4947 pro
1656 4878 1693 4926 se
1720 4853 1821 4924 tollit.

271 4981 356 5052 Item
385 4982 526 5051 suntin
555 4979 674 5050 eadem
710 4979 793 5049 villa
819 4981 943 5051 borrae
975 4986 1096 5051 vastae
1124 4986 1159 5050 et
1186 4980 1311 5069 sylvae.
1352 4978 1439 5049 Item
1467 4979 1559 5049 circa
1585 4978 1713 5047 curiam
1735 4993 1823 5062 par·

270 5124 332 5172 vus
358 5102 463 5173 lacus.
508 5102 596 5172 Item
631 5108 713 5171 sunt
748 5100 796 5170 ibi
824 5101 974 5190 quinque
999 5100 1116 5189 lacus,
1143 5099 1303 5170 videlicet
1335 5098 1585 5187 Osthvvisz,
1622 5094 1822 5182 Nadrib,

270 5221 526 5293 Ostwiszek
554 5223 684 5310 miuus,
713 5221 953 5293 Rikaczow
988 5221 1302 5292 etTeszaczin.
1341 5221 1431 5291 Item
1447 5224 1568 5292 serunt
1594 5236 1659 5305 pro
1687 5219 1820 5286 aestate

269 5342 444 5435 et-layeme
471 5351 584 5417 certos
611 5364 723 5433 agros,
751 5350 787 5414 et
804 5343 993 5434 dIsponunt
1015 5347 1198 5432 utramque
1218 5338 1410 5435 provocabam.
1450 5338 1539 5409 item
1556 5337 1690 5409 decima
1716 5327 1843 5406 carra?

269 5462 357 5551 palis
392 5485 455 5554 per
486 5486 587 5536 uuam
622 5463 759 5534 littora.
798 5465 885 5535 ltem
923 5464 1070 5554 quilibet
1104 5463 1149 5534 de
1173 5463 1274 5534 laneo
1308 5480 1372 5550 pro
1410 5457 1499 5531 iesto
1535 5456 1689 5528 Paschae
1717 5478 1822 5527 ununn

273 5585 496 5676 plnaszonem,
523 5586 579 5658 vel
597 5607 701 5657 unum
729 5606 898 5676 grossum.
934 5584 1096 5656 continet
1118 5604 1195 5654 crum
1222 5581 1314 5652 villis
1342 5580 1606 5667 Laczuchow,
1633 5576 1823 5649 Lauczna

270 5707 415 5797 oppido,
444 5707 685 5779 Suirczow
712 5713 748 5778 et
773 5698 1049 5777 Wrzesczin.
1089 5704 1227 5777 Donata
1252 5722 1316 5791 per
1342 5700 1459 5772 Jaxa
1486 5700 1615 5770 ducem.

373 5828 610 5916 Sznnnrczn,
642 5828 728 5899 -villa
763 5829 829 5898 sub
864 5828 1030 5916 parochia
1065 5825 1231 5897 ecclesiae
1266 5822 1310 5894 de
1345 5822 1561 5894 Lanczua
1587 5820 1714 5910 oppido
1742 5821 1839 5907 sita:

269 5948 365 6018 cuius
391 5949 589 6038 proprietas
619 5954 656 6021 et
671 5949 861 6020 dominium
888 5948 932 6018 ad
951 5947 1197 6017 monasterium
1224 5944 1385 6035 pertinet.
1424 5942 1466 6014 In
1494 5963 1563 6034 qua
1588 5948 1671 6014 sunt
1697 5959 1819 6012 novem

267 6070 358 6140 lanei
386 6070 638 6161 cmetlronales,
665 6078 702 6141 et
728 6070 874 6161 quilibet
900 6049 1003 6139 solvit
1029 6087 1093 6156 pro
1120 6087 1234 6138 annuo
1262 6087 1367 6138 censu
1392 6064 1605 6137 monasterio
1633 6061 1821 6133 Szczecho·

269 6191 378 6262 viensi
406 6197 484 6261 octo
512 6194 656 6280 scottos,
683 6190 767 6261 item
792 6191 938 6281 triginta
964 6208 1048 6277 ova,
1075 6189 1157 6258 item
1185 6187 1271 6257 duos
1297 6186 1427 6276 gallos,
1455 6185 1543 6256 duos
1569 6202 1709 6273 caseos,
1735 6183 1821 6254 item

268 6312 354 6383 duos
390 6315 515 6384 choros
543 6330 673 6410 avenae
700 6311 879 6402 aequales,
906 6310 988 6381 item
1016 6313 1156 6381 tenetur
1190 6307 1351 6380 laborare
1387 6327 1493 6378 ununn
1529 6304 1621 6377 diem
1648 6303 1693 6375 dc
1718 6290 1821 6375 laneo

267 6435 303 6503 in
322 6436 533 6525 septimana,
561 6432 703 6523 proprio
717 6435 834 6505 ‘cumn
860 6437 931 6505 aut·
948 6436 1076 6504 aratro.
1115 6430 1203 6503 Item
1220 6431 1386 6502 tabernae
1413 6433 1486 6501 tres
1513 6427 1682 6501 babentes
1709 6442 1826 6517 agros,
