4217 8059
1771 1490 1877 1563 27,

266 1698 412 1793 Jacxo
440 1699 495 1770 vir
521 1700 631 1769 honae
659 1698 855 1785 memoriae,
883 1697 1100 1766 llomiuicum
1129 1696 1243 1766 adiret
1269 1696 1503 1785 Sepulchrum,
1531 1698 1630 1766 etin
1658 1696 1743 1785 loce,
1761 1696 1820 1767 nbi

267 1821 431 1891 steterint
458 1821 564 1909 pedes
590 1820 738 1906 Domini,
767 1818 938 1905 adoraret,
959 1819 1050 1887 inter
1077 1819 1146 1887 alia
1172 1817 1367 1889 devotionis
1394 1830 1478 1887 serae
1496 1818 1655 1906 insignia,
1674 1818 1821 1906 rogavit,

268 1950 308 2013 nt
344 1941 502 2013 Ecclesia
536 1940 653 2012 Sancti
689 1939 870 2029 Sepulchri
907 1961 1010 2010 unum
1048 1939 1091 2009 de
1119 1941 1292 2011 canonicis
1320 1939 1392 2009 suis
1420 1930 1548 2009 socium
1579 1941 1614 2009 in
1641 1939 1819 2009 Palaniam

268 2065 441 2152 mitteret,
470 2070 639 2153 quatenus
667 2062 709 2132 ad
738 2061 938 2153 splrendum
967 2068 1085 2130 ruturm
1114 2062 1204 2150 qued
1232 2060 1376 2149 fecerat,
1404 2082 1480 2130 cum
1508 2059 1712 2150 quibusdam
1740 2061 1821 2131 hae·

182 2232 184 2237 -
265 2184 477 2255 reditatibus
505 2184 696 2253 investiret..
724 2182 813 2270 eria
840 2202 914 2251 cum
944 2190 1036 2251 esset
1065 2183 1118 2251 vir
1145 2182 1452 2251 christianissimus
1471 2187 1507 2251 et
1525 2182 1709 2270 praecipue
1727 2181 1820 2249 circa

271 2305 503 2395 Sepulchrum
531 2304 747 2374 Domiuieum
776 2304 930 2391 devotus,
958 2303 1138 2373 eeclesiam
1164 2308 1319 2373 nostram
1343 2304 1415 2372 suis
1442 2304 1556 2371 voluit
1573 2302 1694 2377 (latare
1713 2303 1821 2391 patri·
1855 2363 1860 2373 .

234 2503 236 2507 ,
267 2428 403 2515 muniis,
431 2434 467 2496 et
492 2427 582 2515 apud
611 2434 762 2496 remotas
790 2425 882 2495 illius
910 2426 1108 2514 provinciae
1136 2431 1267 2513 gentes,
1286 2424 1415 2495 Christi
1436 2424 1821 2530 patrimoniumampli-

270 2568 351 2635 are3
379 2554 419 2618 ut
445 2548 524 2618 dum
553 2549 627 2617 eius
646 2547 891 2636 patrimonium
912 2547 1140 2634 atripliiiearet
1158 2547 1192 2614 in
1212 2546 1327 2633 terrie,
1346 2554 1508 2615 aeternae
1527 2546 1679 2615 civitatis
1697 2546 1821 2614 haeres

271 2668 460 2739 aChristu
497 2669 735 2739 conscribatur
771 2668 805 2736 iu
834 2667 947 2736 euelis.
988 2666 1073 2736 Crem
1102 2688 1185 2756 ergo
1222 2667 1392 2756 (petendam
1418 2668 1617 2737 eaurronieum
1645 2687 1760 2735 seeum
1787 2666 1822 2735 iu

270 2788 449 2859 Poloniam
477 2790 706 2879 perduxisset,
734 2789 865 2879 egregii
894 2789 1021 2858 domini
1044 2788 1254 2859 Boleslai
1283 2791 1380 2860 ducis
1399 2810 1568 2860 cerasensu
1588 2810 1628 2858 ac
1647 2789 1823 2858 solennitate

271 2911 485 2999 omnimoda,
512 2916 584 2980 tres
611 2911 722 2999 villas,
750 2909 911 2979 videlicet
950 2909 1199 2999 Myeeheu'‚
1238 2910 1516 3002 Zagerzyca,
1551 2910 1824 2994 Currroruwu,

270 3032 306 3101 in
334 3038 535 3122 perpetuam
560 3032 815 3122 eleemosynam
843 3032 1006 3101 canonico
1034 3040 1070 3101 et
1096 3035 1167 3101 suris
1195 3033 1452 3102 antecessoribus
1479 3032 1679 3121 assignavit.
1707 3030 1754 3103 Et
1781 3050 1824 3099 ue

273 3154 399 3243 aliquis
435 3174 670 3235 suceessorum
707 3174 848 3223 suorum
885 3152 1089 3224 diuinationes
1116 3155 1190 3223 eius
1217 3161 1335 3242 posset
1362 3154 1396 3223 in
1426 3154 1563 3223 irritum
1590 3152 1736 3239 ducere,
1763 3172 1825 3221 seu

273 3274 373 3343 villas
409 3275 687 3363 praenominatas
724 3294 744 3343 a
778 3273 1115 3362 Hyeresolimitauae
1142 3274 1319 3344 Ecclesiae
1345 3274 1497 3343 doruiniu
1525 3294 1706 3343 revocare:
1732 3272 1825 3342 futru-

278 3414 394 3464 rorum
430 3396 506 3484 pari
542 3395 728 3483 providens
765 3402 800 3464 et
828 3395 944 3483 quieti,
971 3394 1186 3483 praedictum
1213 3396 1334 3466 ducem
1362 3394 1623 3464 Beleslaum
1650 3393 1824 3463 dominum

273 3534 371 3585 suum
407 3514 626 3586 familiariter
661 3517 765 3604 adiit,
802 3524 838 3586 et
873 3517 948 3585 eius
975 3516 1269 3586 coinfirmatiunem
1296 3516 1456 3585 familiari
1493 3534 1632 3604 precum
1661 3514 1826 3584 instantia

275 3636 467 3725 requisivit.
506 3636 584 3706 Dux
613 3658 704 3706 -rero
732 3636 1051 3724 praestantissimus
1087 3638 1150 3707 has
1178 3656 1298 3725 preces
1325 3635 1470 3705 devotas
1497 3634 1706 3733 anarrdieus,
1735 3633 1825 3703 villis

274 3757 318 3827 ab
354 3778 400 3827 eo
432 3757 570 3827 donatis
606 3778 703 3827 suam
741 3757 1032 3827 cetrrtirmationem
1070 3758 1245 3846 adhibuit,
1282 3764 1316 3827 et
1352 3756 1455 3827 talem
1493 3759 1634 3844 insuper
1660 3755 1825 3825 ecelesiae

274 3884 415 3949 nestrae
450 3878 667 3968 libertatem,
704 3886 740 3948 et
776 3885 963 3967 perpetuae
999 3880 1226 3950 immunitatis
1261 3880 1540 3969 praerogativam
1568 3878 1757 3966 concessit,
1784 3858 1831 3947 ut

277 4020 396 4071 onmes
422 4000 667 4097 haereditates
696 4022 782 4091 quas
810 4000 1127 4091 Hyerosolimitana
1146 4001 1299 4072 Ecclesia
1318 4002 1364 4071 ihi
1383 4007 1501 4089 posset
1519 4000 1698 4090 acquirere
1717 4020 1823 4089 prop-

274 4126 329 4191 ter
361 4120 533 4191 Dominici
570 4121 749 4221 Sepulchri
786 4123 1035 4210 reverentiam,
1054 4124 1116 4195 ab
1148 4124 1306 4193 ormdhus
1343 4122 1489 4211 publicis
1524 4121 1762 4193 exactionibus
1789 4127 1824 4189 et

275 4242 442 4331 servitiis,
469 4263 557 4332 quae
585 4244 619 4311 in
648 4242 774 4313 ducatu
803 4242 966 4313 l‘oloniae
993 4243 1140 4333 fuerint,
1168 4251 1285 4314 essent
1310 4244 1451 4332 peuitns
1477 4244 1677 4330 absolutae;
1704 4243 1826 4313 statuit

276 4362 462 4453 siquidem,
491 4363 583 4454 qrrod
619 4365 776 4435 hemines
813 4365 845 4434 in
884 4365 975 4434 uillis
1012 4367 1141 4435 nostris
1169 4366 1369 4437 habitantes
1404 4366 1448 4434 ad
1475 4365 1729 4453 expeditionem
1758 4385 1826 4433 nun

276 4490 375 4573 aaut,
403 4490 552 4555 castrum
581 4507 648 4555 nem
677 4486 877 4573 aedificent,
902 4483 1070 4579 panuliae
1095 4492 1132 4556 et
1157 4496 1289 4555 uerene
1315 4508 1383 4556 non
1411 4486 1512 4573 deut,
1539 4486 1731 4555 mornetario
1759 4506 1827 4554 nem

277 4605 449 4695 obediant,
470 4628 589 4700 purant
617 4613 653 4676 et
674 4604 841 4700 perhoodu
867 4627 935 4676 non
962 4607 1137 4695 trilmaut3
1164 4614 1309 4697 propter
1334 4606 1425 4696 quaed
1444 4606 1590 4675 eeclesia
1608 4611 1736 4685 nostra,
1756 4612 1826 4675 tam

277 4744 364 4816 eum,
391 4746 491 4816 quam
520 4746 736 4798 successures
764 4749 853 4821 seros,
881 4729 1076 4799 orationum
1104 4736 1141 4799 et
1167 4728 1420 4817 beneficiorum,
1448 4738 1536 4823 quiae
1563 4728 1653 4816 apud
1675 4750 1736 4796 nem
1754 4726 1827 4795 fue·
1916 4780 1925 4807 ,.
1950 4720 1979 4765 ·’

278 4848 357 4938 rint,
385 4848 573 4938 participes
600 4870 676 4919 esse
706 4852 891 4921 concessit.
928 4849 991 4920 (lui
1019 4871 1095 4921 cum
1123 4850 1299 4921 confrater
1334 4855 1454 4919 nester
1480 4848 1635 4919 Museo
1663 4849 1828 4919 successit

279 4969 312 5038 in
340 4969 505 5053 honorem
541 4970 737 5060 regiminis,
764 4970 875 5041 faetus
906 4980 961 5042 est
987 4973 1163 5063 particeps
1190 4971 1348 5061 pietatis,
1375 4970 1456 5040 dum
1484 4968 1710 5059 libertatem,-
1726 4991 1827 5059 queam

228 5068 236 5091 ’
279 5090 375 5179 prior
406 5091 570 5179 cuntulit,
607 5112 755 5181 sequeus
790 5093 1013 5163 nihilominus
1041 5093 1267 5163 confirmavit.
1308 5090 1392 5161 Post
1418 5112 1495 5161 cum
1522 5092 1631 5161 frater
1658 5093 1733 5162 eius
1760 5092 1844 5179 du&

281 5208 549 5282 Kazimirus
576 5214 727 5301 priorum
757 5214 914 5303 exempla
940 5222 1088 5303 secutus,
1115 5216 1241 5287 donum
1268 5213 1442 5283 libertatis
1469 5212 1674 5284 alratribus
1701 5214 1831 5285 editum

279 5341 392 5403 ratum
429 5334 568 5423 habuit,
604 5342 640 5404 et
675 5336 760 5406 illud
788 5348 853 5406 suo
878 5336 1061 5425 privilegio
1088 5336 1284 5423 roborarit3
1311 5333 1402 5405 unde
1429 5333 1657 5424 factumest,
1685 5342 1724 5404 ut
1750 5354 1829 5423 pro-

279 5472 376 5524 eesse
403 5457 569 5545 temperis
598 5456 697 5526 multi
724 5458 789 5528 viri
818 5455 950 5527 nubiles
977 5457 1213 5547 eleemosynas
1240 5476 1322 5527 suas
1339 5455 1517 5526 Ecclesiae
1535 5462 1676 5526 nestrae
1694 5453 1828 5526 confer-

280 5582 380 5671 nent,
395 5580 431 5645 et
457 5572 690 5647 haereditates
718 5598 759 5648 ac
786 5579 884 5648 villas
912 5578 977 5648 Dei
1005 5578 1133 5647 intuitu
1146 5578 1329 5667 ,largipent
1349 5597 1493 5667 qnomm
1513 5577 1652 5647 tremine
1669 5577 1829 5647 duximus

282 5697 521 5768 anneetenda.·
545 5696 706 5786 Inprimis
741 5699 898 5769 deminus
926 5696 986 5769 Ge
997 5698 1109 5769 thko
1127 5698 1345 5769 uenerabilis
1371 5696 1613 5769 Graeoriensis
1639 5700 1830 5787 episcopus,

281 5838 343 5907 pro
370 5820 486 5889 anima
513 5828 638 5890 suaet
665 5840 903 5891 suceessorum
931 5842 1081 5907 suorum,
1110 5819 1207 5889 dedit
1233 5820 1410 5890 Ecclesiae
1441 5819 1560 5890 Sancti
1585 5818 1767 5909 Sepulchri
1793 5820 1829 5888 in

282 5924 531 6029 eleemosynam
559 5939 709 6011 decimas
746 5940 890 6012 istarum
919 5950 1070 6030 quatuor
1097 5940 1274 6030 villarum,
1292 5940 1436 6011 scilicet:
1472 5940 1720 6031 Myechuw,
1755 5937 1830 6009 Za·

241 6100 243 6105 ·
281 6052 523 6151 gurzpcz'e,
550 6058 812 6132 Gorrnurowo
849 6068 885 6133 et
910 6059 1128 6133 Ooczcha.
1169 6062 1337 6132 Dominus
1363 6060 1708 6133 Svanthoslaus
1734 6058 1831 6130 dedit

281 6165 1831 6272 coczchantnterioren.Dominusconessaephanusdeducoezctam
1928 6168 1932 6177 ¹

235 6282 259 6329 ’·
282 6298 587 6391 superierem.
614 6302 737 6374 Gentes
765 6303 988 6374 Nicolaus
1015 6304 1191 6393 palatinus
1217 6303 1315 6373 dedit
1333 6303 1419 6377 duas
1438 6302 1548 6391 uillae,
1565 6302 1768 6394 Jacxyez
1795 6313 1831 6375 et-

282 6420 559 6513 Rzeplpcze;
595 6424 705 6495 frater
731 6424 990 6497 Crocoleha
1016 6425 1113 6495 dedit
1138 6422 1264 6513 villam,
1291 6445 1380 6513 qnae
1405 6431 1461 6495 est
1486 6422 1831 6513 iuxta‘Meehotr3
1862 6522 1865 6531 Ι
