4217 8059
359 1484 405 1559 14

357 1694 623 1786 Myechoviense
659 1694 819 1784 pertinet.
863 1693 904 1764 In
942 1714 1012 1783 qua
1046 1699 1128 1765 sunt
1162 1689 1254 1763 lanei
1290 1690 1523 1764 emethonales
1558 1694 1596 1762 et
1619 1690 1767 1782 quilibet
1802 1689 1918 1798 solvit,

357 1868 490 1907 ......
525 1817 609 1887 'rtem
638 1837 712 1902 ova,
739 1813 822 1886 item
848 1814 968 1904 gallos,
995 1815 1080 1884 item
1106 1834 1234 1902 caseos,
1260 1814 1343 1883 item
1369 1812 1478 1902 labor,
1505 1812 1587 1883 item
1607 1809 1801 1906 powabum,
1822 1813 1905 1882 item

355 1958 502 2032 ooezpep,
529 1938 612 2008 item
639 1937 794 2025 taberna,
822 1936 906 2006 item
934 1935 1119 2023 hortulani,
1137 1935 1219 2004 item
1238 1933 1481 2024 molendinum,
1499 1934 1583 2004 11010
1601 1932 1790 2022 praedium.
1817 1932 1904 2003 Item

356 2078 475 2130 omnes
503 2058 580 2147 agri
605 2057 709 2128 villae
735 2056 875 2128 solvunt
893 2061 929 2126 et
947 2056 1145 2126 oondueunt
1162 2041 1328 2126 decimam
1345 2054 1595 2155 manipularem
1614 2058 1651 2124 et
1667 2054 1906 2142 eauupalem...
1991 2035 1994 2039 “

262 2260 268 2271 ,
355 2178 493 2249 Donata
527 2177 738 2250 monasterio
774 2196 838 2265 per
873 2176 1023 2247 Ziram
1061 2182 1097 2246 et
1131 2167 1906 2261 3101010103011113100110011113οη

355 2299 506 2370 alienata
532 2319 554 2369 a
579 2298 801 2369 monasterio.
1143 2344 1145 2349 ,
1429 2312 1440 2325 ·

461 2418 681 2505 Dznnanow,
708 2417 793 2488 11113
819 2417 882 2489 sub
909 2418 1075 2507 parochia
1101 2417 1144 2488 de
1171 2416 1504 2508 Skarzyeszou
1528 2416 1606 2506 sita,
1634 2416 1732 2487 euius
1749 2415 1907 2504 propria·

240 2561 244 2567 ’
358 2545 412 2610 133
448 2539 495 2610 ad
526 2539 775 2615 'monasterinm
812 2537 1079 2630 Myeohoviense
1114 2539 1321 2628 pertinebat.
1362 2537 1401 2608 In
1429 2558 1497 2628 quo
1532 2543 1614 2608 sunt
1641 2541 1791 2627 quotuor
1815 2533 1907 2607 lanei

356 2660 590 2732 umethonales
626 2666 662 2731 et
697 2659 843 2749 quilibet
878 2659 983 2730 solvit
1009 2680 1115 2730 uuum
1141 2659 1311 2730 fertonem
1338 2679 1402 2748 pro
1428 2678 1553 2749 ceusu,
1579 2658 1663 2729 item
1690 2677 1757 2728 ovo
1783 2652 1912 2765 uiginti

358 2785 515 2871 quatuor,
542 2781 625 2851 item
652 2779 763 2870 gallos
790 2784 948 2869 quatuor,
975 2780 1059 2851 item
1086 2797 1206 2850 caseos
1233 2779 1329 2869 duna,
1356 2780 1439 2848 item
1465 2778 1605 2880 laborat
1629 2778 1776 2868 quilibet
1798 2788 1912 2849 eumn·

356 2900 448 2972 diem
474 2901 510 2971 in
537 2900 745 2989 septimana,
771 2901 913 2989 proprio
940 2919 1045 2971 curru
1072 2906 1133 2970 aut
1160 2906 1296 2988 aratro,
1324 2900 1407 2970 item
1431 2896 1640 2997 powabara,
1658 2899 1743 2985 item
1768 2890 1909 2991 oaa'tptp‘

356 3021 495 3092 solvunt
522 3041 586 3119 pro
609 3022 833 3092 monasterio.
859 3021 954 3112 Item,
974 3020 1142 3093 tabernae
1168 3042 1237 3092 uon
1264 3028 1354 3109 suut,
1382 3021 1463 3090 item
1489 3018 1710 3097 hortulauiae
1728 3038 1799 3089 uon
1817 3020 1909 3088 aunt
2004 3032 2007 3041 ·

356 3141 444 3212 Item
469 3142 707 3214 molendinum
740 3147 795 3214 est
821 3142 870 3213 ibi
897 3142 932 3211 in
958 3141 1116 3230 flumine,
1143 3148 1179 3213 et
1205 3142 1311 3214 soluit
1337 3138 1655 3230 quatuor'marean
1694 3139 1780 3209 Item
1809 3156 1909 3228 prae-

352 3262 451 3344 dium
486 3283 555 3334 non
591 3268 646 3334 031
679 3262 739 3335 ibi.
779 3260 867 3334 Item
904 3264 1127 3352 omnes-agri
1154 3262 1256 3333 villae
1282 3263 1422 3333 solvunt
1456 3267 1493 3333 et
1518 3260 1715 3333 conducunt
1740 3259 1907 3331 decimam

355 3381 605 3474 manipularem
632 3390 668 3455 et
694 3383 893 3474 eauapalem
921 3403 985 3472 pro
1011 3384 1157 3454 eeclesia
1182 3383 1374 3472 parochiali
1401 3388 1437 3453 et
1463 3382 1544 3453 elus.
1564 3381 1712 3472 plebano
1738 3381 1775 3450 in
1803 3379 1907 3452 Ska-

357 3524 568 3593 rzeszow,
595 3510 630 3575 et
657 3503 756 3574 valor
782 3504 857 3574 eius
884 3503 1089 3575 aestimatur
1117 3504 1161 3574 ad
1188 3510 1338 3592 quatuor
1355 3522 1498 3574 murtae.
1525 3501 1684 3575 Gondnat
1702 3523 1777 3572 cum
1797 3500 1907 3572 0111-

356 3625 659 3713 szanowicze,
694 3623 1013 3714 Skarzeszow,
1047 3623 1393 3719 Modrzewicze.
1433 3624 1572 3696 Donata
1605 3611 1816 3694 monasterio
1844 3641 1907 3710 per

355 3744 539 3815 Ottbam
567 3744 613 3815 de
639 3743 917 3835 Wyrzbieza
943 3744 1098 3816 militem.

460 3864 657 3936 Notandum
685 3871 810 3956 autem,
829 3866 910 3956 quia
926 3865 1149 3937 fundatorum
1167 3873 1203 3937 et
1221 3866 1419 3937 dotatorum
1437 3866 1692 3955 primariorum,
1711 3864 1823 3955 quoad
1842 3884 1903 3953 op·

357 3984 477 4073 pidum
505 3984 1355 4074 31311003033131103111010100
1380 3983 1908 4076 villaquidelioetlladoslai

356 4106 491 4176 comitis
518 4110 555 4176 et
580 4104 752 4177 Otthae
779 4106 823 4178 de
850 4106 1115 4178 Wirzbieza
1141 4107 1271 4197 militis,
1297 4107 1498 4197 principalis
1524 4105 1591 4177 fuit
1617 4082 1773 4194 intentio,
1801 4127 1906 4197 quum

357 4225 457 4296 uillas
484 4232 521 4296 et
547 4226 711 4317 oppidum
747 4226 901 4317 praefata
936 4227 1053 4298 domui
1089 4232 1126 4298 et
1150 4229 1362 4299 monasterio
1388 4228 1648 4317 Myeobovieusi
1675 4227 1907 4315 contulerunt,

357 4352 398 4416 ut
433 4347 468 4416 in
502 4346 659 4437 praelato
695 4347 822 4438 oppido
857 4347 1157 4420 Skurzeszow
1185 4348 1334 4439 speciale
1369 4348 1571 4419 coenobium
1607 4347 1725 4437 fieret,
1761 4366 1938 4438 praepo.

357 4467 701 4557 situsquespeeialis
727 4488 802 4538 eum
831 4469 1010 4540 duodecim
1037 4468 1206 4541 fratribus
1236 4444 1323 4540 illud
1350 4470 1606 4558 inhabitarent,
1634 4469 1793 4560 quirem
1820 4468 1909 4539 divi-

355 4607 436 4658 nam
470 4594 508 4659 et
543 4608 662 4660 omnes
698 4589 802 4661 horas
837 4596 1025 4662 nocturnas
1053 4598 1090 4663 et
1117 4590 1259 4662 diurnus
1287 4590 1500 4680 explerent3·
1514 4588 1576 4660 sed
1604 4610 1670 4660 non
1698 4596 1780 4661 suut
1806 4591 1908 4680 potiti

358 4713 441 4778 voto
468 4728 541 4780 suo.
1932 4803 1939 4813 ι

364 4870 368 4885 .
459 4825 770 4919 Guoszuowrczr,
798 4829 881 4900 villa
906 4831 970 4902 sub
997 4832 1163 4920 parocbia
1189 4831 1232 4903 de
1251 4885 1391 4902 ......
1410 4833 1489 4922 3110,
1515 4832 1612 4903 ouius
1638 4832 1835 4922 proprietas
1863 4832 1906 4902 ad
1932 4849 1935 4853 ’

333 4949 603 5019 'monasterium
629 4949 897 5040 Myeuhoviense
923 4952 1085 5040 pertinet
1111 4952 1152 5022 In
1179 4973 1248 5043 qua
1274 4958 1355 5023 sunt
1380 4953 1472 5023 lanei
1500 4953 1742 5042 emethonales,
1768 4960 1805 5024 et
1832 4953 1908 5043 qui-

356 5068 445 5148 libet
472 5069 577 5140 solrit
595 5122 602 5138 .
620 5123 629 5139 .
647 5123 673 5163 .,
700 5071 784 5142 item
810 5091 886 5162 ova,
913 5072 997 5143 item
1023 5073 1142 5163 gallos,
1170 5075 1253 5144 item
1281 5093 1409 5163 caseos,
1435 5074 1519 5144 item
1546 5073 1655 5163 labor,
1682 5074 1907 5168 1101110001-

356 5187 454 5279 bam,
491 5190 573 5295 itam
608 5211 764 5286 oaazyep,
791 5191 874 5263 item
910 5194 1076 5284 taberna,
1104 5194 1187 5265 item
1214 5195 1409 5284 hortuloni,
1436 5196 1518 5266 item
1546 5192 1796 5285 molendinum,
1817 5196 1907 5284 ,item

356 5309 545 5399 praedium.
582 5311 669 5383 Item
697 5332 815 5386 omues
841 5315 918 5403 agri
945 5314 1048 5386 villae
1074 5315 1213 5386 solvunt
1239 5321 1275 5387 01
1301 5314 1496 5387 conducunt
1522 5315 1689 5403 decimam
1716 5315 1909 5405 manipula-

355 5451 428 5503 rem
455 5437 492 5504 et
517 5431 716 5522 oanapulem
743 5455 806 5524 pro
833 5436 1043 5506 monasterio
1070 5435 1340 5527 Myeohovieusi,
1367 5436 1907 5518 31131010010333311103131...

460 5550 639 5644 Znnuovq
666 5552 750 5626 villa
777 5557 841 5626 sub
868 5555 1034 5644 parochia
1062 5556 1185 5628 de...
1213 5559 1288 5647 sita,
1315 5558 1412 5629 ouius
1439 5559 1635 5647 proprietas
1663 5557 1707 5629 ad
1735 5564 1908 5629 monaste-

356 5670 445 5743 rium
472 5670 740 5761 Myeclrovieuae
766 5676 928 5764 pertinet.
955 5676 995 5746 ln
1022 5697 1091 5767 qua
1117 5678 1308 5749 3001131101
1326 5678 1566 5769 emetboualea,
1586 5684 1623 5750 et
1641 5679 1909 5774 quilibet-solvit

436 5847 444 5863 .
463 5846 490 5882 .,
518 5793 601 5863 item
628 5813 703 5884 ova,
730 5795 813 5865 item
839 5796 959 5886 gallos,
988 5796 1071 5868 item
1099 5817 1227 5889 easeoa,
1254 5799 1339 5870 item
1366 5798 1474 5888 labor,
1501 5801 1585 5870 item
1606 5798 1800 5893 portabam,
1823 5800 1908 5870 item

357 5934 503 6009 omzyep,
530 5914 614 5984 item
640 5915 799 6006 taberna,
827 5918 908 5986 item
936 5918 1122 6006 hortulani,
1149 5919 1233 5991 item
1251 5919 1493 6011 molendinum,
1512 5921 1593 5991 item
1613 5921 1801 6012 praedium.
1819 5922 1909 5992 Item

357 6053 474 6105 omnes
501 6035 577 6124 agri
604 6034 708 6105 villae
735 6036 875 6108 solvunt
901 6044 938 6107 et
965 6037 1160 6111 conducunt
1187 6039 1353 6112 decimam
1379 6044 1629 6132 manipularem
1655 6052 1691 6115 et
1708 6044 1908 6133 canapalem

359 6173 424 6242 pro
450 6156 660 6226 monasterio
687 6145 955 6246 Myeohoriensi,
982 6164 1019 6228 et
1037 6158 1135 6230 valor
1153 6161 1227 6232 eius
1246 6163 1476 6233 aestimatur.
1496 6217 1503 6232 .
1523 6218 1530 6232 .
1549 6163 1783 6255 Voyslaus
1810 6165 1909 6236 miles

357 6273 400 6343 de
428 6274 528 6344 domo
555 6273 826 6366 Griiionum,
852 6277 961 6348 frater
987 6276 1192 6351 Getbcze
1219 6283 1371 6371 episcopi
1398 6282 1647 6375 Craooviensia,
1665 6286 1808 6357 donavit
1834 6307 1907 6358 mo-

356 6394 510 6466 nasterio
544 6395 630 6466 duaa
664 6397 764 6469 villae
799 6399 835 6470 iu
869 6404 979 6472 terra*
1000 6399 1283 6493 Vratialavienoi,
1311 6422 1399 6494 quae
1436 6405 1651 6479 decambitae
1686 6407 1826 6479 luerunt
1862 6410 1907 6480 ab
