4217 8059
1650 1500 1725 1574 287

175 1697 266 1770 diem
294 1700 329 1768 in
357 1701 550 1790 septimana
576 1703 718 1791 proprio
744 1721 849 1772 carru
875 1708 938 1773 aut
963 1708 1104 1791 aratro;
1140 1704 1221 1774 item
1248 1703 1415 1775 tabernae
1442 1704 1531 1777 duae
1556 1707 1726 1778 babentes

174 1836 277 1909 agros
304 1827 340 1889 et
366 1820 471 1891 selrit
498 1842 568 1892 una
594 1821 742 1893 mediam
769 1821 915 1893 alteram
943 1825 1093 1894 marcam
1121 1831 1157 1895 et
1185 1844 1244 1896 sex
1271 1845 1421 1915 grossos,
1447 1832 1484 1897 et
1508 1825 1622 1898 altera
1638 1827 1725 1899 duas

175 1960 318 2028 marcas,
344 1941 426 2011 item
454 1941 672 2014 hortulaniae
699 1948 772 2014 tres
799 1943 967 2016 babentes
992 1965 1107 2035 agros.
1134 1946 1220 2016 ltem
1248 1944 1364 2016 estin
1392 1946 1511 2017 eadem
1529 1947 1614 2018 villa
1631 1949 1727 2019 curia

175 2061 384 2132 coenobialis
411 2068 447 2132 et
473 2062 662 2152 praedium,
689 2063 732 2135 de
759 2063 856 2135 cuius
882 2043 978 2154 agris
1004 2065 1152 2137 solmtnr
1169 2065 1303 2137 decima
1320 2067 1544 2158 manipularis
1563 2067 1727 2140 ecclesiae

176 2182 211 2253 in
248 2180 448 2252 Pawlow.
484 2183 570 2253 Item
599 2204 717 2255 omues
744 2185 821 2274 agri
847 2186 1081 2258 emethanales
1108 2186 1248 2258 solvunt
1274 2193 1310 2258 et
1336 2187 1534 2259 conducunt
1560 2188 1726 2260 decimam

109 2393 111 2397 Ι
178 2302 493 2391 manipularemet
520 2305 718 2394 canapalem
747 2305 911 2377 eeclesiae
939 2306 1067 2377 ibidem
1094 2307 1130 2378 iu
1158 2307 1356 2396 Panlow,
1383 2309 1480 2411 ornus
1506 2284 1605 2380 valor
1622 2311 1727 2381 aesti-

177 2430 293 2495 matur
320 2423 362 2493 ad
392 2424 509 2495 decem
537 2445 682 2496 marcas.
709 2424 870 2498 &uiuat
897 2446 974 2497 cum
1000 2425 1243 2518 Zapnyow,
1270 2427 1547 2518 Dambrorra,
1575 2428 1727 2501 Obibi·

177 2564 261 2633 ose,
289 2544 665 2637 Kuprzywuicza,
693 2545 936 2636 Warszow,
959 2547 1144 2638 Rzepin,
1164 2548 1377 2620 Bulrowa.

280 2665 471 2755 Marsuas,
498 2666 582 2737 villa
608 2667 739 2738 babens
764 2668 802 2738 in
829 2688 867 2739 se
893 2668 1073 2740 ecclesiam
1100 2669 1333 2759 parochialem
1351 2668 1512 2759 ligneam,
1531 2669 1627 2745 cuius
1646 2689 1726 2760 pro·

176 2786 306 2878 prietes
333 2794 369 2856 et
395 2787 568 2877 integrum
596 2789 794 2878 dominium,
820 2810 890 2860 una
915 2810 993 2862 cum
1020 2789 1154 2862 decima
1180 2791 1293 2880 villae,
1311 2790 1355 2862 ad
1374 2791 1621 2862 monasterium
1641 2789 1726 2863 San·

180 2906 258 2980 otae
285 2907 406 2979 Gracia
433 2908 566 2980 Calvi
594 2907 777 3000 Montis,
804 2917 841 2982 et
867 2930 956 2983 unus
984 2932 1027 2982 er
1046 2910 1214 2983 iratribus
1240 2911 1451 3001 manasterii,
1477 2931 1540 3001 per
1566 2911 1727 2983 abbatem

164 3016 214 3100 'ct
240 3036 445 3100 conventum
473 3037 725 3121 praesentatus,
753 3031 1029 3122 praeposituram
1058 3038 1094 3102 et
1109 3033 1300 3103 eeclesiam
1319 3032 1355 3102 in
1374 3032 1595 3123 Mnyszek
1622 3032 1727 3104 babo·

178 3150 238 3229 bat
272 3150 307 3220 in
331 3151 475 3222 titulum
511 3158 548 3222 et
583 3153 618 3222 in
654 3152 999 3224 administrationem.
1039 3153 1213 3244 Magister
1247 3158 1361 3223 autem
1390 3151 1593 3224 Micbael
1619 3153 1726 3224 abbas

178 3268 323 3342 &nome
342 3269 463 3342 Crucis
482 3272 578 3344 dedit
597 3273 806 3345 manasterio
820 3273 1106 3345 Wauabocziensi
1125 3267 1317 3363 praefatam
1336 3272 1451 3344 villam
1469 3271 1727 3363 Mnyssnek‚

173 3397 214 3463 at
240 3393 372 3481 recepit
398 3415 420 3461 a
448 3393 591 3464 Nicolao
617 3392 788 3485 Rzyga,
815 3402 899 3466 tuuc
924 3394 1042 3466 abbati
1069 3401 1106 3466 et
1133 3401 1306 3465 conventu
1333 3370 1642 3483 Waucboczieusi,
1662 3393 1727 3464 ril-

178 3512 247 3583 lam
281 3512 493 3585 Yesszon
526 3529 606 3609 ⁹cunr
643 3513 777 3586 decima
792 3608 797 3618 ο
811 3514 916 3585 uillae
942 3515 1008 3587 sibi
1035 3514 1257 3604 viciniorem,
1285 3514 1383 3585 cuius
1409 3514 1643 3586 subnectimus
1668 3512 1728 3585 ds·

178 3633 409 3724 scriptionem.
947 3730 950 3738 ὶ
1221 3647 1225 3655 ’
1675 3682 1680 3691 -

213 3805 249 3820 ..
287 3752 468 3843 Granum,
505 3755 587 3826 silla
622 3776 686 3846 pru
721 3754 943 3847 Mnysaek
978 3753 1147 3844 cambita,
1182 3766 1218 3827 et
1253 3756 1318 3827 sub
1353 3754 1520 3845 parocbia
1554 3754 1598 3827 de
1632 3752 1724 3826 Wa-

178 3894 359 3966 sruyow
395 3877 473 3948 sita.
509 3878 548 3948 ln
585 3900 654 3967 qua
680 3885 762 3948 sunt
797 3882 875 3948 acta
902 3876 994 3948 lanei
1020 3877 1278 3966 emethanales,
1298 3883 1336 3948 et
1362 3875 1509 3967 quilibet
1533 3875 1638 3947 solvit
1663 3896 1729 3966 pro

177 4016 282 4068 oanan
318 3997 465 4068 mediam
501 4019 671 4087 marcam,
702 4000 789 4075 item
826 4020 893 4069 ora
918 3998 1082 4088 triginta,
1110 3999 1192 4069 item
1217 3997 1330 4088 gallos
1356 3997 1470 4086 duos,
1488 3997 1573 4069 item
1600 4017 1730 4086 macas,

178 4116 260 4211 item
294 4118 439 4207 quilibet
474 4119 612 4190 laborat
646 4140 747 4190 unum
785 4119 875 4189 diem
910 4120 946 4189 in
985 4119 1179 4210 septimane
1213 4118 1355 4208 proprio
1383 4138 1486 4190 curru
1514 4124 1575 4189 aut
1602 4124 1729 4206 aratro,

177 4238 261 4310 imm
287 4240 453 4310 tabernae
489 4260 558 4311 non
585 4247 685 4328 sunt,
713 4262 780 4311 nou
808 4246 890 4312 sunt
916 4239 1154 4330 hortulaniaa,
1181 4239 1262 4311 item
1291 4238 1439 4329 quilibet
1474 4259 1538 4329 pro
1563 4234 1730 4333 poradloe

175 4360 283 4432 solvit
310 4369 460 4451 quatuor
485 4382 625 4452 grossos
653 4361 872 4432 monasterio.
909 4361 995 4431 ltem
1022 4359 1066 4431 de
1095 4361 1253 4432 omuibus
1279 4359 1375 4450 agris
1401 4359 1505 4431 villae
1532 4360 1729 4432 ametboua-

179 4481 269 4555 libus
297 4483 445 4553 solvitur
473 4490 509 4553 et
536 4482 739 4553 conducitur
757 4481 892 4553 decima
910 4481 1134 4571 manipularis
1151 4501 1215 4570 pro
1234 4477 1444 4552 monasteria
1462 4479 1541 4551 Gal
1552 4481 1596 4549 vi
1613 4479 1653 4550 ld
1663 4500 1730 4551 au·

179 4603 251 4691 tis,
278 4611 314 4673 ct
331 4604 429 4673 valor
456 4605 531 4674 eius
558 4604 601 4674 ad
620 4604 800 4675 duodecim
820 4623 963 4675 marcas.
988 4603 1078 4675 Item
1104 4622 1173 4673 nan
1191 4608 1247 4673 est
1264 4602 1313 4673 ibi
1331 4600 1511 4693 praedium
1535 4601 1677 4692 aliquod
1694 4601 1729 4672 iu

180 4724 358 4813 praedicta
385 4725 475 4794 villa.
503 4725 590 4795 Item
609 4724 698 4795 duae
725 4725 876 4814 piscinae
903 4724 1040 4795 invilla
1065 4723 1195 4794 eadem.
1223 4723 1310 4793 Item
1329 4720 1562 4794 molendinum
1580 4742 1649 4793 uun
1667 4729 1730 4793 est

180 4843 267 4916 Item
295 4850 349 4916 est
375 4847 422 4916 ibi
450 4845 570 4917 laneus
597 4867 685 4918 unus
722 4867 831 4918 navus
858 4845 1019 4917 militaris
1045 4844 1217 4917 lobannis
1244 4843 1510 4935 Nagorsky,
1537 4843 1597 4933 qui
1612 4842 1728 4913 solvit

180 4964 346 5035 decimam
371 4967 579 5038 monasterio
607 4965 737 5038 Calvi
765 4963 950 5038 Montis.
985 4949 1152 5038 Gauium
1173 4986 1249 5037 cum
1276 4963 1471 5056 eralya,
1497 4961 1731 5036 Gowslko·

182 5087 333 5188 tricae,
365 5088 807 5178 Miragouyowicze,
840 5087 1150 5178 Nagarzicze,
1187 5085 1451 5158 Willr-ocniu
1476 5092 1518 5157 et·
1540 5084 1732 5176 Zwulyu.

288 5207 565 5297 Pnawrlwauu,
594 5208 675 5279 villa
711 5210 774 5280 sub
802 5208 967 5298 parocbia
993 5208 1157 5279 ecclesiae
1184 5205 1226 5278 de
1253 5205 1423 5278 Kuuow
1449 5206 1535 5296 sits,
1564 5212 1732 5297 quaeest

1488 3724 1492 3737 Ι

182 5328 361 5417 militaris3
389 5329 449 5400 sed
477 5328 664 5401 Gatberina
691 5329 813 5401 relicta
839 5328 920 5399 olim
945 5327 1097 5399 Thomae
1124 5328 1167 5399 de
1194 5327 1296 5400 domo
1323 5326 1501 5399 Raszaa
1526 5326 1613 5399 dicti
1630 5325 1731 5397 Kal·
1865 5361 1867 5364 ⁴

181 5450 264 5540 slry
291 5451 333 5520 de
361 5450 681 5542 Prawanczyu,
706 5470 835 5541 genere
862 5449 988 5522 nabilis
1015 5447 1223 5538 ldorawa,
1250 5449 1500 5539 proprietatem
1526 5447 1732 5537 quingenta-

161 5552 257 5642 rum
285 5593 475 5644 marearum
504 5572 653 5644 latorum
671 5593 872 5664 grossorum
891 5570 1101 5644 monasterio
1119 5571 1268 5643 Sanctae
1286 5568 1408 5642 Crucis
1426 5569 1462 5640 in
1480 5567 1730 5660 eleemosynam

181 5691 326 5769 donavit
352 5692 387 5764 in
415 5713 474 5781 ca,
501 5699 537 5765 et
563 5714 677 5765 coram
715 5692 843 5765 iudicio
869 5693 1028 5763 terrestri
1055 5691 1244 5782 inscripsit
1284 5690 1324 5761 ln
1352 5710 1421 5780 qua
1445 5695 1529 5761 sunt
1554 5709 1615 5760 ser
1641 5688 1732 5759 lanai

182 5816 435 5903 ometbauales,
463 5822 499 5886 et
526 5816 673 5906 quilibet
709 5814 813 5884 solvit
838 5834 902 5904 pra
930 5833 1035 5885 censu
1062 5813 1208 5885 mediam
1236 5831 1387 5885 marcam
1415 5817 1451 5882 et
1476 5831 1541 5902 pro
1566 5805 1733 5907 paradino

182 5935 257 6025 regi
293 5936 380 6007 duos
415 5958 573 6027 grossos,
601 5937 683 6007 item
710 5955 776 6006 ova
803 5934 965 6026 triginta,
992 5936 1076 6007 item
1103 5933 1214 6026 gallos
1241 5933 1346 6022 duos,
1374 5933 1455 6004 item
1484 5951 1622 6018 caseos3
1649 5930 1732 6001 item

181 6055 319 6128 laborat
346 6058 492 6146 quilibet
519 6058 608 6129 diem
637 6058 671 6127 in
700 6057 891 6148 septimana
916 6056 1059 6147 proprio
1086 6076 1191 6126 curru
1218 6062 1279 6126 aut
1296 6060 1436 6142 aratro;
1463 6055 1545 6124 item
1564 6053 1732 6124 tabernac

182 6184 265 6249 sunt
291 6179 339 6248 ibi
368 6180 526 6268 quatuor,
553 6179 722 6250 babentes
750 6198 863 6268 agros,
891 6182 927 6248 et
953 6176 1093 6248 solvunt
1118 6196 1238 6247 omnes
1265 6181 1338 6247 tres
1365 6194 1500 6277 marcas
1518 6174 1630 6243 miuus
1649 6190 1733 6263 qua-

182 6305 262 6369 tuor
288 6300 439 6389 grassis3
467 6300 549 6370 item
577 6300 804 6373 bortulauiae.
831 6300 931 6376 Item.
946 6297 989 6369 do
1016 6297 1239 6369 tabernarum
1267 6295 1361 6386 egris
1388 6301 1436 6366 et*
1450 6293 1492 6365 de
1510 6294 1607 6386 agris
1623 6293 1733 6365 amni·

181 6438 238 6492 um
275 6421 513 6510 emetbonum,
550 6419 698 6492 solvitur
733 6426 769 6493 et
803 6420 1008 6494 conducitur
1039 6420 1076 6491 iu
1113 6419 1275 6491 borreum
1311 6415 1450 6508 plebani
1486 6415 1529 6488 de
1563 6413 1732 6486 lluuow
