4217 8059
281 1499 356 1575 296

279 1726 388 1799 prope
414 1706 577 1799 oppidum
603 1705 972 1795 Proschouicze,
999 1712 1053 1778 est
1078 1705 1311 1779 molendinum
1337 1706 1538 1778 coenobiale
1563 1707 1739 1795 optimum,
1764 1708 1828 1779 bass

282 1827 375 1899 beno-
403 1826 530 1899 multos
557 1832 595 1897 et
620 1827 770 1918 optimos
808 1846 911 1917 agros
946 1847 1022 1923 cum
1049 1828 1177 1927 pratis,
1217 1826 1309 1915 quod
1343 1846 1408 1916 pro
1443 1838 1557 1897 annuo
1583 1846 1689 1897 censu
1722 1826 1828 1899 soluit

242 2002 248 2011 .
280 1948 491 2037 monasterio
519 1949 554 2019 in
581 1945 869 2039 Sthanyatki
897 1948 1020 2037 uiginti
1046 1947 1133 2018 duas
1159 1967 1304 2019 marcas.
1331 1947 1418 2018 Item
1444 1948 1480 2017 in
1507 1947 1627 2019 emam
1646 1946 1729 2018 uilla
1745 1947 1827 2019 luor-

278 2069 431 2141 tulaniae
459 2073 541 2141 sunt
567 2075 658 2156 tres,
694 2068 849 2141 sednon
877 2069 1018 2140 solvunt
1053 2087 1211 2153 censum,
1250 2068 1361 2139 solum
1397 2088 1503 2139 uuum
1538 2067 1629 2139 diem
1662 2068 1834 2155 laborant¹

277 2188 467 2278 pedestres
496 2183 598 2260 ¹Item
626 2189 660 2261 in
688 2189 806 2261 adem
835 2189 919 2260 uilla
953 2193 1007 2260 eat
1033 2187 1211 2277 praedium
1240 2185 1441 2261 coenobiale
1477 2189 1622 2274 bouum,
1658 2189 1702 2259 dc
1724 2190 1826 2260 ouius

278 2309 372 2401 agris
399 2310 531 2381 decima
558 2310 781 2401 manipularis
808 2308 893 2381 nulli
920 2309 1086 2393 soluitur,
1126 2308 1186 2379 sed
1222 2328 1298 2379 eum
1333 2310 1534 2380 coenobium
1568 2328 1633 2397 pro
1659 2328 1697 2379 oe
1723 2306 1825 2381 mllic

278 2428 364 2503 liam
392 2430 482 2502 lanei
509 2430 662 2520 emptitii
689 2430 775 2517 duo,
811 2430 846 2501 iu
874 2430 958 2500 uilla
983 2428 1141 2520 praelata
1180 2448 1267 2518 quos
1293 2429 1428 2500 colebat
1456 2428 1623 2519 plebanus
1650 2428 1695 2499 dc
1720 2427 1825 2500 Pro

279 2551 553 2636 eebouicze,
580 2572 602 2622 a
629 2550 751 2640 uiginti
778 2550 877 2645 aunis
904 2550 1112 2640 etamplius
1138 2556 1234 2621 stant
1260 2549 1408 2638 deserti,
1431 2570 1499 2621 -nec
1525 2550 1665 2621 solvunt
1691 2541 1826 2641 diquoi
1868 2604 1877 2621 ,

278 2690 401 2743 oeneus
427 2678 464 2741 et
489 2671 621 2742 tributa
647 2672 868 2757 monasteria
894 2671 929 2740 in
949 2690 1015 2761 qua
1034 2690 1073 2740 re
1090 2671 1131 2742 lit
1149 2690 1309 2760 magnum
1335 2666 1582 2761 praeiudicium
1610 2676 1647 2741 et
1662 2658 1825 2743 damnum

278 2792 491 2865 monasterio
518 2792 553 2861 in
580 2790 885 2882 Sthanyatky.
913 2792 998 2863 Item
1025 2792 1062 2862 in
1090 2791 1208 2863 cadom
1237 2791 1320 2862 uilla
1346 2797 1400 2863 est
1428 2792 1558 2880 optima
1583 2792 1718 2880 piscina
1748 2810 1825 2863 coe·
1921 2860 1928 2869 .

279 2912 436 3001 nobialio,
462 2911 498 2982 in
527 2911 678 3001 piscibus
705 2911 882 2985 foecunda.
922 2913 1009 2982 item
1038 2912 1113 3001 agui
1141 2912 1374 2986 cmethoucles
1401 2911 1509 2982 uilloc·
1529 2910 1715 3001 praeiatae,
1742 2913 1825 2983 item

277 3033 354 3123 agri
379 3028 641 3105 tabernatorum
668 3039 706 3104 et
732 3030 1026 3119 molendinatorio,
1053 3033 1191 3104 solvunt
1217 3031 1383 3104 decimam
1411 3033 1673 3122 manipularem,
1700 3038 1735 3104 at
1762 3052 1827 3123 per

273 3158 424 3244 'quatum
451 3152 590 3244 ierugas
616 3153 816 3244 canapalem
843 3154 1061 3244 praebendae
1089 3153 1319 3243 cracoviensi,
1345 3174 1434 3245 quaa
1453 3160 1597 3224 uocatur
1615 3153 1826 3241 Lantbkour7

278 3274 351 3362 eka,
379 3280 415 3345 et
442 3273 609 3347 inducunt
636 3274 730 3345 illam
757 3277 955 3347 amathones
995 3275 1146 3366 propriis
1173 3276 1334 3347 curribus
1356 3258 1401 3346 in¹
1424 3276 1586 3346 borreum
1614 3276 1828 3347 ammoniae

128 3462 131 3469 .
277 3382 470 3484 locandum,
497 3400 540 3466 et
560 3395 659 3466 valor
684 3396 759 3467 eius
786 3397 991 3467 aestimatur
1010 3396 1054 3468 ad
1073 3397 1220 3486 triginta
1240 3417 1384 3485 marcas,
1410 3400 1551 3486 praeter
1568 3400 1689 3467 certas-
1708 3400 1828 3486 partes

276 3536 447 3607 agrorum,
477 3515 535 3607 qui
562 3522 732 3588 uocantur
752 3512 1009 3610 przymyarky,
1036 3536 1078 3586 en
1106 3515 1231 3605 quibus
1259 3515 1424 3587 decimam
1452 3516 1599 3605 percipit
1626 3514 1827 3605 praebenda
1877 3608 1880 3613 Ι

277 3636 516 3709 Graoouiensis
543 3633 761 3724 Gonouska,
802 3641 838 3708 et
865 3641 1004 3726 praeter
1031 3648 1135 3726 agros
1162 3636 1263 3707 unius
1290 3636 1476 3723 tabernac,
1512 3636 1555 3707 de
1583 3637 1706 3726 quibus
1719 3636 1827 3707 deci-

276 3760 366 3829 nla'm
393 3757 542 3848 percipit
567 3756 766 3846 praebenda
792 3755 1031 3828 Granouiensis
1059 3753 1274 3845 dorecaska,
1310 3762 1346 3828 et
1373 3761 1511 3848 praeter
1547 3776 1650 3848 agros
1688 3756 1825 3848 aliquos

277 3878 530 3964 omctbonales,
565 3876 761 3967 dequibus
789 3876 954 3948 decimam
990 3875 1140 3966 percipit
1166 3878 1348 3968 episcopus
1375 3875 1623 3948 Oracouiensis.
1667 3875 1754 3948 item
1781 3875 1826 3949 de

276 3998 449 4089 aliquibus
476 3997 570 4087 agris
598 3998 671 4069 siue
698 3996 807 4069 laneis
835 3996 925 4068 cedit
951 3997 1084 4068 decima
1101 3998 1328 4087 manipularis
1353 3998 1479 4069 tertiae
1507 3994 1827 4088 praebendarum

273 4119 448 4207 couiensi,
488 4139 575 4209 quac
592 4123 763 4201 :uocatur-
783 4116 1105 4209 Rzemyadziczslm.
1144 4110 1235 4188 item
1264 4118 1345 4189 uilla
1374 4119 1530 4207 praelata
1545 4148 1553 4155 ·
1570 4119 1722 4193 confimat
1747 4138 1824 4189 cuuu

276 4240 404 4330 oppido
431 4238 785 4328 Proscbowicze
812 4246 848 4309 et
867 4237 957 4310 uillis
984 4237 1390 4328 Stuognyewicze,
1417 4218 1825 4329 Oppathl'ouicre.

302 4362 305 4369 '
379 4359 548 4445 osrsow,
575 4359 657 4430 uilla
684 4360 747 4431 sub
762 4359 928 4450 parochia
954 4358 1120 4430 ecclesiae
1148 4359 1190 4430 de
1218 4358 1595 4450 Kosaczyelyecz
1622 4361 1699 4446 sito,
1717 4358 1826 4431 'cuins

274 4481 468 4572 proprietas
496 4488 532 4551 et
558 4480 744 4553 dominium
773 4480 817 4551 ad
844 4480 1093 4552 monasterium
1121 4480 1484 4570 Stbanyauthlry
1512 4480 1671 4570 pertinet.
1690 4480 1737 4550 ‘In
1756 4490 1827 4570 pud

276 4608 358 4675 sunt
384 4594 604 4692 vigintiduo
640 4601 731 4673 l'anei
759 4600 1012 4687 cmethonales,
1048 4604 1088 4670 et'
1111 4599 1256 4690 quilibet
1292 4600 1396 4671 soluit
1423 4601 1546 4689 viginti
1573 4582 1705 4671 scottos
1731 4620 1828 4672 oom-

275 4722 388 4793 muuls
415 4706 578 4811 manniae
591 4748 616 4808 ,=
635 4721 716 4792 item
744 4721 830 4792 duos
857 4741 1005 4809 capones
1033 4727 1068 4790 et
1095 4741 1170 4790 cum
1198 4721 1326 4791 eisdem
1354 4720 1451 4791 duos·
1467 4740 1628 4813 grossos,
1662 4723 1746 4791 item
1773 4720 1825 4791 ui»

274 4841 375 4931 giuti.
391 4861 466 4929 oua,
493 4842 575 4913 item
603 4841 688 4913 duos
716 4862 843 4928 caseos,
871 4842 953 4911 item
982 4840 1068 4911 duos
1096 4860 1352 4945 coros-avenae
1369 4863 1552 4913 mensurae
1580 4836 1762 4929 confertae,
1789 4848 1827 4913 et

275 4972 335 5033 ser
363 4961 535 5049 denarium
563 4963 643 5033 item
671 4944 742 5050 pro
762 4960 933 5055 rapodowc
960 4961 1107 5031 medium
1136 4982 1303 5050 grossum,
1333 4969 1368 5032 et
1396 4984 1458 5051 pro
1486 4984 1646 5056 muamus
1672 4962 1824 5034 medium

273 5102 443 5175 grossum
470 5082 552 5153 item
580 5104 643 5173 pro
670 5082 758 5153 festo
777 5058 940 5154 'Paschae
968 5103 1072 5153 unum
1099 5102 1277 5172 grossum,
1305 5083 1386 5153 item
1414 5083 1593 5172 profesto
1621 5082 1835 5155 Natiuitatis

274 5201 405 5276 Christi
434 5223 537 5273 unum
564 5224 734 5293 grossum
761 5203 843 5272 item
871 5223 935 5292 pro
963 5202 1168 5274 Natiuitatis
1194 5202 1226 5273 S.
1246 5202 1380 5273 Mariae
1406 5203 1494 5274 festo
1521 5224 1625 5275 uuum
1653 5222 1825 5293 gressuum

273 5323 355 5393 item
382 5342 448 5413 pro
476 5320 594 5394 ecdem
621 5321 710 5394 festo
738 5321 942 5393 Natiuitatis
978 5324 1066 5395 duos
1092 5323 1212 5413 gallos.
1253 5325 1337 5395 Item
1369 5325 1548 5412 praedium
1576 5332 1630 5403 cst
1657 5323 1705 5393 ibi
1732 5322 1827 5412 opti-

144 5436 155 5463 *
256 5462 384 5551 ‚mum,
420 5442 455 5514 in
482 5447 556 5514 tres
592 5460 731 5533 campos
766 5442 933 5532 diuisum,
971 5445 1102 5516 babens
1137 5453 1237 5533 prata
1263 5445 1497 5532 sufficientia,
1533 5444 1577 5515 de
1603 5445 1701 5515 cuins
1728 5444 1824 5532 agris

272 5562 440 5635 decimam
468 5564 716 5654 manipularem
753 5563 920 5635 moniales
954 5563 1039 5634 nulli
1068 5563 1223 5653 solvunt,
1260 5565 1320 5636 sed
1348 5585 1423 5634 eam
1451 5585 1514 5653 pro
1541 5584 1579 5634 se
1605 5564 1750 5651 tollunt,
1786 5570 1832 5637 ea
1946 5606 1949 5611 ·

273 5684 308 5757 iu
335 5683 498 5756 humanm
527 5704 626 5757 suum
653 5682 828 5756 inducunt
856 5684 943 5754 Item
970 5688 1135 5755 tenentur
1160 5685 1204 5755 ad
1232 5695 1412 5775 utramque
1433 5683 1634 5778 poscebam,
1661 5683 1824 5755 uidelicet

271 5804 491 5877 aestivalium
519 5811 555 5876 et
581 5804 789 5894 hyemalium
818 5803 1078 5876 frumentorum.
1106 5805 1192 5877 Item
1221 5807 1254 5876 in
1284 5806 1402 5877 eadem
1431 5805 1513 5875 villa
1541 5806 1738 5875 amathones
1759 5805 1828 5876 ha-

184 5916 191 5932 '
271 5920 355 6019 bont
381 5930 494 5998 certos
521 5945 623 6015 agros
651 5925 864 6016 praediales,
893 5927 950 6016 qui
980 5934 1148 5998 uocantur
1176 5925 1349 6021 ialrzyny,
1377 5947 1463 6016 quos
1490 5925 1671 5996 bumentia
1698 5945 1824 5997 coeno·

233 6082 238 6093 ·
270 6044 419 6119 bialibus
446 6051 608 6118 murentur
635 6047 824 6133 seminare,
852 6068 969 6135 arare,
997 6047 1190 6137 disponere,
1218 6044 1348 6117 metere
1376 6048 1474 6116 etin
1503 6048 1664 6117 bumeuin
1692 6044 1828 6117 conon-

270 6184 358 6236 cere.
385 6165 472 6238 Item
498 6165 573 6257 agri
602 6166 835 6238 cunethonales
862 6166 965 6237 uillae
992 6165 1170 6256 praelatae
1201 6166 1341 6238 solvunt
1368 6167 1535 6238 decimam
1562 6165 1822 6256 manipularem,

269 6288 305 6356 e
329 6304 393 6375 per
421 6290 569 6375 quatuor
602 6287 740 6379 ierugas
777 6288 976 6377 canapalem
1016 6288 1177 6377 episcopo
1214 6285 1453 6376 Graeouiensi,
1489 6297 1526 6359 et
1552 6294 1714 6359 tenentur
1744 6306 1835 6359 eam·
1874 6332 1890 6345 -

271 6392 468 6478 motiones
502 6408 653 6498 propriis
689 6408 857 6480 curribus·
884 6400 1051 6479 inducere
1089 6408 1124 6478 in
1150 6405 1313 6478 borreum
1350 6409 1396 6480 ab
1431 6408 1592 6497 episcopo
1628 6405 1829 6498 locandum,
