4217 8059
304 1416 459 1545 ro*

302 1677 503 1790 monasterii
528 1674 660 1753 babens
686 1693 809 1785 agrop,
850 1678 887 1749 et
913 1666 1019 1750 soluit
1042 1697 1112 1769 pro¹
1135 1688 1241 1749 causti
1257 1649 1401 1768 'span
1426 1661 1589 1748 fertones
1633 1661 1722 1746 Item
1749 1683 1851 1766 prae-

304 1798 398 1873 dium
425 1800 624 1873 coenobiale
650 1821 719 1870 nou
734 1792 801 1871 eat
827 1798 886 1870 ibi.
911 1798 1000 1868 Item
1026 1805 1108 1887 post
1135 1816 1257 1868 omues
1280 1818 1384 1888 agros
1410 1797 1515 1869 uillae
1541 1795 1681 1868 solvunt
1706 1802 1745 1871 et
1766 1815 1852 1869 aon·
1984 1889 1990 1897 ·

251 1972 254 1975 -
303 1920 434 1993 ducunt
450 1921 617 1992 dammam
635 1918 884 2010 manipularem
902 1923 939 1989 et
949 1918 1165 2009 'canapalem
1183 1917 1412 2008 pro'ecclesia
1430 1916 1620 2008 parochiali
1639 1916 1674 1988 iu
1693 1915 1852 1989 Graes

304 2040 545 2131 azowicrc,
572 2046 609 2112 et
634 2039 733 2113 valor
758 2039 833 2110 eins
860 2039 1064 2122 aestimatur
1090 2038 1136 2110 ad
1153 2044 1295 2129 septem
1316 2057 1468 2110 marcas.
1493 2038 1584 2109 Item
1610 2043 1665 2109 est
1686 2037 1737 2108 ibi
1762 2036 1852 2139 alius
1897 2118 1901 2123 ,

190 2210 192 2214 »
302 2161 426 2233 haeres
452 2160 627 2233 Nicolaua‘
652 2158 1047 2249 Paczoltbowslcy
1078 2158 1126 2250 ,de
1162 2158 1269 2229 armis
1306 2157 1634 2249 Bippeauium,
1670 2146 1851 2254 babct'rbi

301 2272 414 2354 uuum
435 2281 615 2372 praedium
650 2263 799 2350 militare
825 2284 863 2350 et
888 2279 975 2350 duaa
1005 2277 1241 2368 hortulaniaa,
1277 2278 1472 2368 dequibus
1508 2278 1667 2350 omuibus
1704 2277 1852 2350 solvitur
1886 2267 1889 2270 ’

302 2401 437 2474 decium
461 2400 687 2492 manipularis
711 2399 878 2471 ecclesiae
905 2399 941 2470 iu
968 2397 1355 2471 (lrzeaszowicze.
1657 2450 1659 2455 -

282 2535 286 2542 ’
408 2519 649 2611 damarum,
675 2520 759 2592 villa
780 2521 846 2592 sub
864 2521 1030 2610 parochia
1057 2519 1101 2591 de
1126 2520 1398 2612 Zyelyouky
1425 2505 1503 2610 sita,
1529 2519 1629 2591 curius
1653 2516 1852 2612 proprietas

302 2642 347 2715 ad
375 2643 621 2714 monasterium
648 2642 897 2732 Zwerzyuenae
930 2641 1015 2712 olim
1049 2642 1258 2732 pertinebat
1301 2641 1342 2712 lu
1369 2645 1547 2731 quaeunt
1581 2646 1733 2731 quatuor
1758 2638 1850 2724 lanei

305 2763 558 2851 cmetbonaleS,
594 2767 630 2833 et
657 2761 804 2852 quilibet
831 2761 936 2833 solvit
960 2781 1024 2851 pro
1051 2782 1157 2832 censu
1173 2752 1255 2833 ¹tres
1280 2760 1454 2850 fertonem
1487 2760 1573 2833 item
1600 2779 1667 2832 ova
1692 2759 1851 2850 trigmta,
1883 2770 1890 2781 ’

302 2883 387 2955 item
413 2882 523 2983 gallos
549 2882 647 2971 duoa3
674 2882 758 2963 item
785 2898 905 2953 caseos
932 2902 1001 2952 nou
1018 2880 1113 2953 daut
1139 2881 1228 2953 Item
1245 2880 1385 2953 laborat
1401 2880 1548 2971 quilibet
1564 2880 1609 2953 de
1626 2881 1727 2961 bueo
1745 2876 1851 2952 unum

303 3002 395 3074 bem
422 3003 457 3073 in
484 3004 687 3094 septimana,
713 3001 856 3094 proprio
878 3022 984 3075 curru
1000 3007 1063 3073 aut
1080 3007 1208 3075 aratro.
1235 3000 1323 3074 ltem
1349 3021 1467 3097 oaaycp
1492 3022 1561 3074 nou
1588 3002 1737 3074 solvunt
1763 3001 1851 3073 ltem

296 3121 490 3216 powoburm
550 3123 639 3195 Item
683 3122 914 3199 molendinum
958 3123 993 3193 iu
1037 3122 1177 3193 flumine
1223 3119 1493 3211 Gardlicua,
1555 3123 1688 3194 babens
1739 3140 1853 3213 agros,

304 3242 394 3333 quod
421 3242 526 3315 solvit
551 3262 615 3333 pro
643 3261 747 3314 censu
774 3242 860 3315 duas
888 3261 1030 3312 marcas.
1075 3241 1163 3313 liam
1189 3242 1369 3331 praedium
1395 3248 1451 3313 eat
1476 3242 1535 3331 ibi,
1561 3240 1606 3315 de
1631 3242 1731 3313 cuius
1755 3243 1851 3332 agris

202 3405 207 3422 =
302 3382 372 3434 non
398 3363 546 3434 soluitur
573 3363 676 3434 alicui
702 3361 844 3434 decima
888 3362 977 3434 Item
1012 3367 1093 3465 post
1118 3380 1237 3432 omnes
1263 3381 1367 3451 agros
1393 3361 1497 3433 villae
1532 3361 1681 3434 solvitur
1706 3367 1744 3433 et
1768 3381 1850 3434 cou-

302 3482 442 3554 ducitur
468 3482 601 3553 decima
627 3481 852 3572 manipularis
879 3486 915 3552 et
941 3480 1116 3571 canapalis
1151 3482 1216 3571 pm
1243 3482 1375 3552 vicaria
1399 3482 1618 3572 praebendae
1645 3480 1850 3555 cracovieu-
1955 3523 1973 3540 a

219 3643 223 3650 ·
301 3602 361 3691 sis,
387 3621 477 3691 quae
504 3609 648 3674 vocatur
673 3592 898 3692 Naazowska,
925 3608 961 3673 et
979 3602 1184 3673 aestimatur
1209 3599 1255 3674 ad
1282 3608 1432 3692 quatuor
1453 3621 1598 3673 mmcaa
1625 3601 1712 3673 ltem
1729 3601 1850 3674 villam
1940 3695 1945 3705 ι

302 3720 494 3812 praelatam
522 3721 724 3794 Tbeodorus
750 3723 970 3812 praepositus
997 3727 1034 3792 et
1059 3721 1175 3793 Maria
1200 3721 1374 3812 Magistra
1399 3727 1436 3795 et
1462 3728 1653 3795 conuentus
1668 3721 1851 3813 Zvyauzy·

263 3889 265 3892 v
301 3843 418 3913 nensis
445 3843 642 3915 venditione
669 3849 839 3933 perpetua
865 3848 902 3914 st
927 3842 1147 3914 irrevocabili
1175 3863 1266 3914 anno
1292 3843 1431 3915 Domini
1463 3845 1584 3917 1263..
1606 3845 1713 3915 tertio
1740 3864 1849 3915 nonas

228 3971 231 3977 ’
292 3961 452 4053 Aprilis,
490 3962 642 4053 capitulo
666 3962 887 4036 Oracovienai
914 3963 957 4036 de
984 3983 1127 4035 assensu
1154 3963 1454 4036 Prau'dotbae
1488 3965 1660 4055 episcopi,
1695 3985 1767 4055 pro
1785 3965 1850 4036 tri·
1928 3986 1931 3990 ’

303 4083 401 4172 ginta
427 4073 540 4154 tribua
566 4084 692 4156 marcis
719 4085 855 4173 argenti
882 4084 1072 4155 examinati
1099 4083 1342 4175 uendiderunt,
1357 4074 1405 4155 ¹et
1430 4086 1474 4156 ab
1501 4085 1561 4156 illo
1587 4090 1743 4175 tempore
1769 4086 1852 4156 uilla

304 4202 364 4275 illa
389 4203 425 4272 in
453 4202 584 4274 ditione
610 4203 753 4294 capituli
781 4204 950 4275 consistit.

409 4429 533 4508 Mona
565 4437 663 4510 anie
695 4428 960 4532 Graeculam,
992 4453 1089 4511 cum
1122 4431 1307 4511 eocloeia
1340 4431 1482 4512 Sancti
1514 4431 1748 4519 Benedicti.

304 4562 464 4636 Habebat
490 4564 662 4655 quondam
688 4566 938 4636 monasterium
964 4563 1237 4656 Zwysrzyuensc
1262 4566 1299 4636 iu
1324 4585 1391 4636 sua
1413 4562 1630 4655 proprietate
1655 4571 1693 4636 et
1716 4564 1849 4647 ditium

302 4689 452 4756 moutam
479 4690 656 4774 petrosum
684 4691 766 4755 aute
802 4684 1091 4774 cracoviam,
1126 4691 1163 4757 et
1188 4685 1368 4756 ecclesiam
1396 4684 1567 4774 lapideam
1593 4685 1710 4756 Sancti
1738 4686 1849 4757 Beue-

301 4805 387 4874 dicti
414 4806 450 4875 in
477 4824 519 4875 eo
545 4805 657 4894 sitam,
684 4805 854 4906 oumeius
872 4804 1109 4895 proventibus
1136 4825 1298 4894 processu
1317 4810 1432 4877 nmen
1450 4807 1627 4896 temporis,
1652 4827 1751 4878 mous
1773 4806 1849 4897 ipae

303 4925 358 4994 uel
386 4924 518 5014 pretio,
546 4925 599 4995 vel
627 4925 779 5015 cambio,
805 4926 859 4996 vel
887 4924 1003 4999 nescio
1030 4944 1100 5014 qna
1125 4925 1196 4996 alia
1219 4945 1340 5016 causa,
1367 4927 1403 4997 in
1431 4927 1584 4998 civitatis
1611 4904 1849 5007 Crotoniensis
1909 4982 1911 4984 ψ

303 5044 399 5114 venit
423 5043 599 5135 ditionem,
627 5051 662 5116 et
688 5045 724 5115 in
752 5045 827 5117 eiua
848 5045 1016 5116 hactenus
1043 5045 1205 5117 consistit
1222 5053 1404 5136 potestate
1432 5047 1486 5118 Ex
1505 5047 1565 5118 illo
1584 5068 1719 5138 quoque
1737 5049 1849 5120 omnia

188 5254 194 5265 Δ
303 5162 454 5235 materia
476 5165 623 5236 cementi
649 5170 686 5236 et
710 5165 863 5255 lapidum
890 5167 1048 5256 sumitur,
1076 5167 1120 5238 ad
1147 5166 1365 5240 suscitandas
1382 5189 1491 5240 novas
1516 5167 1668 5240 fabricas
1686 5187 1727 5239 ex
1748 5188 1848 5239 muno

241 5269 246 5282 ⁹
302 5286 338 5356 iil
366 5285 507 5357 civitate
532 5284 771 5376 cracoviensi3
806 5287 951 5360 ecclesia
984 5288 1129 5378 iusuper
1151 5287 1188 5360 S.
1214 5288 1394 5360 Benedicti
1429 5289 1534 5361 inea
1569 5290 1766 5376 consistens,
1787 5289 1849 5360 ab

303 5412 436 5479 structa
462 5413 505 5484 et,
525 5406 676 5479 alienata
702 5413 757 5480 est
784 5429 804 5480 a
831 5409 1040 5482 monasterio
1063 5409 1338 5501 Zwyerzyuenai,
1356 5415 1402 5480 et
1427 5411 1623 5501 proprietas
1649 5410 1752 5500 illius,
1777 5411 1850 5482 ius·

303 5534 517 5625 patronatus
545 5535 649 5620 atque
676 5529 712 5600 in
731 5583 897 5600 .......

406 5648 633 5740 Pnnscnow,
665 5649 753 5721 'villa
778 5652 842 5722 sub
869 5650 1035 5740 parocbia
1060 5648 1227 5723 ecclesiae
1253 5649 1297 5721 de
1324 5647 1478 5740 Corpore
1505 5650 1637 5724 Christi
1663 5651 1700 5723 iu
1727 5649 1848 5723 casi—
1903 5706 1905 5710 .

223 5792 228 5817 ¹
304 5770 441 5841 miria
467 5770 552 5859 sita,
588 5771 685 5842 cuius
712 5772 908 5870 proprietas
935 5789 977 5842 ea
1005 5770 1142 5860 integro
1177 5770 1258 5842 olim
1286 5791 1327 5842 ex
1353 5769 1555 5843 fundatione
1579 5773 1783 5864 primaria,
1803 5772 1847 5843 ad

302 5891 549 5963 monasterium
576 5889 848 5984 Zwyerzyncnsc
873 5891 1089 5981 pertinebat3
1125 5890 1186 5963 sed
1213 5891 1268 5962 vel
1294 5892 1408 5982 pretio
1434 5891 1576 5963 vendita
1601 5898 1674 5983 est,
1701 5892 1757 5965 vel
1783 5913 1848 5982 pro

303 6011 372 6083 alia
395 6011 614 6084 haereditate
649 6011 704 6083 vel
739 6031 844 6081 censu
878 6010 1046 6101 cambita,
1081 6032 1145 6082 nec
1171 6012 1278 6084 babet
1302 6032 1378 6083 eam
1405 6012 1573 6083 hactenus
1600 6015 1846 6089 monasterium

302 6130 592 6223 Zwyerzyueuse,
629 6131 689 6202 scd
716 6132 912 6222 proprietas
939 6132 1014 6203 eius
1040 6132 1144 6222 atque
1171 6132 1378 6222 dominium,
1417 6133 1519 6222 pleno
1546 6138 1583 6204 et
1608 6134 1744 6223 integro
1771 6136 1847 6206 iure

304 6251 348 6322 ad
375 6254 628 6325 serenissimum
657 6251 821 6323 Polouiae
838 6248 964 6341 'regem
991 6254 1161 6342 pervenit.
1188 6252 1304 6324 Habet
1330 6258 1445 6332 autem
1472 6252 1631 6344 praelata
1648 6254 1732 6326 villa
1757 6257 1848 6346 opti·

303 6392 361 6442 ma
386 6377 506 6464 prata,
531 6374 648 6464 sylvas
674 6379 711 6442 et
739 6378 863 6461 stagna
889 6373 987 6445 iuxta
1012 6371 1202 6471 {lislam
1229 6373 1307 6443 sita.
1343 6372 1432 6445 Item
1457 6394 1527 6446 uon
1554 6377 1697 6447 suntin
1724 6376 1847 6448 eadem
