4217 8059
293 1490 367 1561 322

293 1698 337 1767 ab
364 1692 510 1767 ecclesia
536 1691 726 1783 parochiali
753 1691 790 1761 in
817 1690 1127 1781 Zarnowyecz
1154 1689 1374 1776 obamactas,
1414 1696 1451 1759 et
1477 1687 1687 1759 monasterio
1714 1686 1747 1757 S.
1774 1684 1850 1759 dn·

294 1816 398 1888 drcae
426 1815 541 1885 unitas
568 1821 604 1883 et
633 1813 887 1902 incorporatae,
914 1810 1057 1882 inferius
1084 1830 1163 1881 cum
1189 1830 1309 1882 earum
1335 1808 1403 1880 situ
1431 1815 1468 1880 et
1494 1808 1692 1881 conditione
1717 1808 1850 1879 decori
1899 1846 1902 1851 -

293 1938 418 2025 bimae,
445 1943 481 2005 et
507 1933 659 2025 propriis
686 1933 864 2005 vocabulis
891 1932 1118 2005 nominamus.

399 2052 515 2129 lanei
544 2055 630 2127 alias
658 2051 732 2125 mni
757 2054 856 2149 iuxta
891 2053 1199 2144 zarnowyecz
1226 2051 1304 2139 siti,
1331 2056 1368 2121 et
1394 2051 1458 2123 sub
1485 2008 1650 2163 parochia
1675 2050 1719 2122 de
1744 2050 1850 2121 Zar-

294 2197 508 2269 nowyecz
545 2175 744 2265 constituti,
772 2194 918 2265 quornm
954 2173 1151 2265 proprietas
1183 2172 1227 2245 ad
1255 2172 1510 2253 serenissimum
1539 2170 1704 2243 Poloniae
1731 2190 1849 2261 regem

292 2298 454 2389 pertinet,
482 2303 519 2367 et
545 2303 627 2395 Ιειιιιι
654 2295 745 2367 lanei
764 2349 772 2365 .
791 2349 798 2365 .
817 2349 826 2365 .
844 2295 880 2365 in
907 2292 1050 2381 pomero
1078 2300 1115 2366 et
1141 2293 1309 2365 medietas
1327 2291 1523 2365 huiuamodi
1541 2291 1850 2367 laneorummaior

293 2425 330 2490 et
354 2417 479 2489 melior
506 2416 611 2489 solvit
637 2422 673 2489 et
700 2414 861 2487 conducit
888 2414 1055 2487 decimam
1083 2413 1333 2504 manipularem
1359 2420 1396 2485 et
1421 2412 1621 2503 canapalem
1649 2432 1713 2502 pro
1732 2431 1851 2485 mona

293 2538 401 2611 sterio
428 2537 546 2609 Sancti
574 2535 747 2625 Andreae,
774 2542 810 2607 ct
838 2534 936 2619 valor
962 2535 1037 2607 eiua
1065 2534 1271 2607 aestimatur
1298 2533 1343 2607 ad
1369 2533 1536 2605 tredecim
1563 2553 1707 2621 marcas,
1739 2532 1852 2603 altera

163 2737 167 2745 ,
294 2681 376 2743 vero
404 2657 573 2730 medietas
600 2657 704 2729 solvit
731 2678 806 2727 eam
834 2678 897 2747 pro
925 2656 1072 2727 ecclesio
1098 2655 1287 2746 parochiali
1315 2656 1350 2733 ιιι
1377 2654 1694 2745 Zarrrowyeez.

160 6222 190 6265 ᾳ

240 6488 251 6511 ι
318 6480 366 6509 ··.·..
400 6464 411 6487 ’
448 6468 466 6495 Ἢ

259 6550 281 6567 ,μ
303 6558 311 6575 ΙΙ
338 6514 388 6575 {¹¹:¹¹
408 6530 416 6547 r
443 6534 445 6539 ·

175 6642 177 6647 .
260 6588 262 6595 '
289 6558 427 6683 {surr

98 6660 101 6667 .
340 6652 347 6669 Ι
370 6656 391 6669 -ι
625 6668 628 6675 ,

288 6688 291 6695 ι
315 6678 377 6707 'Vh‘
467 6724 480 6751 .
550 6696 573 6741 .

399 2778 465 2851 Est
500 2785 615 2851 autem
652 2778 687 2849 in
715 2778 902 2868 praedictis
937 2777 1047 2850 laneis
1084 2777 1229 2851 ccclesia
1254 2776 1383 2849 Sancto
1410 2774 1603 2853 Adalberto
1630 2775 1764 2866 dicata,
1790 2776 1852 2851 ubi

296 2901 377 2975 olim
405 2901 471 2973 fuit
497 2900 678 3007 antiquum
705 2899 869 2990 oppidum
896 2898 1226 2991 zarnowyecz,
1253 2920 1343 2989 quoe
1378 2904 1432 2971 est
1457 2898 1586 2969 matrix
1612 2897 1717 2997 huius
1741 2896 1854 2969 amle-

295 3024 367 3095 siae
394 3020 622 3113 parochialia,
651 3042 739 3113 quae
778 3026 831 3093 est
857 3020 894 3092 in
922 3019 1070 3111 oppido,
1096 3026 1132 3091 et
1160 3026 1344 3111 utramque
1366 3039 1460 3091 unns
1487 3018 1656 3110 plebanus
1681 3018 1791 3109 regit,
1811 3022 1852 3089 'et
1920 3038 1925 3045 ·

295 3143 440 3235 singulis
468 3142 590 3215 diebus
625 3141 808 3215 dominicis
846 3140 1115 3215 administratur
1142 3162 1204 3231 per
1230 3140 1417 3232 plebanum
1445 3147 1505 3213 aut
1532 3141 1607 3213 eius
1634 3139 1783 3247 vimrioa
1808 3138 1855 3239 de

295 3265 612 3363 Zarnowlyeez.
672 3340 676 3349 ,

360 3444 362 3449 .
401 3385 677 3473 Zannowrncz,
706 3384 869 3475 oppidum
907 3384 1039 3456 habeus
1075 3384 1110 3455 in
1140 3404 1177 3454 ac
1205 3383 1385 3455 ecclesiam
1413 3382 1651 3474 parochialem·
1673 3388 1855 3471 muratam

298 3509 397 3579 iuxta
433 3505 573 3577 fluvium
612 3503 773 3576 Pilcza
808 3504 932 3592 sitnm,
969 3504 1066 3575 onius
1103 3504 1298 3594 proprietas
1334 3504 1378 3574 ad
1405 3503 1661 3576 serenissimam
1689 3502 1856 3575 Poloniae

297 3649 413 3718 regem
440 3648 530 3698 nunc
551 3626 721 3716 pertinet..
749 3625 787 3695 ln
816 3646 883 3715 qno
911 3631 994 3696 sunt
1021 3624 1121 3696 lanei.
1140 3624 1406 3715 oppidanorum,
1434 3625 1540 3698 etde
1567 3625 1677 3699 laneis
1704 3623 1856 3696 solvitur

300 3748 434 3819 decima
460 3747 687 3838 manipularis
713 3745 963 3835 tantummodo,
990 3751 1026 3816 et
1051 3767 1120 3817 non
1147 3745 1322 3837 campalis
1348 3765 1413 3836 pro
1440 3745 1651 3831 monoaterio
1668 3744 1857 3819 martimo-

298 3869 442 3941 nialium
469 3867 505 3939 in
532 3866 760 3939 cracovia
787 3865 905 3939 Sancti
931 3864 1103 3963 Andreae,
1130 3872 1168 3939 et
1194 3866 1292 3939 valor
1315 3864 1393 3941 eiua
1415 3866 1622 3941 aestimatur
1640 3866 1686 3941 ad
1704 3872 1867 3959 quatuor·

299 4008 453 4077 maroas;
480 3986 523 4059 de
550 3985 660 4058 laneis
688 3984 837 4057 residuis
864 3968 1012 4058 solaitur
1039 3985 1173 4059 decima
1199 3986 1379 4059 fertonalis
1399 4041 1406 4058 .
1425 4040 1433 4056 .
1452 4041 1460 4057 .
1478 3988 1669 4059 communia
1686 3984 1855 4078 moeniae

299 4130 363 4211 pro
400 4107 609 4181 monasterio
636 4108 672 4179 in
704 4107 1091 4180 lmmramowioze
1116 4108 1250 4181 ordinis
1275 4106 1649 4197 Praemonatratenaia‚
1675 4107 1737 4198 qni
1761 4106 1855 4187 lanei

303 4234 475 4303 vorantur
496 4228 852 4303 Studzeniczno.
879 4226 966 4303 ltem
992 4229 1178 4303 advocatia
1203 4236 1260 4303 est
1280 4231 1315 4301 in
1334 4230 1455 4304 eodem
1474 4229 1611 4321 oppido,
1629 4230 1761 4303 habena
1778 4234 1856 4301 trec

301 4351 420 4423 laneos
446 4370 629 4442 agrorum,
656 4350 699 4422 de
731 4351 857 4442 quibus
885 4350 1032 4424 solvitur
1059 4350 1194 4423 decima
1220 4350 1446 4442 mampularie
1472 4351 1638 4423 ecclesiae
1664 4350 1858 4442 parochiali

300 4478 338 4544 et
364 4470 511 4562 plebano
539 4465 576 4542 in
602 4470 929 4563 Zarnowyecz;
954 4471 1048 4545 dicti
1075 4479 1192 4545 numm
1219 4470 1311 4544 lanei
1336 4472 1532 4545 consistunt
1558 4478 1638 4563 poat
1665 4470 1790 4545 rodurn
1816 4470 1856 4543 in

300 4592 418 4665 laneis.
454 4593 541 4664 ltem
568 4592 746 4683 praedium
774 4592 891 4683 regale
917 4593 953 4665 ιιι
981 4592 1118 4684 oppido,
1146 4592 1191 4665 de
1217 4614 1285 4684 quo
1312 4592 1461 4666 solvitur
1478 4592 1612 4665 decima
1629 4591 1857 4684 nmniprlurio
1902 4588 1905 4593 ’

294 4732 364 4804 Ιιιιο
392 4711 539 4784 ecclesia
566 4713 602 4785 in
628 4711 949 4805 Zarnowyecz.
982 4713 1070 4785 Item
1097 4713 1286 4787 advocatus
1313 4714 1420 4786 habet
1445 4713 1594 4805 speciale
1620 4712 1857 4787 molendinum

301 4835 337 4907 in
365 4832 503 4905 domine
531 4832 812 4925 Wuycowlca.
840 4834 937 4905 ltom
974 4834 1206 4907 molendinum
1233 4834 1324 4907 eat
1314 4855 1350 4907 ιιι
1377 4834 1497 4907 eodem
1524 4834 1670 4925 oppido,
1696 4834 1759 4907 aed
1785 4854 1857 4908 non

302 4955 409 5028 habet
435 4975 548 5045 agros.
583 4954 672 5025 ltem
700 4954 918 5027 hortulaniae
945 4977 1013 5027 non
1041 4961 1122 5026 sunt
1149 4956 1284 5047 regiae,
1311 4962 1451 5046 praeter
1472 4956 1690 5072 hortulaniaa
1715 4954 1857 5047 plebani

303 5077 339 5147 in
366 5076 453 5165 vico,
481 5076 540 5165 qui
568 5081 711 5147 vocatur
653 5074 974 5148 tMorawka

406 5195 651 5285 Konrcrnnr,
678 5195 761 5267 villo
787 5198 851 5269 sub
878 5198 1043 5287 parochia
1070 5198 1235 5271 ecclesiae
1263 5197 1307 5270 de
1324 5196 1633 5289 Zornowyecz
1660 5199 1739 5287 sita
1756 5196 1859 5271 cuine

301 5318 500 5407 proprietas
535 5316 580 5388 ad
617 5317 874 5389 serenissimum
910 5317 1076 5391 Poloniae
1103 5340 1220 5410 regem
1249 5319 1410 5410 pertinet.
1451 5320 1491 5390 ln
1519 5340 1588 5411 qua
1613 5325 1696 5391 aunt
1721 5326 1859 5410 septem

303 5459 379 5509 cum
415 5436 528 5509 medio
563 5438 656 5508 lanei
689 5430 941 5529 emethonales‚
969 5440 1074 5512 etde
1101 5440 1260 5513 omnibus
1288 5440 1434 5512 solvitur
1460 5440 1594 5512 decimo
1620 5440 1869 5531 manipulario,-

302 5565 338 5630 et
364 5580 427 5649 per
454 5565 603 5649 quotuor
638 5560 777 5650 ierugas
813 5561 997 5655 catapotia
1035 5562 1202 5633 coenobio
1220 5561 1530 5635 sanctimonialium
1548 5562 1666 5635 Sancti
1684 5561 1857 5653 Andreae,

303 5688 340 5752 et
367 5686 529 5751 cenentur
557 5682 860 5759 eamcmetliones
887 5682 1013 5755 ducere
1040 5684 1076 5755 iu
1104 5684 1267 5756 horreum
1284 5705 1307 5755 a
1324 5683 1645 5756 sanctimonialibus
1662 5682 1859 5775 locandum,

303 5809 339 5872 et
367 5800 463 5873 valor
490 5800 564 5872 eius
591 5801 797 5875 aestimatur
823 5803 868 5875 ad
886 5792 1068 5877 duodecim
1086 5826 1229 5879 marcas.
1256 5805 1344 5877 ltem
1362 5806 1528 5876 tabernae
1547 5827 1615 5877 non
1634 5811 1725 5895 aunt,
1742 5825 1859 5896 noqne
1886 5812 1889 5817 '

304 5921 537 6010 hortulaniae,
563 5943 673 6013 neque
702 5923 941 5995 molendinum.
969 5925 1057 5997 ltem
1084 5932 1138 5999 eat
1164 5926 1214 5999 ibi
1241 5925 1419 6016 praedium
1447 5926 1615 6016 optimum
1641 5926 1787 6016 ιιςιιιιιι,
1812 5925 1860 5999 ‹le

304 6043 401 6113 cuius
427 6043 521 6133 agris
548 6043 694 6115 solvitur
721 6043 854 6117 decima
881 6047 1107 6138 manipularis
1135 6047 1171 6118 in
1194 6044 1411 6142 pooitdwcm,
1439 6069 1502 6138 pro
1529 6047 1742 6121 monasterio
1775 6066 1860 6121 an·

306 6164 553 6236 ctimonialium
583 6164 698 6239 Sancti
725 6164 887 6239 Andreae
913 6167 949 6239 in
976 6166 1214 6242 Graeovia

346 6312 379 6367 .·;
396 6282 699 6389 ..Karrczowrczn
727 6288 810 6360 villa
837 6289 900 6361 sub
929 6288 1095 6379 parochia
1121 6288 1166 6365 de
1190 6286 1431 6363 Maticzon
1457 6291 1533 6380 aito,
1561 6292 1660 6363 onina
1686 6290 1859 6363 nmmum
