4217 8059
1727 1488 1799 1597 aaa

258 1687 451 1776 dequibus
479 1687 583 1758 solvit
609 1688 776 1760 decimam
804 1687 1051 1778 manipularem
1072 1689 1107 1758 in
1123 1675 1337 1781 ponithwam,
1365 1708 1428 1778 pro
1456 1710 1560 1760 censu
1587 1709 1681 1763 veno·
1698 1694 1801 1765 solvit

257 1809 480 1878 monasterio.
497 1809 582 1878 duas
609 1829 743 1878 marcas
769 1816 806 1879 et
832 1809 939 1880 habet
960 1807 1191 1878 molendinum
1218 1809 1253 1877 in
1281 1809 1541 1881 haereditatem.
1568 1812 1655 1882 Item
1683 1814 1803 1887 eadem

258 1927 341 1997 villa
367 1928 517 1998 coutinat
543 1948 619 1998 cum
638 1928 730 1999 villis
749 1927 1027 2016 Wisznicze‚
1055 1927 1235 2017 Gurow,
1262 1929 1388 2019 oppido
1415 1930 1646 2023 Boehnya,
1673 1932 1803 2023 Grae-

259 2069 387 2119 czow.
556 2120 560 2126 ,
1455 2134 1459 2140 ,
1762 2059 1764 2063 ’

362 2169 636 2258 Bazusznsczn,
665 2169 752 2240 villa
773 2169 906 2239 habens
923 2169 960 2240 in
978 2188 1016 2238 se
1029 2168 1213 2239 eeclesiam
1232 2170 1463 2259 parochialem
1491 2172 1650 2262 ligneam,
1676 2173 1804 2246 Sancto

261 2288 366 2358 Petro
393 2290 563 2378 Apostolo
589 2290 748 2361 dicatam.
775 2289 814 2359 Iu
842 2309 911 2378 qua
937 2294 1019 2359 sunt
1044 2288 1193 2359 sedecim
1221 2289 1312 2360 lanei
1339 2293 1583 2382 emethonales,
1610 2296 1706 2365 cuius
1725 2316 1805 2386 pro·

262 2410 392 2496 prietes
418 2417 455 2481 et
482 2411 668 2494 dominium
695 2408 739 2480 ad
767 2409 1014 2480 monasterium
1049 2409 1359 2480 sanctimonialium
1397 2412 1431 2481 iu
1473 2412 1805 2506 Sthanyathky

263 2529 423 2616 pertinet,
450 2534 487 2598 et
512 2549 631 2598 omnes
658 2529 747 2598 lanei
773 2529 969 2599 summatim
997 2527 1135 2598 solvunt
1160 2547 1224 2616 pro
1243 2512 1356 2598 annuo
1384 2548 1488 2599 censu
1511 2538 1643 2620 septem
1670 2552 1804 2604 marcas

262 2625 408 2719 latorum
435 2670 635 2738 grossorum
663 2648 887 2737 Pragensium
915 2649 1135 2719 monasterio.
1175 2648 1263 2718 Item
1291 2649 1453 2719 universa
1479 2649 1562 2721 villa
1597 2653 1701 2723 solvit
1727 2673 1806 2724 cen-

262 2773 335 2839 tum
363 2790 437 2857 oua,
464 2772 546 2840 item
575 2770 660 2839 duo's
683 2769 871 2858 capreolos,
899 2769 981 2839 item
1000 2769 1123 2857 viginti
1142 2788 1203 2844 sex
1220 2767 1340 2856 gallos.
1367 2769 1453 2839 Item
1473 2790 1549 2841 cum
1577 2773 1660 2845 villa
1686 2773 1807 2863 Lazy

261 2891 467 2960 coniunctim
495 2897 660 2960 tenentur
686 2891 785 2961 anuis
812 2890 958 2980 siugulis
985 2889 1069 2960 dare
1097 2909 1202 2959 unum
1229 2889 1385 2959 vitulum.
1428 2889 1516 2959 Item
1545 2912 1608 2980 pro
1633 2891 1806 2987 :sarpedone
1886 2954 1894 2965 ⁴.

262 3016 299 3079 et
324 3033 483 3103 marone
510 3018 648 3081 tenetur
685 3010 832 3099 quilibet
859 3010 994 3086 emetha
1021 3030 1064 3081 ex
1093 3010 1191 3080 laneo
1215 3010 1349 3079 soluere
1376 3030 1480 3079 unum
1506 3032 1674 3099 grossum.
1718 3013 1807 3083 Item

164 3164 166 3168 ·
262 3150 331 3200 uon
358 3137 412 3200 est
439 3133 473 3201 in
501 3131 619 3202 eadem
648 3130 731 3201 villa
757 3130 894 3219 aliquod
923 3129 1103 3219 praedium
1129 3129 1336 3199 coenobiale.
1363 3128 1449 3199 Item
1478 3131 1677 3202 emethones
1704 3132 1806 3204 villae

264 3250 439 3338 praefatae
466 3272 534 3322 non
562 3250 724 3321 laborant
750 3250 824 3320 dies
851 3251 886 3318 in
915 3249 1123 3338 septimana,
1151 3248 1210 3319 sed
1238 3249 1273 3317 in
1301 3248 1443 3337 praedio
1471 3248 1573 3320 villae
1601 3251 1720 3341 Lazy
1747 3252 1807 3323 ha·

263 3371 348 3441 beat
374 3372 541 3460 speciales
567 3378 603 3440 et
630 3370 828 3459 designatos
855 3388 1010 3457 campos,
1046 3389 1133 3458 qnos
1168 3374 1332 3438 tenentur
1357 3367 1400 3438 de
1427 3370 1675 3443 consuetudine
1702 3371 1807 3443 etde

265 3491 350 3577 iure,
374 3487 463 3561 'unos
489 3512 554 3580 pro
581 3492 720 3579 hyeme,
747 3490 876 3560 alteros
902 3509 966 3577 pro
992 3507 1093 3576 vere,
1133 3508 1244 3577 arare,
1269 3488 1438 3576 arpicure,
1464 3487 1621 3578 frugibus
1649 3492 1805 3563 coenobii

266 3613 453 3700 seminare,
490 3617 637 3697 metere,
673 3609 835 3699 colligere
862 3615 898 3679 et
923 3609 959 3678 in
986 3608 1061 3679 eins
1088 3608 1250 3678 horreum
1287 3609 1479 3684 conducere
1516 3613 1659 3701 proprio
1695 3632 1808 3701 curru,

265 3738 394 3819 aratro,
421 3738 457 3802 et
483 3732 609 3821 labore,
637 3738 673 3801 et
699 3731 775 3819 agri
803 3727 951 3818 praelati
977 3728 1197 3818 appellantur
1222 3727 1411 3825 irathrzyay.
1451 3732 1537 3802 Item
1565 3730 1735 3804 ducturas
1758 3731 1810 3802 ia-

147 3942 153 3951 .
266 3852 366 3923 ciunt
388 3851 580 3940 ordinarie,
616 3870 847 3940 quaecumque
875 3849 1141 3920 elaboraverint.
1186 3847 1272 3918 Item
1300 3850 1447 3938 quilibet
1473 3853 1609 3924 emetha
1639 3853 1682 3924 de
1709 3853 1809 3924 laneo

264 3978 404 4044 tenetur
431 3973 566 4043 solvere
593 3971 679 4043 duos
706 3986 807 4066 coros
834 3989 974 4060 avenae,
1002 3986 1182 4039 mensurae
1209 3966 1448 4041 Oraccviensis
1480 3972 1665 4063 confertae,
1693 3993 1810 4045 mona*

265 4095 372 4164 sterio
399 4094 499 4164 annis
526 4092 678 4180 singulis.
706 4092 792 4162 Item
820 4096 902 4162 sunt
929 4089 1018 4160 duae
1043 4089 1210 4159 tabernae
1238 4089 1405 4161 habentes
1433 4112 1545 4181 agros,
1575 4101 1611 4163 et
1638 4094 1812 4182 quaelibet

267 4213 371 4283 soluit
405 4232 468 4302 pro
495 4232 600 4283 censu
632 4232 745 4283 annuo
781 4210 990 4281 monasterio
1026 4208 1060 4277 in
1089 4206 1449 4301 Sthanyanthky
1487 4213 1572 4283 duas
1609 4232 1741 4284 marcas
1775 4218 1811 4284 et

267 4355 372 4405 unum
398 4332 546 4423 lapidem
574 4333 667 4422 sepi,
702 4338 739 4401 et
766 4331 795 4401 si
819 4350 891 4403 una
917 4308 1063 4399 taberna
1090 4326 1304 4416 decertatur,
1332 4331 1443 4401 altera
1469 4332 1615 4403 taberna
1642 4354 1730 4422 quae
1757 4352 1812 4402 re-

268 4460 392 4540 manet,
418 4461 559 4524 tenetur
585 4453 719 4523 soluere
754 4452 890 4538 integre
926 4454 1073 4538 quatuor
1100 4464 1234 4517 marcas
1260 4453 1295 4517 et
1322 4448 1407 4519 duos
1435 4448 1568 4539 lapides
1595 4453 1678 4542 sepi.
1724 4452 1811 4524 Item

268 4574 435 4662 plebanus
470 4575 635 4643 ecclesiae
653 4570 859 4661 praelatae
887 4569 922 4639 iu
959 4567 1280 4658 Brzescnycza
1320 4569 1425 4639 habet
1464 4570 1632 4659 speciales
1673 4577 1810 4642 veteres
1899 4646 1901 4650 ,

269 4715 380 4784 agros,
407 4695 535 4766 liberos
562 4710 583 4763 a
609 4713 722 4781 censu,
750 4689 922 4761 solutione
949 4691 985 4759 et
1011 4708 1033 4757 a
1058 4687 1202 4758 decima
1229 4687 1316 4772 Item
1335 4708 1454 4760 ornnes
1481 4691 1555 4779 agri
1584 4691 1811 4779 emethonnm

269 4816 529 4898 tabernatorum
566 4820 601 4884 et
637 4811 898 4884 hortulanonrm
935 4808 1075 4880 solvunt
1109 4808 1275 4879 decimam
1312 4808 1561 4899 manipularem
1597 4830 1640 4881 ex
1676 4812 1811 4900 integro

270 4934 487 5024 praebendae
514 4932 745 5020 Gracoviensi,
772 4938 808 5001 et
834 4931 909 5000 eins
936 4929 1110 5016 canonico,
1136 4947 1225 5018 quae
1252 4933 1396 4999 vocatur
1413 4928 1624 5021 Lazowska,
1639 4936 1675 5002 et
1693 4937 1813 5003 tenen·
1896 4963 1901 4973 ·

230 5037 235 5046 ’
270 5062 327 5126 tur
354 5077 427 5126 earn
456 5054 605 5144 propriis
633 5052 790 5121 curribus
816 5050 941 5121 ducere
968 5050 1003 5118 in
1031 5048 1193 5120 horreum
1222 5068 1243 5117 a
1269 5049 1433 5120 canonico
1459 5049 1653 5140 locandum,
1681 5057 1718 5123 et
1745 5051 1813 5122 sol·

261 5183 356 5246 >vent
383 5177 487 5246 etiam
514 5173 680 5244 decimam
708 5171 829 5260 canapi
856 5189 919 5259 per
946 5174 1096 5262 quatuor
1123 5169 1310 5258 iuncturas,
1337 5175 1373 5240 et
1400 5169 1499 5241 valor
1526 5170 1676 5243 decimae
1707 5172 1811 5243 aesti-

272 5303 386 5366 matur
413 5294 457 5366 ad
484 5294 599 5366 decem
627 5298 664 5362 et
690 5295 767 5361 octo
795 5303 939 5360 marcas.
964 5289 1053 5360 Item
1072 5287 1108 5358 in
1126 5280 1245 5377 eadeir'r
1272 5288 1354 5359 villa
1372 5296 1452 5361 sunt
1479 5290 1568 5362 dnae
1586 5292 1813 5381 hortulaniae,

273 5415 440 5485 habentes
453 5435 580 5504 agros,
607 5419 643 5483 et
670 5409 844 5501 quaelibet
879 5408 985 5480 soluit
1019 5428 1084 5499 pro
1111 5428 1225 5480 annno
1261 5428 1366 5481 censu
1392 5430 1497 5482 unum
1528 5409 1694 5481 fertonem
1723 5431 1814 5482 com·
1932 5442 1935 5447 ·
1982 5475 1985 5481 .

273 5535 384 5604 munis
411 5535 586 5623 pecuniae,
613 5537 649 5602 et
673 5523 810 5601 laborat
825 5546 941 5607 ¹unum
968 5527 1058 5599 diem
1086 5528 1121 5599 ln
1148 5528 1341 5618 septimana
1367 5529 1538 5619 pedester.
1566 5530 1651 5600 Item
1679 5532 1714 5600 in
1742 5529 1814 5601 die:
1958 5526 1962 5531 ’
2015 5614 2018 5621 Ι

273 5656 337 5724 bus
365 5653 558 5725 novissimis
585 5651 683 5724 dedit
708 5649 910 5721 coenobium
937 5648 981 5719 de
1007 5647 1336 5739 Sthauyantky
1376 5647 1462 5719 duos
1489 5648 1542 5719 vel
1570 5649 1659 5720 citra
1686 5649 1812 5739 laneos

273 5795 315 5845 ex
341 5776 449 5845 laneis
476 5772 758 5858 emethonalibns,
784 5769 949 5840 ecclesiae
975 5769 1165 5857 parochiali
1183 5774 1221 5839 et
1237 5768 1312 5839 aius
1331 5767 1477 5856 plebano
1504 5768 1539 5838 in
1568 5769 1815 5860 Brzeszny-
1934 5795 1944 5814 ‘

273 5914 369 5982 cza3
396 5895 439 5964 de
454 5892 535 5963 ¹illis
561 5898 675 5968 tamen
703 5890 807 5962 soluit
834 5894 870 5958 et
896 5887 1031 5959 solvere
1066 5892 1207 5958 tenetur
1246 5887 1412 5959 decimam
1439 5889 1686 5980 manipularem
1714 5898 1815 5980 prae·

274 6014 407 6084 bendae
431 6011 662 6100 cracoviensi,
689 6011 802 6082 dictae
829 6006 1027 6078 hauowska
1055 6006 1140 6077 Item
1160 6008 1215 6081 ias
1232 6013 1438 6097 patronatus
1456 6010 1620 6081 eeclesiae
1638 6009 1815 6099 praelatae

273 6134 309 6203 ln
344 6132 667 6223 Brzesznycaa
685 6131 853 6221 ,pertinet
888 6129 1029 6219 integre
1058 6127 1103 6198 ad
1139 6127 1350 6201 abbatIssam
1376 6134 1427 6199 ‘at
1463 6129 1739 6201 sanctimoniales
1775 6131 1817 6200 in

274 6251 644 6345 Sthanyanthlry.
689 6249 895 6322 Itemuilla
931 6247 1088 6339 praefata
1122 6247 1274 6320 continet
1309 6268 1385 6318 cum
1413 6247 1504 6319 villis
1532 6246 1656 6318 Wisz
1698 6250 1814 6340 icae,

274 6373 451 6465 Curow,
478 6370 720 6457 Peramba,
747 6369 1051 6442 Orzeczowet
1078 6387 1154 6439 cum
1181 6365 1309 6457 oppido
1335 6366 1557 6456 Bochnya.
1646 6269 1724 6459 ὁ
1798 6402 1802 6413 ·
