4217 8059
317 1496 389 1568 142

315 1705 461 1793 adiutus,
488 1704 658 1774 fabricare
686 1703 800 1792 coepit
826 1704 1024 1792 ecclesiam3
1061 1725 1150 1795 quae
1178 1724 1341 1793 processu
1368 1700 1520 1792 dierum,
1556 1724 1618 1792 per
1645 1722 1862 1774 successores

314 1846 396 1896 suos
422 1824 626 1910 Johannem,
653 1822 869 1913 Gregorium,
897 1820 1091 1913 Gaspamm
1119 1832 1155 1894 et
1181 1824 1349 1895 Iacobum
1377 1825 1702 1894 incrementabatur.
1740 1825 1862 1894 Fabri-

312 1947 403 2016 cavit
430 1951 465 2014 et
491 1944 759 2033 pulcherrimum
796 1946 1043 2016 monasterinm
1071 1966 1112 2015 ex
1140 1945 1248 2014 latere
1276 1945 1311 2014 in
1338 1945 1433 2033 loco,
1469 1945 1504 2014 in
1533 1966 1601 2034 quo
1629 1951 1705 2014 erat
1741 1945 1862 2015 domus

311 2063 484 2155 quondam
512 2065 722 2153 plebanalis,
751 2065 975 2154 quodetiam
1003 2086 1066 2154 per
1092 2085 1173 2136 suos
1201 2085 1419 2135 successores
1446 2065 1638 2153 accipiebat
1664 2065 1863 2155 amplitudi-

312 2192 453 2267 nemet
479 2187 738 2256 incrementum.
765 2185 804 2256 Io
833 2207 899 2276 quo
927 2193 963 2256 et
989 2187 1111 2256 stubas
1129 2192 1165 2255 ct
1182 2186 1288 2257 cellas
1307 2194 1343 2255 et
1360 2186 1607 2275 promptuaria,
1634 2192 1672 2256 et
1689 2188 1862 2275 popinam,

310 2311 346 2376 et
372 2306 509 2394 salaria,
536 2313 571 2376 et
598 2305 769 2393 librerias,
797 2312 832 2376 et
859 2306 1078 2395 infirmarias,
1105 2314 1329 2396 caeterasque
1351 2306 1508 2377 coenobii
1535 2305 1690 2377 officinas
1717 2306 1861 2396 pulchro
1949 2324 1952 2331 ·

311 2447 415 2516 opere
443 2428 598 2498 videmus
625 2429 803 2497 excitatas
831 2426 879 2497 Et
905 2448 968 2496 rex
986 2428 1124 2517 quidem
1151 2426 1430 2497 Vladislaus
1456 2426 1643 2516 praelatus,
1671 2448 1774 2517 quam
1801 2427 1860 2498 diu

311 2549 461 2638 vivebat,
496 2549 607 2618 locum
635 2555 671 2618 et
698 2549 944 2618 monasterium
980 2548 1193 2637 praedictum
1230 2568 1311 2618 rara
1337 2552 1569 2636 prosequutus
1606 2553 1660 2617 est
1686 2548 1860 2618 charitate

310 2675 346 2738 et
372 2669 564 2756 devotione,
593 2669 676 2739 illud
705 2689 840 2758 quoque
867 2669 1098 2758 libertatibus,
1126 2668 1368 2758 largitionibus
1395 2668 1502 2758 regiis
1528 2668 1772 2758 privilegiavit
1798 2669 1859 2738 sed

311 2797 348 2860 et
374 2790 464 2860 lilius
483 2810 566 2860 suns
594 2788 852 2860 Oa-simirus
883 2789 1075 2861 Tertius
1102 2788 1458 2877 Poloniaerex‚dum
1476 2787 1586 2863 tratre
1608 2788 1861 2860 VladIslao

312 2910 512 3000 Hungariac
538 2918 574 2982 et
600 2910 765 2981 Poloniae
792 2931 873 3000 rege
898 2910 1047 2981 feliciter
1078 2911 1113 2980 in
1141 2911 1283 2998 praello,
1311 2910 1403 2998 quod
1430 2930 1505 2979 cum
1535 2910 1656 2980 Turcis
1684 2929 1774 2980 anno
1792 2909 1861 2979 Do·

310 3033 394 3102 mini
425 3032 531 3103 1464·
549 3031 660 3123 gessit
686 3032 818 3121 occiso,
846 3031 1085 3120 successisset,
1113 3037 1150 3101 et
1174 3031 1285 3120 patris
1311 3029 1488 3100 Imitando-
1506 3031 1664 3120 vestigia,
1685 3030 1859 3120 :singulari

311 3151 472 3224 libertate
498 3159 535 3224 et
560 3153 677 3243 'gratia
695 3152 987 3242 prosequebatur.
1019 3149 1140 3223 ‚Ouios
1175 3150 1313 3241 quidem
1348 3151 1568 3240 monasterii,
1605 3151 1697 3241 quod
1732 3150 1860 3223 iratres

273 3270 275 3275 ’
309 3272 433 3362 viginti
458 3271 586 3362 lovere,
613 3279 649 3345 et
675 3271 789 3343 officia
815 3271 952 3361 siugula
979 3271 1106 3359 diviua,
1133 3278 1304 3341 nocturna
1330 3270 1492 3343 videlicet
1510 3278 1547 3343 et
1562 3273 1699 3361 diurna,
1724 3292 1860 3345 omnes-

311 3414 375 3484 que
403 3394 507 3464 horas
535 3393 718 3464 canonicas
745 3392 883 3482 explere
910 3412 994 3462 voce
1021 3412 1148 3463 sonora
1175 3393 1360 3482 consve'vil,
1388 3412 1511 3463 census
1529 3399 1565 3462 et
1582 3397 1771 3482 proventus
1788 3393 1859 3463 sin·

308 3514 409 3603 gulos
436 3533 512 3584 cum
540 3532 657 3583 eorum
680 3514 839 3602 iuribus,
879 3494 1125 3583 describendos
1152 3496 1320 3583 duximus.
1340 3502 1343 3507 ’
1365 3510 1429 3582 (lui
1456 3513 1562 3583 ctiam
1590 3513 1683 3584 inter
1706 3520 1860 3603 quatuor
1999 3566 2002 3571 .

165 3644 170 3655 '
309 3635 522 3705 monasteria
547 3633 678 3705 ordinis
691 3632 860 3722 praelati,
888 3634 976 3722 quae
1003 3631 1243 3707 cracoviensis
1269 3634 1423 3705 continet
1450 3633 1627 3724 dioecesis,
1655 3634 1860 3723 primarium

309 3752 431 3825 damus
457 3755 580 3844 locum,
607 3761 642 3824 et
667 3758 811 3843 propter
836 3754 934 3824 urbis
961 3734 1211 3844 Gracoviensis,
1238 3753 1294 3825 cui
1321 3774 1491 3845 annexum
1518 3759 1582 3844 est,
1609 3756 1859 3845 praestantium

169 3912 171 3917 ·
309 3878 347 3945 et
363 3874 550 3965 ¹religionIs
577 3874 843 3963 observantiam,
870 3879 906 3945 et
934 3875 1026 3964 quod
1053 3876 1099 3947 ab
1124 3876 1185 3946 illo
1212 3880 1352 3947 caetera
1368 3876 1580 3946 monasteria
1606 3875 1739 3948 ordinis
1759 3894 1858 3965 prae

308 3992 371 4065 lati
399 3996 434 4065 in
461 3994 682 4067 Gracoviensi
705 3994 877 4084 dloecesi,
916 4001 1057 4084 praeter
1082 3994 1339 4085 MsthovIense,
1369 3995 1467 4087 quod
1503 3996 1653 4067 secundo
1689 4016 1856 4086 ponemus

308 4114 394 4205 loco,
421 4122 556 4187 constat
583 4122 619 4186 et
645 4115 894 4187 derivationem
921 4122 957 4187 et
983 4136 1092 4206 genus
1120 4117 1306 4206 accepisse.

412 4235 710 4327 Suosszowmzn,
738 4237 820 4307 villa
846 4238 910 4307 sub
937 4237 1103 4327 parochia
1128 4237 1292 4308 ecclesiae
1318 4236 1362 4308 de
1389 4235 1422 4307 S.
1444 4235 1578 4308 Iacobo
1604 4238 1640 4307 in
1667 4236 1858 4308 Oasimi·

308 4356 377 4425 ria
404 4356 481 4445 sita
507 4357 605 4428 cuins
631 4354 830 4448 proprietas
853 4363 890 4428 et
917 4357 1105 4429 dominium
1141 4380 1184 4429 ex
1212 4359 1348 4448 integro
1385 4356 1431 4428 ad
1458 4358 1695 4447 praepositum
1722 4365 1759 4429 et
1786 4378 1858 4427 mo-

305 4477 497 4549 nasterium
533 4476 697 4568 Oorporis
733 4477 864 4550 Christi
898 4479 1069 4569 pertinet,
1105 4486 1142 4551 et
1169 4487 1223 4550 est
1250 4479 1378 4550 fundus
1415 4478 1616 4568 principalis
1650 4470 1855 4549 'monasterii

306 4596 472 4689 praefati,
508 4599 605 4671 cuius
639 4604 755 4671 certae
791 4600 969 4690 portiones
996 4599 1040 4669 ad
1068 4598 1259 4690 praelatam
1294 4599 1475 4669 ecclesiam
1510 4597 1676 4689 Corporis
1711 4598 1852 4686 christi

308 4720 389 4789 dum
416 4718 530 4791 adhuc
555 4720 741 4792 saecularis
769 4724 844 4790 crat
870 4719 1100 4809 pertinebant,
1128 4728 1286 4792 macerae
1308 4725 1434 4808 expost
1459 4739 1523 4810 per
1541 4721 1758 4809 praepositos
1786 4740 1857 4791 rno-

308 4841 453 4911 nasterii
480 4848 658 4930 coemptae
683 4846 774 4929 sunt,
801 4846 838 4910 et
864 4831 1074 4910 monasterio
1103 4830 1262 4930 praelato
1284 4840 1415 4930 unitae,
1434 4848 1471 4912 et
1489 4841 1573 4912 villa
1599 4842 1676 4932 ipsa
1701 4861 1745 4913 ex
1772 4842 1858 4912 inta-

308 4982 372 5050 gro
400 4961 557 5050 praelato
583 4961 793 5037 monasterio
830 4960 1056 5050 appropriata
1082 4966 1119 5031 et
1144 4961 1364 5051 incorporata
1392 4969 1457 5032 est.
1497 4962 1538 5035 In
1552 4982 1636 5052 qua
1660 4969 1742 5033 sunt
1769 4961 1859 5032 lanai

310 5081 554 5175 amethonales,
580 5086 617 5153 et
640 5080 789 5185 quilibet
825 5100 889 5171 pro
916 5100 1030 5152 annno
1056 5100 1163 5175 censu
1191 5081 1297 5152 solvit
1323 5084 1535 5157 monasterio
1555 5137 1721 5153 .......
1739 5107 1748 5171 ;
1776 5083 1858 5153 item

310 5202 456 5292 quilibet
482 5202 525 5275 de
550 5202 652 5277 laneo
678 5184 784 5275 irnum
811 5201 901 5273 dlem
929 5203 1071 5293 proprio
1099 5222 1204 5274 curru
1222 5208 1283 5273 aut
1301 5210 1420 5274 aratro
1439 5204 1577 5275 laborat
1599 5205 1635 5274 in
1654 5205 1858 5293 septimana,

308 5342 373 5415 per
398 5328 511 5399 totum
537 5342 675 5413 anuum,
701 5328 739 5397 et
764 5323 928 5395 ducturas
954 5322 1087 5394 faciunt
1114 5325 1158 5394 ad
1184 5324 1356 5395 rationem
1383 5324 1526 5394 dierum.
1562 5324 1649 5395 Item
1676 5330 1732 5394 est
1759 5342 1859 5413 prae·

272 5436 404 5515 'tulum
431 5442 638 5537 coenobiale,
661 5442 708 5517 de
725 5442 823 5541 cuius
851 5444 945 5533 agris
964 5444 1113 5516 solvitur
1137 5445 1273 5515 <lemma
1298 5444 1525 5534 manipularis
1552 5444 1718 5516 ecclesiae
1741 5443 1859 5515 Sancti

309 5566 431 5637 Jacobi
460 5566 495 5637 in
522 5546 782 5637 (lasimiria¹
809 5565 896 5635 Item
923 5571 978 5635 est
1004 5562 1052 5635 ibi
1079 5565 1227 5636 taberna
1253 5565 1385 5637 habens
1411 5586 1524 5656 agros,
1552 5560 1641 5655 quac
1667 5584 1731 5655 pro
1754 5584 1858 5635 censu

309 5707 422 5756 annuo
449 5686 555 5757 solvit
581 5684 790 5757 monasterio
818 5690 967 5774 quatuor
993 5704 1139 5756 marcas.
1183 5685 1270 5756 Item
1297 5692 1353 5756 est
1374 5686 1423 5757 ibi
1450 5686 1698 5775 molendinum,
1725 5686 1856 5757 habens

309 5826 411 5898 agros
438 5812 474 5877 et
500 5814 603 5897 prata
630 5807 665 5877 in
692 5788 830 5876 flumine
866 5804 1044 5895 Wylga,
1081 5807 1172 5896 quod
1200 5807 1305 5879 solvit
1341 5808 1404 5896 prb
1432 5827 1546 5878 annuo
1572 5827 1679 5879 ceusu
1705 5813 1857 5897 quatuor

309 5948 453 5999 marcas.
480 5928 567 5998 Item
594 5934 675 5997 sunt
693 5926 740 5997 ibi
761 5926 977 5997 hortulaniae
1004 5927 1173 5999 babentes
1200 5950 1312 6019 agros.
1341 5928 1430 5998 Item
1458 5947 1577 5999 omrres
1603 5929 1680 6017 agri
1706 5927 1859 5997 cmmlro·

264 6048 655 6159 11,ιιιὶιεεῃρηιθᾱίιιΙεξ,
683 6055 719 6118 et
745 6047 922 6135 tabernae,
949 6053 984 6117 et
1011 6048 1305 6136 hortulauiarum‚
1341 6047 1481 6117 solvunt
1507 6048 1672 6119 decimam
1701 6049 1858 6137 manipu-

140 6173 142 6177 ’
283 6168 415 6245 sumn
444 6170 608 6240 ecclesiae
635 6167 824 6258 parochIali
853 6167 970 6237 Sancti
998 6167 1120 6239 Jacobi
1148 6169 1182 6237 in
1211 6165 1462 6237 Oasimiria
1488 6188 1551 6257 pro
1578 6168 1797 6258 praeposito,
1822 6175 1859 6237 ct

309 6291 408 6361 valor
435 6289 571 6361 eiusad
599 6296 751 6379 quatuor
775 6308 918 6359 marcas
947 6288 1032 6360 Item
1051 6288 1205 6359 oonllnat
1231 6307 1307 6357 cum
1335 6286 1694 6377 Wrobloviczq,
1720 6287 1858 6360 (Iord-

311 6428 489 6493 πῦον,
527 6394 736 6499 baysio,
764 6407 1144 6511 Opathlrou-iqqm
1177 6406 1447 6496 JugouIcze
1480 6416 1518 6480 et
1542 6410 1699 6481 Borcli¹
1721 6409 1858 6481 rivulus

871 6591 873 6598 .
905 6596 928 6631 ι,
948 6570 984 6625 ,ἓ

676 6662 695 6709 e
898 6612 991 6759 ff

683 6728 687 6735 .
874 6726 910 6753 ⁸.
1640 6734 1644 6741 ,

675 6780 701 6813 ι,
814 6822 816 6827 Ι
869 6766 896 6825 ,ἠ
910 6760 935 6829 :qa
981 6786 983 6791 ·
1583 6722 1664 6875 ,ᾖ

839 6836 841 6841 .
888 6832 893 6841 ι
917 6846 923 6853 .
1507 6830 1517 6848 ἱ
