4217 8059
1745 1520 1817 1591 aot

266 1717 362 1788 cuius
389 1718 488 1789 valor
514 1717 558 1787 ad
584 1719 709 1808 viginti
736 1722 878 1809 marcas
905 1718 1045 1809 praeter
1063 1722 1190 1810 paucos
1209 1738 1319 1810 agros,
1349 1716 1406 1812 qui
1425 1722 1594 1794 vocantur
1613 1738 1821 1820 przgsmynr-

267 1832 329 1932 ky,
366 1839 425 1928 qui
453 1859 496 1907 ex
524 1836 741 1909 haereditate
777 1834 880 1909 villae
915 1830 1240 1928 Kl'ymuntbow
1276 1840 1349 1911 dati
1377 1848 1457 1912 sunt
1483 1844 1517 1912 in
1546 1844 1820 1932 supplementum

268 1958 508 2028 emethonibus
535 1958 639 2028 villae
665 1956 862 2047 Ostrea,
898 1958 1095 2049 dequibus
1123 1959 1215 2030 cedit
1241 1961 1373 2031 demina
1399 1958 1626 2055 manipularis
1654 1966 1822 2051 praeben-

266 2078 331 2148 dae
356 2060 599 2167 ¹dictionibus,
635 2096 723 2168 quae
752 2076 1203 2150 vocatur'Lnntolnwsko.·
1237 2079 1323 2173 Item
1352 2078 1397 2174 in·
1416 2081 1536 2152 eadem
1565 2084 1648 2154 villo
1675 2076 1822 2156 taberna

267 2214 335 2269 una
361 2199 494 2269 babens
522 2218 644 2289 agros,
680 2205 717 2269 et
742 2177 847 2269 solvit
869 2204 945 2288 'pro'
964 2202 1069 2270 censu
1104 2207 1178 2271 tres
1205 2218 1356 2286 marcas,
1382 2210 1429 2271 et
1456 2200 1622 2272 decimam
1649 2202 1756 2274 solvit
1781 2205 1818 2274 in

264 2316 479 2413 qooitbmom.
510 2320 594 2389 ltem
622 2320 658 2390 in
686 2316 813 2390 eadem
835 2318 919 2390 villa
944 2320 1165 2391 hortulanine
1193 2319 1281 2390 dune
1308 2318 1478 2393 liabentes
1505 2342 1618 2411 agros,
1646 2324 1821 2411 quaelibet

267 2440 372 2510 solvit
397 2460 501 2509 unum
530 2439 698 2511 fertonem
729 2448 764 2511 et
791 2460 898 2511 anum
926 2438 1016 2511 diem
1043 2438 1182 2512 laborat
1208 2440 1326 2530 pedes.
1354 2440 1440 2512 ltem
1469 2441 1635 2513 decimam
1665 2445 1821 2534 manipuL

266 2560 374 2631 larem
402 2558 541 2631 solvunt
568 2561 602 2630 iu
627 2556 842 2663 qonitbcoom.
857 2554 958 2633 'ltem
986 2561 1218 2633 molendinum
1247 2568 1390 2632 nonest
1417 2538 1482 2632 ibij
1503 2549 1589 2633 Item
1616 2562 1700 2634 villa
1719 2580 1821 2654 prae·-

268 2679 342 2749 lata
382 2680 534 2750 confluat
574 2700 650 2751 cnm
685 2668 783 2751 ¹villis
823 2678 1182 2770 Glimyunthow‚
1226 2682 1846 2775 Swiradzicze‚'Kamye'n-'

268 2786 446 2890 czp'cze.¹
869 2871 871 2875 ,
1213 2781 1215 2785 ’
1493 2800 1500 2817 “
1792 2884 1795 2895 ,

372 2919 641 3010 Tnorusszow‚
677 2921 760 2992 villa
787 2921 851 2993 snb
878 2921 1045 3010 parocbia
1072 2921 1235 2993 eeclesiae
1259 2922 1306 2993 'de
1333 2922 1509 3012 lgolom
1522 2943 1576 3014 ya
1603 2924 1689 3010 sita,
1725 2922 1821 2994 onius

268 3040 465 3132 proplietas
493 3048 529 3111 et
556 3041 744 3112 dominium
776 3042 819 3113 ad
856 3031 1105 3113 monasterium
1135 3028 1446 3113 sanctimonialium
1474 3042 1510 3112 in
1538 3032 1822 3132 Stbanyatli-

267 3164 323 3252 ky
350 3162 511 3251 pertinet.
555 3160 595 3232 ln
624 3168 799 3251 quaeunt
826 3160 1086 3251 quatuordecim
1114 3162 1215 3246 lanei,
1229 3169 1278 3259 et
1305 3162 1451 3251 quilibet
1477 3160 1597 3232 laneus
1625 3161 1730 3232 solvit
1757 3180 1821 3251 pro

266 3292 379 3354 annuo
406 3292 510 3353 censu
538 3283 722 3371 coenobio,
762 3302 864 3353 unam
896 3302 1045 3353 marcam
1079 3302 1155 3353 cum
1184 3289 1335 3373 quatuor
1355 3280 1516 3372 'grossis‚.
1545 3287 1703 3353 monetae
1730 3280 1822 3353 com·
1932 3292 1935 3299 '

267 3404 390 3492 munis,
408 3404 498 3472 item
526 3405 649 3490 viginti
677 3423 753 3489 ova,
781 3404 863 3470 item
882 3402 969 3469 duos
988 3422 1147 3487 capones,
1175 3401 1261 3474 duos
1289 3406 1419 3489 caseon
1447 3403 1529 3473 item
1558 3400 1731 3497 myodowe
1757 3422 1821 3492 per

268 3522 417 3593 mediam
445 3540 614 3609 grossum,
640 3521 725 3591 item
753 3538 913 3613 opnowna
939 3538 1003 3606 per
1029 3517 1178 3588 medium
1206 3520 1377 3606 grossum
1390 3524 1496 3593 'item
1513 3522 1601 3594 duos
1619 3542 1719 3594 coros
1739 3530 1820 3595 'avez

268 3662 332 3713 nae
359 3642 541 3710 mensurae
569 3631 755 3709 confertae.
782 3640 868 3707 ltem
896 3642 1059 3708 tenentur
1086 3636 1173 3708 duos
1191 3637 1265 3707 dies
1283 3639 1318 3737 in
1339 3639 1538 3725 septimana·
1557 3645 1699 3728 proprio
1718 3660 1822 3715 numu

267 3766 329 3831 aut
355 3764 474 3830 aratro
501 3756 671 3830 laborare.
699 3759 786 3829 item
805 3759 840 3828 in
861 3757 1083 3845 eudemvilla
1100 3761 1181 3830 sunt
1200 3736 1295 3829 'duae
1324 3756 1491 3829 tabernae
1518 3758 1690 3842 habentes,
1709 3774 1821 3850 agros,
1963 3834 1968 3844 ,

238 3954 240 3963 ,
267 3887 302 3950 et
317 3878 506 3979 ¹quaelibet
526 3896 596 3967 pro
615 3864 730 3950 annno
758 3894 862 3950 censu
886 3876 991 3950 solvit
1009 3878 1228 3949 monasterio·
1247 3876 1283 3948 in
1312 3874 1642 3970 Stbanyathky
1671 3870 1822 3969 quatuor

266 4002 401 4072 martas
428 4007 464 4070 et
490 4020 596 4071 unum
624 3999 771 4093 lapidem
801 3999 884 4090 sepi.
911 3999 998 4071 Item
1018 4000 1053 4070 in
1073 3996 1192 4079 eadem
1220 3998 1304 4069 villa
1331 4005 1412 4071 sunt
1438 4005 1570 4088 septem
1597 3996 1845 4072 bottulaniae·

266 4120 435 4220 babentes
462 4138 584 4210 agros,
612 4124 648 4191 et
674 4120 849 4210 quaelibet
884 4140 948 4211 pro
964 4120 1188 4191 monasterio
1224 4115 1329 4190 solvit
1360 4118 1437 4190 octo
1464 4132 1623 4209 grossos,
1651 4126 1687 4190 et
1713 4140 1818 4193 unum

269 4242 358 4312 diem
385 4240 551 4330 pedester'
574 4243 609 4311 in
638 4243 832 4330 septimana
866 4240 1027 4313 laborare
1062 4244 1211 4310 tenetur.
1234 4218 1341 4309 'ltem
1365 4244 1533 4331 ‚tenentur
1569 4239 1612 4310 ad
1641 4246 1822 4332 utramque

267 4360 456 4456 powqbom,
475 4360 645 4432 'videlicet
672 4356 882 4452 hyemalium
909 4365 945 4431 et
971 4360 1190 4432 aestivalium
1217 4357 1483 4446 frumentorum,
1510 4366 1582 4429 tam
1610 4361 1820 4451 'cmetbonesq

268 4502 369 4571 quam
397 4482 572 4553 hortulani
599 4489 635 4553 et
661 4483 911 4554 tabematores.
937 4481 1026 4551 Item
1053 4482 1088 4550 in
1116 4480 1236 4550 eadem
1255 4479 1338 4587 yilla
1365 4485 1418 4549 est
1445 4480 1623 4568 praedium
1652 4482 1819 4568 optimum

268 4602 476 4692 coenobiale,
504 4603 636 4674 habens
663 4623 766 4693 agros
793 4605 828 4673 in
856 4608 1006 4693 quatuor
1032 4621 1172 4691 campos
1199 4600 1383 4672 distinctos
1411 4620 1487 4669 cum
1508 4601 1618 4689 pratis
1647 4600 1821 4671 sufficien-

265 4725 370 4809 tibus,
393 4722 440 4794 'de
468 4723 592 4814 quibus
619 4720 897 4795 sanctimoniales
910 4718 1359 4811 -decimammanipnlarem
1379 4718 1638 4809 nnlll's'olvmit,
1666 4722 1821 4792 sedeam

267 4856 331 4934 pro
358 4864 396 4914 se
422 4845 560 4934 tollunt,
588 4851 625 4915 et
650 4845 687 4915 in
714 4842 875 4916 horreum
895 4862 996 4915 sunm
1022 4843 1200 4915 inducunt.
1227 4842 1314 4912 Item
1332 4840 1679 4930 cinethonesomnes,
1705 4843 1822 4911 taber·

267 4972 408 5038 natores
435 4973 472 5036 et
498 4964 675 5036 hortulani
702 4960 745 5035 de
772 4966 866 5055 agris
893 4964 1034 5037 solvunt
1061 4964 1228 5035 decimam
1246 4962 1527 5052 'manipularem'
1546 4960 1758 5061 monasterio
1785 4967 1821 5031 et
1881 5006 1886 5011 -

267 5085 588 5158 montimonialibus
616 5086 659 5156 de
686 5084 1033 5176 Sthnnyatb'k'y,
1061 5093 1097 5155 et
1123 5084 1229 5155 etiam
1248 5083 1413 5155 decimam
1434 5082 1632 5173 canapalem
1655 5100 1718 5173 per
1737 5080 1822 5171 qua'-
1915 5120 1921 5129 ,

267 5213 348 5278 tuor
373 5206 533 5296 brugas,
554 5212 596 5278 ct
620 5214 786 5278 tenentur
811 5206 905 5277 illam
933 5208 1132 5277 cmethones
1158 5205 1310 5294 propriis
1323 5202 1496 5279 'curribus
1524 5203 1651 5275 ducere
1677 5202 1712 5273 in
1740 5203 1821 5273 bor-

268 5344 366 5396 reum
393 5347 415 5398 a
441 5327 760 5398 sanctimonialibus
787 5324 979 5416 locandum,
1007 5334 1043 5396 et
1070 5325 1169 5396 valor
1196 5324 1272 5396 eins
1299 5325 1505 5394 aestimatur
1523 5322 1567 5394 a‘d
1587 5324 1709 5412 viginti
1728 5332 1818 5391 mab-

266 5464 335 5518 cns.
379 5444 465 5517 item
493 5454 574 5519 sunt
600 5447 689 5518 duae
726 5448 879 5537 piscinae
914 5444 1141 5518 coenobiales.
1186 5444 1275 5517 Item
1301 5458 1412 5535 prope
1434 5438 1617 5513 ¹l'islam
1644 5442 1749 5528 lacus
1777 5440 1821 5511 de

267 5587 334 5657 quo
362 5580 510 5655 censum,
537 5568 698 5639 uidelicet
725 5574 797 5639 tres
825 5584 976 5655 marcas,
1017 5567 1111 5638 tollit
1135 5567 1388 5638 monasterium
1417 5564 1461 5634 de
1488 5562 1630 5633 Siban
1641 5560 1818 5652 yothky

267 5698 348 5756 uno·
364 5686 462 5777 anno,
488 5688 526 5758 'et
543 5688 663 5759 'altero
689 5706 782 5758 anno
809 5688 1057 5758 monasterium
1086 5686 1129 5759 de
1156 5686 1399 5777 Myecbow.
1428 5684 1513 5753 ltem
1542 5684 1619 5770 ripa
1646 5680 1821 5770 Vislne‚
1936 5678 1939 5685 '

270 5807 313 5878 de
341 5826 410 5898 qna
437 5783 627 5880 solvuntur
645 5817 723 5880 octo
752 5808 867 5879 scotti.
893 5807 987 5877 Item·
1008 5804 1166 5896 praelata
1184 5808 1268 5877 villo
1294 5807 1447 5878 confiunt
1472 5825 1548 5875 cum
1577 5800 1668 5872 villis
1696 5800 1823 5892 Cayc-

267 5930 503 6018 nyechow‚
531 5928 857 6019 Pub-yedniky,
883 5926 1134 6018 lgolomya.

371 6049 458 6121 ltem
487 6048 675 6120 notandum
704 6056 739 6120 et
765 6047 940 6120 sciendum
969 6053 1031 6133 est
1060 6046 1149 6137 qnod
1179 6042 1260 6117 licet
1279 6044 1436 6119 Clemens
1463 6045 1506 6116 de
1534 6042 1739 6114 Russoza
1766 6058 1823 6110 oo·

266 6188 350 6258 mes,
376 6170 412 6240 in
439 6168 641 6241 fundatione
659 6176 705 6239 'et
723 6165 910 6265 dotatione
938 6169 1139 6238 monasterii
1167 6167 1202 6235 in
1232 6165 1580 6254 sthany-athky,
1608 6161 1719 6234 eidem
1749 6178 1821 6231 mo-

266 6290 422 6363 nasterio
449 6296 528 6361 octo
556 6288 656 6359 villas
690 6290 876 6361 donodono
911 6266 1303 6380 perpetuamque
1342 6285 1560 6375 Lypowa,
1600 6282 1824 6395 Rabienus

371 6576 579 6620 consumam
723 6636 725 6643 Ι
912 6590 923 6607 ·
1096 6546 1126 6557 ’“
1558 6548 1659 6597 ‘³⁸
1791 6561 1793 6565 ’
