4217 8059
1607 1536 1613 1545 .
1744 1469 1817 1543 3-71

266 1687 305 1754 et
331 1681 526 1753 conducunt
553 1679 722 1753 decimam
750 1678 1000 1769 manipularem
1024 1681 1065 1748 et
1082 1676 1283 1766 canapalem
1320 1694 1384 1765 pro
1402 1674 1614 1749 monasterio
1631 1672 1821 1777 ,budrzeo-

186 1824 190 1831 ·
267 1803 388 1891 riensi,
415 1807 450 1872 et
476 1802 574 1873 sulm
601 1801 677 1873 eius
703 1801 908 1885 aestimatur
936 1799 980 1870 ad
1008 1852 1123 1869 .....
1168 1797 1327 1871 Confluat
1355 1851 1471 1867 .....
1566 1791 1571 1797 ’

372 1922 600 2021 Funestam,
619 1922 702 2007 villa
720 1922 783 1994 sub
802 1921 967 2012 parochia
985 1919 1029 1991 de
1048 1919 1258 1993 Andraeiou
1277 1919 1354 2009 sita,
1372 1919 1470 1991 euius
1489 1918 1686 2011 proprietas
1704 1919 1823 1992 totalis

269 2045 312 2121 ad
341 2044 588 2119 monasterium
617 2042 911 2115 Audrzeioviense
937 2042 1099 2137 pertinet.
1135 2041 1175 2114 Iu
1203 2045 1380 2132 quaeunt
1407 2039 1498 2137 lanei
1525 2040 1759 2115 emethooales
1786 2045 1824 2112 et

233 2230 238 2238 .
268 2165 414 2257 quilibet
449 2164 554 2236 solvit
590 2185 652 2255 pro
679 2184 786 2236 censu
813 2218 942 2253 ......
977 2163 1060 2235 item
1088 2182 1171 2251 ova,
1199 2162 1282 2249 item
1308 2161 1438 2252 gallos,
1454 2162 1549 2235 -item
1576 2172 1715 2251 caseum·
1739 2163 1822 2235 item

257 2287 378 2377 labor,
404 2288 486 2358 item
508 2283 670 2381 pernota,
697 2286 781 2367 item
800 2306 951 2380 oaszyep,
965 2284 1060 2356 item
1080 2284 1266 2372 tabernae,
1292 2282 1586 2375 itembortulani,
1612 2284 1696 2357 item
1723 2304 1823 2374 prae·

271 2408 380 2496 dium,
406 2408 491 2479 item
510 2406 752 2478 molendinum.
792 2406 878 2489 Item
907 2426 1026 2476 omnes
1054 2405 1130 2495 agri
1157 2403 1260 2476 villae
1288 2404 1428 2475 solvunt
1454 2409 1489 2475 et
1508 2405 1704 2477 conducunt
1731 2405 1825 2476 deoi-

274 2550 364 2605 mam
384 2529 632 2622 manipularem
661 2533 699 2599 et
715 2527 913 2617 canapalem
941 2548 1005 2618 pro
1024 2526 1234 2612 monasterio
1261 2524 1555 2617 Andraeoviensi,
1578 2530 1617 2598 ut
1634 2526 1738 2599 valor
1751 2528 1825 2598 eius

272 2651 477 2723 aestimatur
503 2651 567 2722 ad‘
575 2705 690 2720 .....
717 2647 877 2721 Goolinat
904 2703 1046 2718 ......
1143 2728 1150 2739 ,

373 2769 597 2861 ΟΖΥΑοΖονν,
633 2769 716 2843 villa
742 2771 807 2843 sub
834 2769 1000 2860 parochia
1035 2767 1201 2841 eeclesiae
1238 2767 1280 2839 de
1308 2766 1588 2853 Audrzeiow
1615 2768 1702 2858 sita,
1729 2769 1826 2841 auius

220 2894 222 2899 ’
268 2892 389 2965 totalis
416 2878 612 2983 proprietas
640 2891 684 2965 ad
709 2864 952 2969 monesterium
981 2889 1269 2979 Audrzeovieose·
1289 2889 1452 2979 pertinet.
1493 2888 1534 2961 In
1553 2910 1621 2980 qua
1639 2894 1721 2961 sunt
1739 2945 1746 2959 .
1766 2945 1773 2960 .
1792 2946 1826 2960 ..

270 2994 351 3085 item
379 3034 464 3102 ova,
491 3014 573 3085 item
599 3012 729 3117 galloS,
756 3013 838 3084 item
866 3033 1005 3101 caseos3
1031 3011 1114 3083 item
1141 3011 1251 3100 labor,
1279 3011 1360 3089 item
1383 3008 1542 3104 poradta,
1568 3006 1653 3088 item
1679 3033 1825 3107 oasapep,

173 3146 175 3150 ’
270 3135 353 3207 item
373 3135 565 3225 tabernae,
602 3136 684 3207 item
712 3133 907 3223 hortulani,
943 3134 1026 3205 item
1053 3131 1298 3205 molendinum.
1343 3131 1429 3203 Item
1467 3152 1585 3205 omnes
1620 3133 1697 3224 agri
1723 3133 1826 3205 villae

258 3256 415 3329 'solvunt
442 3256 608 3329 decimam
636 3256 886 3346 manipularem
918 3260 955 3338 et
978 3255 1178 3327 conducunt
1212 3274 1276 3344 pro
1302 3254 1515 3327 monasterio
1551 3253 1826 3327 Andraeouiensi

272 3383 310 3449 et
336 3377 439 3450 etiam
468 3377 677 3467 canapalem,
705 3381 742 3447 et
767 3376 865 3449 valor
892 3377 967 3448 eius
993 3376 1200 3477 aestimatur
1221 3375 1271 3447 ad
1298 3428 1333 3457 ,μ
1352 3430 1360 3446 .
1379 3429 1414 3459 .,
1441 3372 1601 3451 Confluat
1619 3431 1734 3448 .....

377 3498 675 3587 quursureez,
702 3498 786 3570 villa
813 3498 879 3569 sub
897 3497 1063 3589 parocbia
1089 3497 1254 3568 ecclesiae
1281 3496 1323 3567 de
1349 3495 1602 3571 Andrzeow
1621 3499 1705 3587 sita,
1730 3499 1829 3569 onius
1881 3520 1884 3525 ·

223 3686 229 3697 ,
268 3621 468 3710 proprietas
503 3620 623 3690 totalis
669 3619 711 3690 ad
749 3600 995 3692 monasterium
1033 3617 1314 3701 Andrzeouiense
1346 3618 1512 3709 pertinet.
1569 3618 1608 3690 ln
1646 3640 1714 3711 qua
1749 3628 1830 3707 suut

159 3724 161 3728 ’
271 3738 363 3811 lanei
389 3739 637 3829 emethooales,
663 3744 700 3810 et
718 3738 864 3829 quilibet
880 3737 995 3817 „solvit
1021 3758 1086 3831 pro
1104 3758 1208 3810 seusu
1228 3793 1235 3809 .
1311 3792 1318 3808 .
1339 3793 1360 3827 .,
1387 3737 1471 3825 item
1498 3759 1585 3827 oua;
1611 3739 1694 3812 item
1722 3740 1829 3830 labor,

272 3861 356 3943 item
382 3858 542 3956 poroobo,
570 3861 653 3933 item
672 3882 819 3955 ooazyep,
846 3860 928 3939 Item
946 3859 1128 3938 tabernae,
1155 3860 1238 3930 item
1258 3842 1450 3949 hortulani,
1478 3860 1561 3932 item
1588 3860 1830 3953 molendinum.

272 3980 360 4053 Item
388 4002 506 4053 omues
537 3981 613 4070 agri
639 3976 743 4053 villae
770 3980 910 4067 solvunt
935 3985 974 4053 et
990 3981 1187 4087 conducunt
1228 4001 1292 4073 pro
1319 3982 1530 4083 monasterio
1558 3981 1831 4056 Audrzeoviensi

239 4142 242 4148 ·
273 4103 440 4187 decimam
475 4103 720 4194 manipularem
758 4085 794 4193 et
829 4103 1049 4193 canapalem,
1079 4109 1116 4203 et
1149 4102 1247 4175 valor
1281 4103 1358 4176 eius
1384 4088 1589 4175 aestimatur
1614 4088 1660 4177 ad
1688 4151 1831 4178 ......

274 4221 602 4311 Confluat......
744 4280 775 4295 ..
1168 4278 1238 4303 ,.
1374 4300 1378 4311 ,

308 4422 310 4431 ,
376 4343 587 4437 Wouucm,
614 4344 698 4431 villa
723 4343 787 4417 snb
814 4328 980 4435 parochia
1015 4343 1060 4415 de
1087 4340 1368 4445 Gyemyeluo
1395 4345 1483 4434 sita,
1509 4346 1608 4421 auius
1634 4349 1830 4439 proprietas
1948 4432 1956 4445 .

259 4467 397 4538 ‘totalis
438 4466 487 4537 ad·
509 4467 756 4538 monasterium
785 4464 1065 4537 Andrzeouieuse
1092 4465 1255 4555 pertinet.
1294 4464 1335 4537 In
1362 4486 1430 4555 qua
1456 4472 1536 4538 suut
1562 4468 1658 4553 lanei.
1679 4471 1831 4543 emetbo·
1919 4490 1961 4539 ν.
2026 4508 2031 4517 ⁴

275 4589 370 4689 noles
398 4594 435 4659 et
453 4589 599 4678 quilibet
625 4587 730 4659 solvit
755 4608 818 4678 pro
837 4606 943 4659 censu
962 4642 1095 4677 ......
1124 4587 1207 4659 item
1234 4608 1318 4676 ava,
1345 4587 1427 4659 ita'm
1446 4587 1571 4689 gallos,
1599 4590 1682 4661 item
1701 4611 1830 4682 caseos3

277 4708 359 4799 item
387 4709 506 4799 labor,
534 4710 617 4779 item
636 4688 799 4803 munim,
825 4709 908 4780 item
926 4729 1074 4804 osazyep,
1101 4688 1185 4781 item
1211 4708 1389 4785 tabernae,
1418 4709 1499 4781 item
1518 4710 1704 4792 hortulani.
1742 4692 1832 4785 Item

274 4837 328 4905 est
354 4831 390 4903 iu
416 4831 537 4903 eadem
564 4830 646 4901 villa
672 4830 805 4920 pisoina
831 4850 955 4920 magna
981 4829 1212 4919 coenobialis,
1239 4830 1274 4901 in
1294 4851 1362 4919 qua
1389 4835 1443 4902 est
1470 4830 1711 4924 molendinum,
1739 4834 1832 4925 quoa

275 4951 379 5025 solvit
405 4951 492 5023 duas
519 4955 703 5041 metretas,
730 4956 871 5041 praeter
896 4952 1040 5042 braseo,
1068 4971 1165 5043 quae.
1184 4952 1301 5039 omnia
1329 4953 1576 5027 monasterium
1603 4953 1704 5031 tollit
1724 4955 1832 5028 oltem

276 5066 442 5145 decimam
469 5080 548 5164 post
574 5094 677 5162 agros
705 5072 806 5143 villae
833 5052 972 5144 solvunt
998 5078 1034 5144 et
1058 5071 1255 5144 conducunt
1280 5074 1480 5145 emethoues
1507 5095 1571 5165 pro
1589 5079 1832 5167 praepositura

277 5192 313 5263 iu
340 5188 639 5286 Gyemyelno‚
665 5199 702 5264 et
729 5195 827 5265 valor
853 5195 928 5265 eius
956 5194 1162 5269 aestimatur
1188 5194 1233 5264 ad
1261 5249 1376 5265 .....

347 5392 349 5397 ,
381 5315 598 5406 hossanna,
635 5315 718 5389 villa
753 5316 1011 5407 subparocluia
1045 5315 1236 5420 ecelesiae·
1255 5316 1298 5387 de
1324 5294 1583 5393 Andraeou
1609 5310 1714 5410 sita,T
1735 5321 1834 5393 cuius
1902 5408 1904 5413 Ι
1993 5382 1999 5393 .

278 5438 476 5535 proprietas
489 5438 608 5521 totalis
628 5439 672 5511 ad
689 5438 936 5532 monasterium
953 5427 1410 5545 Andraeoviense.peminet.
1435 5439 1554 5530 Inqua
1567 5461 1636 5513 riou
1647 5446 1729 5513 suot
1742 5441 1835 5513 lanei

278 5558 532 5648 umethonales‚
560 5561 807 5631 monasterium
835 5559 926 5630 enim
947 5556 1228 5653 Audrzeomeuse
1264 5565 1411 5652 propter
1437 5561 1729 5651 propinquitatem
1758 5562 1832 5652 loci,

239 5692 241 5698 '
280 5685 317 5750 et
343 5682 538 5752 ubertatem
567 5701 745 5770 agrorum,
773 5679 1015 5751 emethooibns
1042 5679 1223 5770 depositis,
1251 5700 1369 5750 omnes
1397 5701 1500 5769 agros
1527 5681 1629 5753 villae
1657 5670 1833 5773 praefatae

279 5802 314 5872 in
341 5801 521 5893 praedium
557 5808 594 5873 et
628 5803 806 5893 grangiam
834 5801 990 5891 redegit,
1027 5803 1062 5873 iu
1090 5802 1150 5874 illo
1186 5822 1322 5892 quoque
1359 5802 1504 5893 praedio
1540 5802 1700 5877 foventur
1726 5806 1834 5877 multa

177 5948 179 5952 ·
277 5943 421 6013 pecora,
448 5923 492 5995 ad
520 5944 603 5995 usus
630 5923 830 5995 monasterii
858 5922 1063 6031 necessaria,
1092 5922 1135 5993 de
1163 5924 1259 6013 agris
1286 5928 1401 5995 autem
1430 5924 1564 6014 praedii
1592 5924 1736 6015 praelati
1765 5948 1834 5998 nou

279 6044 382 6116 solvit
417 6044 520 6117 alieni
556 6045 724 6119 decimam
760 6043 1027 6134 manipularem,
1058 6044 1127 6114 sed
1166 6045 1417 6117 monasterium
1459 6045 1739 6119 Audrzeovionse
1771 6069 1835 6137 pro

281 6186 318 6236 se
345 6165 438 6249 illam
466 6166 568 6257 tollit,
596 6172 631 6238 et
658 6168 694 6238 in
712 6167 874 6238 horreum
902 6186 1000 6236 suum
1029 6164 1170 6238 inducit.
1211 6164 1298 6237 Item
1327 6168 1362 6236 in
1390 6167 1510 6239 eadem
1537 6168 1620 6239 villa
1646 6175 1728 6240 sunt
1755 6170 1836 6243 luor-

284 6288 437 6360 tulauiae
473 6289 641 6362 habentes
676 6309 798 6379 agros,
842 6292 878 6359 et
916 6286 1093 6378 quaelibet
1128 6286 1325 6376 hortularia
1360 6343 1474 6360 .....
1522 6290 1609 6362 Item
1644 6292 1680 6362 io
1717 6291 1857 6364 eadem.

280 6405 365 6483 ¹villa
392 6415 446 6482 est
472 6411 574 6482 vitrea
600 6410 820 6499 monasterii,
848 6430 890 6480 ex
920 6409 1279 6501 qua‘administratur
1314 6411 1431 6493 ripum
1459 6411 1504 6485 ad
1520 6413 1710 6505 saciifiaia,
1729 6413 1836 6489 sam
