4217 8059
316 1468 391 1537 204

316 1672 486 1760 laborant,
514 1671 597 1741 item
622 1670 789 1743 tabernae
816 1690 885 1741 non
914 1675 1003 1759 sunt,
1029 1690 1099 1741 non
1126 1673 1209 1743 sunt
1234 1669 1466 1761 hortulaniae,
1490 1671 1575 1743 item
1594 1669 1773 1762 praedium
1791 1690 1869 1745 coe·

316 1792 451 1863 nobiale
479 1812 546 1862 non
574 1796 627 1861 est
653 1790 713 1879 ibi;
740 1791 823 1861 item
851 1811 969 1861 omnes
997 1792 1071 1881 agri
1101 1789 1204 1863 villae
1222 1790 1362 1864 solvunt
1388 1791 1567 1883 decimam,
1595 1793 1679 1863 item
1707 1793 1868 1887 scultetis

313 1920 366 1983 est
393 1912 451 2001 ibi,
480 1932 568 2001 quae
595 1911 702 1983 habet
728 1910 814 1982 duos
842 1909 970 2000 laneos,
998 1931 1087 2027 quae
1113 1909 1157 1982 de
1184 1912 1256 1983 suis
1283 1912 1378 2003 agris
1404 1911 1564 2003 decimat
1590 1912 1674 1984 item
1703 1933 1767 2003 pro
1794 1920 1868 1984 sta·

311 2033 405 2105 tione
433 2033 570 2103 abbatis
598 2032 737 2104 solvunt
763 2037 839 2103 octo
858 2046 1001 2121 grossos
1028 2052 1093 2123 pro
1112 2033 1283 2121 carnibus,
1311 2040 1347 2103 et
1363 2032 1514 2104 medium
1533 2033 1669 2105 octuale
1687 2035 1867 2123 cervisiam

312 2156 393 2225 item
423 2174 541 2225 omnes
567 2153 659 2225 lanei
696 2152 835 2243 solvunt
870 2152 1047 2225 decimam.
1092 2152 1254 2235 Confluat
1280 2175 1357 2226 cum
1384 2153 1636 2245 Brzqstek,
1676 2154 1698 2227 J
1708 2170 1866 2227 annau

311 2276 534 2363 kowicze,
562 2274 886 2364 Sumarszowa,
913 2274 1239 2367 Kamyeuicza

414 2396 627 2485 Kauczczu,
664 2395 745 2467 villa
772 2396 940 2467 habens
931 2418 966 2467 un
994 2418 1032 2467 se
1060 2397 1292 2487 parochialem
1328 2394 1508 2467 ecclesiam
1535 2395 1654 2469 Sancti
1681 2338 1865 2489 uolunt,

312 2519 488 2589 matricem
516 2517 629 2608 illius,
670 2538 758 2607 quae
786 2518 875 2597 est
867 2539 901 2589 m
930 2517 1217 2607 Brzostbelr,
1244 2525 1280 2589 et
1307 2524 1455 2608 utraque
1482 2539 1587 2590 unum
1614 2518 1721 2591 babet
1746 2518 1865 2609 pleba-

311 2661 402 2710 num.
428 2640 467 2709 ln
497 2660 564 2729 qua
591 2645 672 2709 sunt
699 2646 849 2729 quatuor
884 2638 975 2709 lanei
1003 2638 1240 2713 cmethonales
1267 2639 1303 2709 in
1330 2658 1373 2710 ea
1399 2644 1519 2729 parte,
1555 2640 1599 2710 in·
1618 2658 1688 2730 qua
1715 2638 1783 2711 sita
1807 2648 1864 2711 est

311 2760 465 2850 ecclesia,
492 2767 528 2831 et
554 2758 659 2831 solvit
685 2759 832 2850 quilibet
846 2814 1014 2848 .......
1042 2762 1123 2831 item
1151 2781 1228 2849 oua,
1255 2760 1337 2831 itctn
1364 2759 1487 2849 gallos,
1514 2762 1752 2850 itemcaseos,
1780 2761 1872 2833 item-

299 2883 466 2971 ²taberna,
493 2883 575 2953 item
603 2881 771 2970 plebanus
799 2881 904 2953 habet
930 2882 978 2953 ibi
1006 2883 1167 2972 proprios
1194 2901 1299 2973 agros
1333 2880 1536 2973 praediales.
1581 2882 1669 2955 Item
1696 2881 1741 2954 de
1766 2883 1863 2973 agris

309 3002 475 3092 praelatis
503 3003 649 3074 soluitur
685 3002 818 3073 decima
853 2986 1043 3092 pecunialis
1071 3004 1290 3077 monasterio·
1310 3001 1536 3093 Thyncieusi,
1572 3003 1655 3073 item
1682 3000 1864 3093 praedium

290 3102 292 3107 ’
309 3124 507 3195 coenobiale
526 3145 595 3195 non
614 3130 667 3195 est
685 3123 719 3193 iu
740 3120 860 3193 eadem
889 3122 978 3213 villa,
1007 3124 1090 3195 item
1118 3125 1264 3201 taberna
1282 3144 1352 3195 una
1368 3123 1571 3195 monasterii
1582 3176 1585 3181 ·
1597 3104 1731 3196 babens
1747 3143 1864 3215 agroru

309 3250 344 3321 et
370 3245 479 3316 solvit
502 3245 713 3317 monasterio
741 3264 804 3334 pro
833 3265 936 3316 censu
956 3301 963 3316 .
982 3300 990 3315 .
1010 3301 1017 3315 .
1036 3300 1071 3315 ..
1108 3245 1194 3316 Item
1222 3246 1257 3317 in
1285 3244 1398 3317 altera
1423 3252 1525 3336 parte
1552 3236 1662 3317 villae
1682 3250 1765 3317 suut
1790 3243 1866 3319 duo'

308 3367 452 3455 praedia
488 3346 652 3437 militaria
689 3364 987 3438 Crurilonum
1028 3365 1072 3437 de
1109 3367 1214 3437 armis
1248 3364 1513 3458 Korczaky3
1553 3373 1635 3439 suut
1670 3367 1777 3439 etiam
1812 3366 1863 3465 ibi

307 3489 505 3559 cmethones
534 3487 577 3558 ad
606 3486 802 3576 praedictos
830 3486 956 3557 milites
984 3487 1217 3577 pertinentes,
1257 3493 1294 3558 et
1322 3494 1395 3559 tam
1425 3484 1554 3559 milites
1581 3508 1684 3579 quam
1709 3488 1863 3561 emerbo-

308 3629 368 3678 nes
396 3629 514 3678 eorum
552 3596 725 3679 decimant
760 3608 927 3678 ecclesiae
956 3598 1243 3679 in‘Kleczcze
1279 3608 1458 3697 decimam,
1494 3609 1554 3681 sed
1592 3608 1681 3681 hanc
1715 3614 1862 3700 parterm

209 3728 212 3735 '
308 3750 397 3799 anno
430 3730 526 3799 1370
555 3736 690 3801 mortuo
727 3727 958 3799 casimiro
994 3727 1203 3801 Secundo
1240 3728 1404 3801 Poloniae
1431 3750 1513 3819 rege
1549 3730 1698 3829 praelati
1730 3728 1859 3801 milites

307 3856 342 3919 ct
369 3869 487 3920 eorum
513 3857 676 3944 parentes
705 3848 875 3920 violenter
901 3851 1113 3922 monasterio
1141 3850 1372 3939 abstulerunt,
1399 3856 1435 3921 et
1460 3850 1618 3923 detinent
1646 3852 1774 3923 iniuste
1800 3870 1858 3939 oc·

307 3976 477 4058 cupatam.
506 3966 1088 4059 Confinatcuanlaszkowa,
1123 3968 1411 4059 Dambrowa,
1449 3968 1685 4061 Gogolow,
1724 3970 1860 4044 Brau-

308 4089 467 4177 saner,
495 4088 537 4157 ιι
548 4088 589 4159 01
599 4109 661 4177 ys
1630 4110 1635 4119 ·
1954 4072 1958 4079 '

411 4210 617 4298 anrsznn,
647 4208 763 4279 villa
754 4231 789 4279 ιιι
818 4216 967 4299 quaest
994 4213 1140 4284 ecclesia
1165 4212 1376 4303 parochialis
1403 4212 1528 4303 lignea,
1556 4210 1705 4285 Sanctae
1723 4211 1859 4309 Mariae

305 4308 533 4421 bliqdalenae
569 4330 700 4419 dicata,
719 4330 832 4401 cuius
867 4332 1064 4420 proprietas
1100 4334 1252 4423 pertinet
1236 4334 1328 4405 tad
1355 4334 1612 4405 monasterium
1639 4331 1854 4407 Tbincieuac

304 4453 342 4523 ln
371 4473 439 4542 qua
466 4458 547 4523 sunt
532 4452 664 4522 tlanei
682 4451 926 4542 cmethonales,
952 4458 988 4522 et
1014 4451 1118 4524 solvit
1143 4454 1289 4543 quilibet
1307 4475 1371 4544 pro
1389 4473 1493 4527 censu
1494 4508 1541 4527 .....
1567 4455 1602 4527 in
1621 4474 1755 4525 summa
1772 4475 1855 4545 pro-

306 4576 447 4646 veniunt
473 4582 545 4644 tres
561 4593 708 4649 ¹marcae
735 4580 772 4645 et
798 4578 877 4645 octo
903 4574 1035 4663 grossi,
1071 4574 1184 4644 miuus
1211 4574 1345 4653 duobus
1372 4575 1642 4667 quadrantibus,
1679 4577 1762 4647 item
1790 4596 1858 4648 ova

304 4697 459 4784 triginta,
487 4695 570 4765 item
597 4694 709 4783 gallos
736 4694 832 4784 duos,
861 4694 942 4763 item
970 4713 1090 4765 caseos
1108 4692 1206 4782 duos;
1232 4695 1315 4765 item
1343 4694 1504 4769 laborant
1530 4694 1688 4792 iutrzyni,
1713 4696 1857 4787 arando,

305 4817 523 4905 seminando,
562 4836 665 4903 agros
693 4814 872 4904 metendo,
907 4813 1129 4885 conducendo
1164 4812 1358 4905 frumenta3
1393 4816 1476 4887 item
1502 4839 1680 4911 oprawarn
1706 4817 1858 4909 solvam,

159 4920 181 4977 ³
305 4961 408 5011 nuunr
436 4938 625 5023 lentorem,
661 4956 725 5024 pro
751 4932 898 5029 obpedne
926 4934 1072 5005 mediam
1108 4955 1258 5007 marcam
1294 4937 1512 5028 ernetboues,
1548 4939 1713 5011 scoltetus
1749 4960 1870 5037 unum*

150 5056 159 5071 “
303 5060 492 5145 fertonem
530 5058 611 5127 item
641 5077 711 5127 una
733 5058 881 5127 taberna
907 5057 1111 5128 monasterii
1147 5057 1280 5130 babens
1307 5078 1428 5149 agros,
1465 5066 1502 5129 et
1528 5058 1633 5131 solvit
1655 5080 1722 5150 pro
1748 5080 1855 5133 censu

305 5178 515 5251 morrosterio
543 5186 615 5249 tres
642 5198 795 5267 ururcas;
830 5177 941 5249 altera
967 5178 1123 5269 scolteti,
1158 5183 1195 5249 et
1220 5186 1369 5271 utraque
1403 5179 1576 5251 decimam
1602 5180 1853 5270 manipularem

305 5301 409 5373 solvit
441 5300 589 5389 plebano
616 5299 651 5368 in
679 5298 926 5389 Brzyszka
967 5299 1053 5370 ltem
1082 5299 1301 5371 lrortulaniae
1325 5320 1456 5385 ‚nouem
1483 5300 1651 5372 babentes
1678 5320 1791 5391 agros,
1819 5307 1857 5373 et

302 5422 406 5493 solvit
447 5420 622 5511 quaelibet
660 5440 765 5491 uuum
800 5420 942 5491 chorum
970 5420 1117 5509 siliginis
1144 5428 1180 5493 et
1207 5421 1293 5492 duas
1318 5418 1418 5491 biars
1436 5422 1558 5512 canapi
1585 5421 1664 5512 puri
1689 5421 1854 5512 plebano.

302 5544 390 5615 item
431 5550 484 5613 est
524 5541 572 5613 ibi
599 5541 760 5613 scoltetia
794 5542 926 5614 liabens
962 5541 1080 5613 laneos
1111 5541 1199 5619 duos
1225 5550 1261 5613 et
1286 5542 1453 5615 decimam
1489 5542 1594 5615 solvit
1633 5541 1677 5633 de
1704 5549 1881 5635 utroque·

303 5685 366 5755 per
392 5662 561 5733 fertonem
589 5662 755 5733 ecclesiae
784 5662 818 5731 in
855 5662 1075 5753 Brzyska.
1103 5662 1207 5733 item
1234 5663 1277 5734 de
1304 5684 1409 5735 censu
1437 5663 1541 5735 villae
1567 5661 1669 5755 tollit.
1687 5662 1856 5737 scoltetus

303 5784 450 5855 mediam
478 5804 629 5854 marcam
655 5804 719 5873 pro
747 5804 810 5854 sua
835 5791 944 5873 parte.
971 5782 1060 5855 Item
1078 5791 1133 5856 est
1150 5784 1199 5856 ibi
1217 5784 1449 5857 molendinum
1468 5785 1505 5856 iu
1523 5783 1662 5856 flumine
1690 5782 1856 5855 Wislo·
1967 5806 1971 5813 ·

303 5906 357 5976 ka
384 5904 596 5994 monasterii,
623 5904 666 5974 de
693 5924 761 5994 quo
790 5888 976 5977 solvuntur
996 5910 1174 5977 metretae.
1217 5905 1306 5980 item
1333 5924 1452 5977 omues
1479 5906 1555 5995 agri
1582 5904 1686 5976 villae
1713 5905 1855 5977 solvunt

303 6026 467 6097 decimam
494 6046 559 6116 pro
586 6025 736 6114 plebano¹
760 6026 795 6095 in
823 6026 1081 6117 Brzrszka,
1116 6027 1177 6119 sed
1204 6028 1319 6116 varie,
1355 6046 1436 6097 nam
1462 6025 1570 6117 aliqui
1606 6026 1683 6117 agri
1713 6024 1855 6099 solvunt

240 6126 242 6131 ’
302 6146 495 6235 manipulo,
522 6151 558 6216 et
586 6142 683 6217 valor
710 6146 754 6217 ad
780 6150 852 6217 tres
880 6167 1030 6238 inarras,
1064 6148 1125 6219 alii
1152 6147 1300 6237 pecunia
1325 6167 1388 6236 per
1414 6142 1604 6238 fertonem,
1639 6146 1736 6219 valor
1763 6146 1854 6219 duae

301 6288 437 6337 marcae
465 6288 524 6337 sex
551 6268 683 6356 grossi,
718 6268 779 6339 alii
804 6289 932 6357 grano,
969 6290 1075 6343 unum
1102 6266 1418 6357 chorum-siliginis
1445 6290 1551 6341 unum
1578 6288 1719 6341 avenae.
1764 6266 1854 6367 item

300 6397 355 6460 est
381 6390 429 6461 ibi
456 6389 635 6478 praedium
663 6390 870 6479 coenobiale,
898 6390 941 6461 dc
960 6391 1057 6460 cuius
1075 6388 1169 6477 agris
1198 6388 1344 6460 soluitur
1371 6387 1505 6461 decima
1531 6388 1760 6479 manipularis
1786 6409 1851 6479 pro

1492 6674 1582 6755 'Ji‘-
