4217 8059
293 1473 367 1546 478
401 1500 405 1505 ·

291 1683 358 1754 liae
385 1688 421 1754 et
448 1680 704 1754 Mediolani
731 1691 864 1775 partes,
892 1706 955 1756 suo
974 1682 1107 1774 rigasse
1134 1678 1304 1775 dogmate,
1331 1681 1376 1756 ad
1395 1691 1512 1774 partes
1542 1680 1635 1755 ultra
1662 1693 1846 1758 montanas

292 1825 335 1876 ex
362 1804 484 1875 Italiae
512 1803 583 1875 oris
612 1803 842 1895 descendens,
869 1806 965 1877 etin
995 1796 1194 1897 Almania'e,
1219 1804 1413 1896 Paeoniae,
1441 1805 1631 1897 Moraviae,
1658 1806 1848 1905 Bohemiae

291 1932 328 1995 et
355 1922 519 1996 Poloniae
555 1925 672 2014 regnis
718 1925 860 1996 verbum
898 1925 961 1996 Dei
999 1925 1219 2016 fiducialiter,
1258 1926 1397 2017 fulgens·
1420 1925 1599 2016 doctrina,
1636 1928 1725 2017 vita,
1762 1948 1844 2019 pro·

278 2036 397 2136 'digiis
437 2054 473 2115 et
508 2045 674 2136 exemplis
717 2046 971 2137 praedicasset,
1021 2048 1056 2118 in
1092 2038 1267 2119 civitatem
1308 2046 1617 2119 Vratislaviensem
1658 2048 1846 2139 metropoli

290 2162 486 2237 Gneznensi
522 2165 731 2257 subiectam,
767 2175 804 2238 et
829 2167 873 2238 ad
910 2166 1008 2257 regni
1043 2165 1207 2241 Poloniae
1238 2188 1364 2261 corpus
1391 2168 1473 2240 olim
1509 2169 1740 2259 pertinentem
1767 2188 1845 2241 curn

291 2288 458 2360 comitatu
484 2287 732 2378 surpervenit
771 2286 876 2357 Fama
894 2293 1009 2359 antem
1029 2286 1104 2359 eius
1122 2294 1158 2360 et
1174 2287 1269 2361 vitae
1297 2290 1526 2361 sanctimonia
1552 2297 1657 2380 atque
1676 2289 1845 2378 doctrina,

291 2406 519 2498 Sbigneus
546 2408 640 2480 tituli
667 2408 814 2479 Sanctae
842 2407 999 2497 Priscae,
1027 2407 1174 2480 Sanctae
1193 2408 1368 2481 Romanae
1395 2408 1572 2483 Ecclesiae
1599 2410 1783 2502 presbyter
1809 2416 1847 2481 et

291 2529 496 2618 cardinalis,
523 2537 560 2600 et
587 2529 768 2619 episcopus
797 2526 1036 2601 cracoviensis
1064 2529 1219 2618 illectus,
1245 2529 1440 2630 Jobannem
1466 2530 1704 2622 Dlugoscb
1732 2532 1846 2603 senio-

291 2672 364 2723 rem
392 2649 592 2721 canonicum
621 2648 884 2747 cracoviensem
912 2650 1137 2720 secretarium
1166 2671 1264 2723 snum
1292 2652 1327 2722 in
1357 2651 1702 2725 Vratislaviam
1729 2661 1846 2723 trans-

290 2772 403 2863 misit,
439 2772 604 2862 quicum
638 2769 721 2842 licet
751 2768 962 2842 renitentem
997 2778 1303 2863 recusantemque,
1338 2771 1505 2846 instincto
1541 2780 1656 2845 tamen
1692 2772 1846 2864 Spiritus

289 2894 355 2966 Dei
383 2895 608 2966 violentatnm
635 2899 672 2964 et
690 2891 819 2965 iussum
846 2897 950 2983 atque
963 2898 1137 2987 ¹coactum,
1165 2891 1436 2966 Gracoviam
1464 2895 1499 2964 in
1518 2894 1574 2965 die
1593 2894 1695 2967 Beati
1722 2894 1844 2985 Augu-

289 3017 372 3088 stini
400 3036 490 3086 anno
517 3014 656 3085 Domini
688 3014 786 3087 1450
813 3067 928 3084 .....
954 3012 1136 3105 perduxit,
1163 3014 1216 3086 cui
1246 3023 1282 3086 et
1300 3014 1553 3086 illustrissimus
1580 3012 1845 3087 Casimirus

164 3158 168 3165 ·
290 3158 350 3209 rex
377 3136 542 3208 Poloniae
569 3138 606 3208 et
623 3120 844 3207 serenissima
869 3134 1021 3224 genitrix
1047 3156 1110 3206 sua
1137 3135 1316 3225 Zoplria
1343 3142 1378 3206 et
1400 3136 1582 3226 'praelatus
1609 3135 1845 3227 Sbigneus

289 3259 472 3350 episeopus
499 3255 756 3346 Gracoriensia,
781 3260 824 3329 'et
852 3254 963 3328 omnis
989 3256 1113 3328 militia
1141 3262 1245 3346 atque
1271 3257 1435 3347 baronia,
1467 3265 1503 3328 et
1530 3258 1640 3329 omnis
1667 3257 1788 3328 clerus·
1808 3265 1845 3328 et

281 3368 437 3470 'populus
472 3376 730 3467 Gracoviensis,
764 3376 862 3449 iuxta
896 3397 937 3447 ac
965 3397 1091 3448 numen
1128 3377 1265 3467 aliquod
1302 3377 1454 3449 divinum
1484 3398 1524 3448 ac
1552 3378 1700 3449 coeleste
1728 3399 1845 3449 snsce-

290 3500 394 3590 pturi,
422 3500 463 3571 ad
485 3497 670 3589 septimum
697 3496 846 3588 lapidem
875 3497 1076 3589 etamplius
1094 3498 1231 3569 obviam
1249 3507 1512 3587 processerunt,
1540 3498 1763 3569 excellentem
1792 3498 1844 3569 illi

289 3621 525 3711 honestatem,
561 3620 697 3712 qualern
733 3618 870 3710 etipse
906 3638 1081 3709 nunquam
1118 3638 1155 3689 se
1182 3618 1218 3689 in
1246 3620 1319 3691 vita
1345 3639 1409 3691 sua
1444 3619 1572 3690 vidisse
1603 3628 1665 3690 ant
1692 3621 1844 3690 sensisse

291 3743 488 3831 asserebat,
507 3739 748 3831 impendentes
767 3738 869 3830 adeo,
886 3742 928 3811 ut
944 3738 1038 3811 dictu
1057 3739 1236 3829 Valerii,
1255 3739 1347 3830 qnod
1365 3738 1408 3811 de
1426 3738 1649 3830 Scipione
1668 3740 1842 3830 superiori

289 3863 470 3953 scripsisse
505 3856 601 3932 illum
637 3840 791 3950 constat,
826 3859 894 3933 sibi
930 3866 1122 3950 competat,
1162 3861 1219 3931 Dii
1256 3860 1467 3933 immortales
1503 3862 1700 3933 bominibus
1736 3862 1766 3931 si
1803 3882 1842 3932 se

288 3980 452 4072 oderant,
488 3981 564 4073 plus
601 3979 836 4053 venerationis
871 4000 940 4054 non
976 3988 1093 4053 essent
1129 3981 1314 4072 accepturi.
1362 3980 1402 4052 ln
1436 3980 1588 4055 adventu
1625 3981 1742 4074 itaque
1768 3986 1841 4052 tarn
1921 4072 1924 4077 Ι

290 4104 403 4175 sancti
428 4108 569 4192 tamque
596 4101 813 4173 celeberrimi
840 4100 923 4191 viri,
950 4101 1032 4175 licet
1063 4100 1324 4173 Oasimirus
1351 4100 1515 4175 Poloniae
1540 4121 1603 4173 rex
1629 4101 1706 4174 loca
1731 4101 1843 4193 plora,

290 4243 378 4315 qnae
404 4224 481 4297 viro
516 4222 581 4294 Dei
608 4242 730 4314 parurn
758 4222 883 4294 idonea
919 4216 1141 4312 videbantur,
1168 4223 1368 4313 obtulisset,
1395 4221 1637 4313 Sbigncns'
1653 4222 1842 4294 cardinalis

183 4384 202 4439 g
288 4352 325 4418 et
352 4346 533 4437 episcopus
560 4342 800 4414 Oracoviensis
827 4342 1021 4433 praelatus,
1053 4343 1090 4415 in
1117 4343 1259 4434 praedio
1286 4352 1323 4414 et
1350 4364 1433 4415 area
1458 4342 1579 4415 fratris
1605 4344 1657 4415 sni
1684 4345 1843 4433 germani

157 4462 180 4543 Τ
288 4464 459 4539 lobannis
485 4465 529 4537 de
555 4462 866 4536 Oleschnicza
891 4463 1036 4554 palatini
1065 4461 1368 4554 Sandomiriensis,
1396 4464 1430 4535 in
1458 4463 1625 4536 snbnrbio
1651 4462 1841 4535 Strado·

289 4588 375 4658 mia
401 4587 479 4676 sita,
505 4605 596 4658 anno
623 4584 743 4657 eodem
770 4580 930 4675 fundarit
957 4589 993 4656 et
1018 4585 1144 4671 erexit,
1172 4605 1214 4654 ex
1234 4585 1336 4674 lignis
1365 4604 1500 4675 quoqne
1528 4591 1563 4655 et
1581 4583 1741 4655 trabibus
1767 4604 1841 4655 rno-

289 4709 477 4780 nasterinm
513 4715 550 4779 et
576 4705 680 4778 cellas
716 4726 779 4795 pro
806 4704 916 4776 servis
943 4703 1009 4777 Dei
1050 4704 1266 4795 aedificarit,
1289 4716 1338 4776 'ac
1366 4709 1547 4795 praesente
1583 4704 1697 4777 adbuc
1730 4704 1843 4777 fratre

276 4828 498 4901 debanna
534 4827 818 4918 Capistrano
854 4826 888 4896 in
926 4824 1154 4898 Oracoria
1190 4828 1224 4896 in
1261 4826 1441 4897 ecclesiam
1477 4826 1542 4897 sub
1578 4824 1682 4897 titolo
1718 4825 1840 4897 Sancti

290 4948 521 5035 Bernhardini
552 4948 769 5021 consecravit
794 4955 831 5021 et
857 4946 1053 5037 benedixit,
1085 4968 1175 5038 quae
1202 4955 1322 5038 postea
1350 4948 1422 5019 snis
1449 4948 1604 5037 pecuniis
1631 4955 1667 5018 et
1694 4948 1840 5039 sumpti-

289 5072 352 5142 bns
380 5092 421 5143 ex
450 5091 548 5142 muro
575 5068 689 5141 coctili
717 5069 751 5138 in
780 5068 884 5141 decus
911 5069 1059 5159 praefati
1096 5067 1213 5140 Sancti
1242 5068 1474 5140 Bernhardini
1501 5066 1567 5139 init
1593 5075 1630 5138 ot
1657 5066 1841 5139 aedificata-

288 5200 324 5262 ot
350 5206 560 5262 consecrata.
600 5190 647 5260 Et
672 5190 715 5261 ab
744 5190 803 5260 illo
830 5197 986 5280 tempore
1023 5191 1109 5262 ordo
1136 5189 1284 5261 fratrum
1320 5189 1495 5260 Minornm
1532 5187 1576 5260 de
1606 5185 1841 5261 Obseruantia

288 5313 332 5384 ab
360 5312 435 5402 ipso
462 5312 610 5402 primum
642 5310 854 5382 Johanne
881 5310 1165 5401 Capistrano
1193 5311 1369 5401 plantatus
1397 5317 1432 5381 et
1458 5309 1640 5399 fundatus,
1668 5310 1703 5380 in
1730 5330 1840 5399 regno

287 5434 452 5511 Poloniae
479 5441 515 5504 et
534 5432 752 5524 pertinentiis
779 5432 854 5503 eius
872 5434 986 5522 coepit
1004 5432 1212 5520 clarescere,
1240 5432 1379 5504 dilatari
1407 5438 1444 5502 et
1462 5428 1616 5502 diffundi.
1656 5428 1840 5502 Praefatur

288 5561 404 5627 autern
422 5554 630 5627 lohannes
649 5554 936 5644 Capistranus,
955 5575 1029 5624 cunr
1051 5554 1085 5624 in
1099 5551 1265 5625 Poloniae
1284 5574 1391 5643 regno
1410 5560 1447 5624 et
1460 5553 1600 5623 civitate
1619 5550 1841 5623 cracoviensi

284 5668 431 5749 ¹verbum
462 5676 696 5767 evangelicum
724 5675 995 5764 disseminando,
1031 5675 1158 5744 multas
1196 5673 1393 5764 praeclams
1430 5673 1581 5745 virtutes
1617 5671 1842 5762 ostendisset,

287 5818 329 5868 er
348 5796 493 5869 Polonia
519 5817 679 5887 egressus
700 5798 736 5868 in
753 5796 965 5867 Pannoniam
986 5814 1022 5865 su
1042 5795 1204 5885 contulit,
1231 5802 1268 5865 et
1286 5794 1474 5865 Turcarnm
1495 5814 1669 5865 caesarem
1688 5792 1839 5865 Mabo-

208 6008 211 6017 .
287 5920 407 5990 meth
435 5918 593 5990 maximis
613 5917 758 6008 viribus,
785 5916 942 5987 maximis
961 5916 1128 6006 potentiis
1156 5916 1298 5987 Albam
1328 5915 1477 6006 regalem
1507 5916 1542 5986 in
1561 5914 1708 5986 Roscia
1732 5934 1837 6005 quam

289 6040 542 6113 Thaurinnm
561 6045 698 6111 veteres
712 6058 881 6110 vocavere
899 6037 942 6108 ad
958 6036 1197 6108 confluentiam
1216 6037 1367 6107 Danubii
1380 6043 1417 6107 et
1430 6035 1541 6108 Sarae
1559 6036 1663 6108 sitnm
1678 6036 1841 6108 obsiden-

285 6170 354 6233 tem
383 6168 419 6234 et
445 6168 545 6232 nocte
572 6165 677 6250 atque
703 6158 856 6231 interdiu
883 6165 1151 6252 oppugnantem,
1178 6159 1252 6229 sola
1279 6159 1438 6228 oratione
1464 6164 1500 6229 et
1528 6159 1775 6229 intercessione
1801 6158 1839 6230 im

286 6289 401 6353 castro
427 6282 556 6353 milites
574 6282 765 6353 exhortans
791 6288 828 6352 et
847 6280 1061 6369 declamans,
1088 6280 1123 6349 in
1142 6300 1211 6369 qno
1229 6299 1292 6350 nec
1311 6285 1394 6350 tnnc
1412 6277 1589 6350 lohannes
1607 6278 1651 6350 de
1669 6276 1838 6369 Hnnyatb

286 6406 386 6493 regni
421 6401 621 6493 Hungan'ae
656 6402 871 6491 gubernator
905 6402 1097 6495 potentiam
1134 6400 1262 6471 lbnrci
1290 6401 1423 6471 veritus
1458 6400 1650 6472 consistere
1676 6399 1840 6489 audebat,
