4217 8059
1757 1496 1833 1569 405

387 1688 557 1763 Wrunrs
584 1690 737 1784 Wrusz,
771 1693 854 1767 uilla
887 1697 951 1769 sub
988 1695 1154 1786 parochia
1189 1696 1232 1768 dc
1269 1694 1622 1779 Wanchocuskn
1656 1705 1694 1773 et
1728 1721 1835 1792 supra

282 1795 447 1901 oppidum
483 1812 678 1902 praelatum
714 1815 802 1904 sita;
838 1816 934 1888 cuius
968 1818 1165 1906 proprietas
1201 1816 1246 1888 ad
1282 1817 1527 1892 monasterium
1555 1815 1835 1895 Wanchocneuse
1915 1812 1918 1817 ’

285 1932 445 2020 pertinet.
485 1930 595 2022 Quam
632 1931 786 2007 Gedho
818 1936 1001 2026 episcopus
1037 1935 1276 2010 Crscovieusis
1302 1938 1414 2009 eidem
1441 1939 1652 2011 monasterio
1678 1940 1835 2013 contulit..

284 2050 323 2120 In
350 2072 419 2141 qua
453 2059 535 2124 sunt
569 2053 660 2125 lanei
695 2055 948 2144 cmethouales,
975 2062 1011 2126 et
1046 2057 1192 2147 quilibet
1228 2055 1364 2129 laborat
1397 2057 1442 2128 de
1469 2057 1569 2129 laneo
1595 2063 1669 2131 tres
1696 2057 1771 2130 dies
1797 2060 1833 2131 iu

286 2173 499 2262 septimana,
535 2174 677 2263 proprio
713 2195 816 2245 curru
853 2182 914 2248 aut
946 2184 1086 2266 aratro,
1112 2184 1150 2247 et
1176 2176 1306 2249 nullum
1334 2196 1474 2249 censum
1509 2177 1630 2267 solvit,
1657 2177 1740 2257 item
1767 2199 1834 2253 ora

284 2292 439 2382 triginta,
467 2294 549 2364 item
575 2295 687 2384 gallos
714 2301 881 2386 quatuor,
908 2296 990 2367 item
1017 2316 1137 2369 caseos
1164 2297 1270 2386 duus;
1305 2297 1387 2369 item
1410 2296 1572 2370 laborant
1597 2304 1671 2370 tres
1696 2297 1772 2373 dies
1797 2299 1833 2371 in

283 2412 485 2500 septimana.
526 2413 612 2485 Item
641 2413 825 2507 punctum
860 2415 1030 2506 duplicem
1067 2436 1132 2506 pro
1168 2436 1250 2489 vere
1285 2425 1322 2488 et
1347 2417 1472 2509 hyeme
1497 2416 1637 2507 explere
1662 2423 1835 2493 tenentur.
1967 2488 1970 2493 .

286 2531 371 2602 ltem
399 2553 536 2627 osszyep
564 2534 720 2625 solvunt,
747 2542 826 2607 octo
853 2556 953 2607 coros
981 2556 1113 2609 avenae
1139 2543 1176 2608 et
1203 2541 1351 2627 quatuor
1378 2537 1536 2627 siliginis.
1563 2537 1649 2609 Item
1668 2537 1835 2617 tabernae

284 2672 352 2723 uon
380 2659 468 2724 sunt.
505 2653 590 2726 Item
618 2654 835 2727 hortulauiae
862 2664 1028 2747 quatuor,
1055 2664 1093 2728 et
1119 2656 1224 2729 soluit
1250 2656 1426 2748 quaelibet
1452 2648 1835 2747 unum-terionem,'et

283 2770 318 2841 iu
354 2773 547 2862 septimana
582 2775 668 2847 duas
698 2775 777 2849 dies
812 2775 950 2847 laborat
985 2775 1122 2850 alesto
1157 2775 1331 2868 Paschae,
1358 2796 1466 2867 usqua
1493 2776 1538 2848 ad
1564 2775 1690 2849 festum
1715 2774 1835 2851 Sancti

281 2889 474 2983 Michaelis,
501 2894 627 2967 abinde
654 2915 737 2967 vero
764 2895 808 2966 ad
834 2895 960 2969 festum
993 2895 1149 2969 Paschae
1176 2917 1280 2968 unum
1307 2895 1409 2977 diem.
1435 2895 1523 2973 item
1550 2894 1729 2987 praedium
1756 2916 1833 2969 coe·

283 3012 420 3083 uubiale
448 3034 516 3085 non
543 3020 599 3086 est
634 3015 669 3085 in
696 3015 816 3103 eadem
852 3015 943 3089 villa.
979 3016 1069 3088 Item
1096 3035 1215 3089 omnes
1240 3017 1317 3107 agri
1344 3015 1447 3089 villae
1474 3014 1615 3091 solvunt
1640 3020 1677 3088 et
1702 3014 1833 3099 condu-

283 3136 366 3202 cunt
393 3131 558 3204 decimam
587 3136 845 3227 manipularem,
872 3144 910 3207 et
935 3136 1135 3227 canapalem
1161 3156 1225 3227 per
1250 3156 1312 3208 sex
1330 3137 1480 3227 ierngus,
1498 3135 1708 3209 monasterio
1726 3132 1831 3207 Wau·
1916 3196 1919 3203 .

225 3246 229 3253 '
283 3251 472 3343 cboczensi,
490 3261 528 3326 at
544 3255 643 3329 valor
660 3257 735 3329 aius
753 3258 958 3330 aestimatur
978 3257 1022 3329 ad
1041 3277 1102 3329 seu
1121 3276 1266 3329 marcas.
1292 3255 1378 3348 Item
1396 3254 1574 3329 hortulani
1601 3254 1741 3327 solvunt
1766 3274 1832 3345 pro

281 3372 431 3445 statione
459 3395 518 3447 seu
544 3397 685 3467 grossos
712 3378 866 3469 quilibet
892 3377 979 3450 Item
1007 3376 1240 3449 molendinum
1267 3397 1336 3455 nou
1362 3381 1417 3449 est
1433 3376 1470 3448 iu
1488 3374 1608 3447 eadem
1626 3375 1720 3447 villo.
1742 3372 1833 3455 Gou-

282 3490 367 3563 fiunt
393 3513 469 3565 cum
497 3496 624 3586 oppido
652 3495 1006 3588 Wanchoczsho,
1033 3496 1258 3586 Parszorr,
1285 3493 1667 3575 Saharsziczsko.

384 3613 644 3708 Dounszrczu‚
671 3617 756 3689 villa
789 3619 855 3691 sub
880 3618 1046 3709 parocbia
1072 3618 1115 3690 de
1142 3616 1410 3708 Wyszuicze
1437 3635 1545 3707 prope
1572 3614 1832 3711 Bochnyam

281 3733 316 3801 iu
343 3738 440 3804 terra
465 3735 685 3809 Oracovieusi
713 3739 792 3827 sita,
818 3739 916 3811 cuius
934 3744 1073 3829 partem¹
1089 3737 1338 3809 Boleslaus
1363 3734 1565 3808 Pudicus
1591 3734 1661 3805 dux
1677 3733 1831 3825 donauit,

282 3872 363 3941 pars
390 3874 411 3924 a
438 3856 758 3931 sanctimonialibus
793 3858 836 3929 de
863 3856 1229 3948 Sthauyanthky
1255 3877 1277 3928 a
1301 3853 1509 3928 Martino
1535 3853 1663 3928 abbate
1688 3858 1727 3925 et
1750 3873 1832 3927 con·

280 3980 386 4043 ventu
414 3972 684 4049 Wanchoczensi
721 3999 785 4068 pro
820 3978 938 4051 debito
973 3984 1153 4068 suscepta,
1179 3996 1262 4067 pars
1288 3976 1332 4047 ab
1359 3974 1563 4046 Henrico
1599 3980 1636 4045 et
1660 3972 1829 4049 iratribus

279 4092 352 4175 suis
379 4094 554 4186 militibus,
582 4118 646 4188 pro
674 4099 797 4188 viginti
822 4098 948 4171 marcis
975 4099 1112 4188 argenti
1138 4103 1347 4187 comparata.
1383 4095 1425 4166 hi
1451 4115 1521 4186 qua
1546 4099 1628 4167 suut
1653 4114 1714 4165 seu
1740 4093 1832 4165 lanei

280 4214 523 4305 cmethouales,
550 4223 588 4288 et
613 4218 719 4291 solvit
745 4218 892 4308 quilibet
918 4239 1023 4315 urium
1049 4217 1230 4305 fertonem,
1257 4216 1340 4287 item
1359 4234 1425 4286 ova
1442 4214 1598 4303 triginta,
1616 4214 1698 4285 item
1716 4212 1829 4303 gallos

280 4339 438 4424 quatuor,
465 4336 547 4406 item
574 4356 692 4409 caseos
719 4336 824 4428 duos;
851 4339 934 4411 item
961 4339 1100 4410 labores
1125 4337 1261 4428 aliquos
1288 4356 1356 4407 uon
1383 4335 1523 4424 faciunt,
1541 4334 1625 4405 item
1650 4330 1829 4427 punctam

192 4484 199 4495 ·
282 4474 351 4525 unu
378 4453 557 4545 Ithormt3
584 4459 667 4528 item
694 4478 832 4552 uasryep
859 4458 999 4531 solvunt
1017 4458 1164 4551 plebano
1182 4458 1219 4529 in
1237 4455 1484 4543 Wisnioze,
1504 4453 1644 4525 solvunt
1671 4471 1731 4523 seu
1749 4452 1831 4523 cho-

282 4593 340 4644 ros
366 4594 505 4647 avenae.
532 4576 617 4648 Item
645 4578 813 4651 tabernae
839 4585 913 4651 tres
939 4579 1110 4651 habentes
1135 4599 1250 4669 agros,
1268 4578 1350 4649 inem
1367 4573 1596 4649 hortulanlae.
1623 4570 1710 4643 Item
1728 4592 1831 4663 prae·
1885 4618 1891 4625 -

281 4693 374 4765 dium
402 4703 456 4767 est
474 4697 523 4768 ibi
540 4699 748 4789 coenobiale,
765 4699 809 4772 ¹de
828 4699 926 4773 cuius
944 4700 1038 4791 agris
1057 4700 1190 4771 decima
1208 4697 1432 4788 manipularis
1450 4693 1617 4767 ecclesiae
1635 4691 1829 4785 parochiali
1920 4756 1924 4761 .

281 4814 316 4885 iu
353 4813 631 4906 Wyszuicze.
675 4820 764 4891 item
800 4842 918 4895 omues
954 4821 1031 4912 agri
1067 4819 1170 4891 villae
1206 4818 1345 4891 solvunt
1373 4822 1413 4887 et
1439 4815 1636 4888 conducunt
1662 4812 1829 4885 decimam

151 4938 157 4948 ’
280 4937 527 5027 manipularem
555 4947 592 5013 et
617 4942 816 5032 carnapalem
842 4963 906 5033 pro
933 4942 1133 5033 praebenda
1158 4938 1390 5029 cracoviensi,
1415 4956 1504 5029 quae
1523 4933 1719 5027 appellatur
1737 4932 1830 5025 Lya-

281 5059 455 5149 szousha,
482 5068 518 5131 et
545 5061 642 5134 valor
676 5062 751 5135 eius
777 5065 981 5136 aestimatur
1007 5063 1057 5151 ad·
1079 5067 1228 5154 quatuor
1261 5079 1406 5133 marcas.
1440 5056 1581 5133 Habent
1606 5055 1713 5127 etiam
1739 5072 1830 5127 ome·

281 5177 415 5269 thoues,
441 5182 608 5255 tabernae
635 5189 671 5254 et
697 5183 927 5274 hortulanlae,
956 5184 1092 5274 aliquos
1118 5203 1222 5275 agros
1249 5202 1292 5253 ex
1321 5179 1464 5273 praedio
1492 5177 1542 5249 eis
1568 5170 1761 5267 adiunctos,
1787 5174 1831 5247 de

281 5299 405 5386 quihus
433 5302 572 5376 solvunt
606 5302 772 5389 decimam
808 5305 1059 5395 manipularem
1085 5304 1252 5377 enclesIae
1279 5300 1468 5394 parochiali
1495 5300 1530 5371 in
1548 5296 1830 5385 ,Wisznicze

279 5415 363 5488 Item
392 5421 623 5495 molendinum
651 5445 718 5497 non
746 5432 801 5499 est
827 5426 874 5497 ibi
903 5424 1109 5501 coenobiale.
1136 5424 1225 5496 Item
1250 5421 1411 5495 scoltetia
1437 5426 1492 5491 est
1518 5418 1577 5508 ibi,
1604 5437 1693 5508 quae
1720 5415 1826 5485 hahet

279 5531 365 5612 duos
393 5542 519 5617 laneos.
546 5545 632 5617 item
661 5547 860 5620 cmethoues
887 5547 990 5621 villae
1017 5544 1196 5637 praefatae
1222 5545 1285 5635 sal,
1310 5564 1374 5633 pro
1400 5541 1498 5639 omni¹
1521 5537 1726 5609 necessitate
1754 5555 1826 5606 mo-

281 5665 442 5753 nasterii,
469 5672 632 5740 tenentur
659 5689 700 5739 ex
728 5668 945 5759 Bochuya
979 5668 1105 5739 ducere
1132 5668 1168 5740 iu
1195 5663 1454 5739 WisIIciam
1481 5657 1633 5752 propriis
1661 5654 1830 5737 curribus.

281 5786 441 5861 Coutiuat
467 5789 793 5883 cumOlchawa,
821 5788 1092 5862 Wisznicze.
1139 5814 1145 5819 ·
1713 5880 1716 5885 ι
1779 5874 1782 5881 Ι

386 5911 577 6001 Bocuurn,
604 5911 767 6002 oppidum
796 5911 947 6001 regium,
974 5910 1011 5979 iu
1038 5928 1106 6001 quo
1134 5908 1240 5980 hahet
1267 5903 1512 5978 monasterinm
1540 5901 1584 5974 de
1611 5897 1830 5973 Wancho-

281 6031 390 6104 czlco
417 6010 504 6104 duas
531 6053 631 6105 areas
657 6039 695 6104 et
720 6031 808 6105 duas
835 6031 967 6119 domus,
993 6036 1029 6101 et
1055 6028 1234 6121 quaelibet
1261 6027 1366 6099 solvit
1392 6046 1455 6117 pru
1482 6020 1691 6097 monasterio
1724 6037 1830 6101 uuum

281 6154 459 6226 fertonem.

383 6274 708 6364 Oncusuu,·villa
733 6275 865 6347 habeus
902 6272 1133 6364 parochialem
1160 6269 1337 6343 ecclesiam
1364 6268 1399 6339 in
1427 6284 1487 6357 se,
1508 6262 1606 6335 cuius
1634 6261 1830 6379 prpprietas

280 6396 325 6467 ad
351 6397 597 6479 monasterium
634 6394 677 6465 de
713 6393 1054 6469 Wanchocnsio
1088 6390 1258 6483 pertinet,
1288 6389 1325 6459 in
1350 6376 1830 6499 tema'ilqpuorieusifflw
