4217 8059
667 1478 812 1574 292

660 1715 732 1778 et
788 1705 1241 1788 aestivalium.
1321 1704 1496 1773 Item
1551 1718 1689 1774 non
1754 1710 1863 1773 est
1919 1694 2281 1792 praedium
2333 1702 2647 1792 aliquod,
2703 1722 2926 1804 neque
2982 1702 3457 1792 hortulauiae,
3542 1704 3768 1794 neqn'e

661 1825 1143 1897 molendinum.
1222 1825 1397 1895 Item
1459 1824 1610 1912 agri
1643 1862 1648 1867 ·
1676 1823 1878 1895 villae
1942 1843 2178 1895 omnes
2245 1831 2317 1898 et
2380 1823 2660 1912 singuli,
2716 1818 2995 1893 solvunt
3056 1821 3391 1921 decimani
3454 1824 3767 1914 manipu-

655 1947 897 2034 larem,
951 1951 1022 2015 et
1084 1945 1292 2015 etiam
1346 1945 1496 2033 agri
1560 1944 2025 2015 tabernatoris
2082 1943 2519 2035 praebendae
2576 1940 3015 2014 cracoviensi
3071 1943 3299 2014 dictae
3338 1941 3765 2015 ‘Goszczicz-

657 2068 787 2139 ska
839 2072 912 2137 et
963 2067 1111 2137 eius
1167 2066 1518 2153 canonico,
1572 2073 1645 2135 et
1683 2056 2016 2135 inducunt
2069 2084 2219 2136 eam
2277 2064 2542 2134 incolae
2598 2064 2899 2152 propriis
2954 2064 3273 2135 curribus
3328 2065 3399 2134 in
3438 2065 3765 2171 horreum
3878 2136 3893 2151 ‚

654 2208 697 2258 a
749 2187 1076 2258 canonico
1132 2184 1495 2256 locandum
1517 2241 1533 2273 ,
1587 2191 1660 2254 et
1697 2184 1892 2256 valor
1945 2187 2095 2257 eius
2133 2187 2541 2256 aestimatur
2577 2183 2677 2255 ad·
2702 2185 3005 2274 quinque
3042 2196 3343 2272 marcas,-
3366 2172 3760 2275 'aliquando

653 2307 743 2378 ad
798 2327 936 2377 sex.
1015 2305 1192 2376 Item
1247 2307 1317 2376 in
1354 2303 1592 2374 eadem
1649 2303 1813 2375 villa
1865 2313 1974 2379 est
2027 2313 2305 2394 pratum
2358 2304 2761 2375 monasterii
2790 2305 2986 2374 satis
3040 2305 3293 2375 bon'um
3349 2311 3421 2375 et
3474 2304 3763 2394 largum,
3840 2394 3853 2407 ι

651 2427 842 2517 qnod
881 2427 1333 2497 communiter
1389 2425 1715 2496 venditur
1770 2446 1896 2515 pto
1934 2447 2071 2496 una
2109 2432 2361 2512 mai-ca,
2420 2424 2599 2514 quod
2641 2426 3036 2495 emethones
3076 2424 3280 2495 villae
3338 2424 3424 2493 W
3446 2445 3488 2495 a
3505 2426 3763 2514 παι·-

653 2568 746 2619 cz
765 2568 803 2618 e
856 2552 1184 2619 tenentur
1253 2546 1674 2619 falcastrare.
1754 2548 1927 2618 Item
2000 2549 2071 2617 in
2126 2545 2366 2616 eadem
2439 2545 2603 2616 villa
2655 2554 2766 2615 est
2817 2546 3071 2616 bonum
3123 2566 3372 2635 gayum
3396 2600 3412 2633 ,
3484 2566 3567 2615 ex
3620 2562 3761 2635 quo

658 2674 948 2778 possunt
1002 2673 1071 2737 et
1107 2668 1666 2741 sanctimoniales
1721 2676 1793 2738 et
1828 2668 2227 2738 emethones
2284 2667 2489 2738 villae
2544 2666 2895 2763 praefatae
2952 2688 3113 2736 suas
3150 2665 3473 2755 supplere
3526 2680 3762 2737 neces—

657 2789 922 2859 sitates.
1001 2788 1174 2859 Item
1229 2787 1540 2878 praefata
1596 2789 1758 2859 villa
1829 2788 2131 2859 confluat
2203 2807 2355 2857 cum
2429 2786 2609 2858 villis
2681 2785 3252 2876 Ochmanow,
3327 2786 3765 2876 Zly-edze—

658 2910 967 2997 wicze‚
1023 2907 1627 2999 Podlyansze
3594 2934 3605 2943 ·
3736 2924 3749 2935 ·

739 3043 746 3050 ·
865 3028 1464 3101 PnanvAczAN'Y
1505 3029 1810 3119 MAJOR,
1865 3029 2052 3099 villa·
2068 3029 2196 3099 sub
2234 3028 2561 3119 parochia
2612 3027 2943 3097 ecelesiae
2998 3028 3083 3097 de
3137 3027 3192 3096 Ζ
3210 2975 3760 3118 yelyenicze
3842 3100 3853 3109 ,

657 3153 827 3239 sita,
884 3151 1076 3220 cuius
1113 3150 1505 3239 proprietas
1542 3160 1611 3220 et
1650 3149 2022 3221 dominium
2063 3148 2151 3219 ad
2190 3149 2681 3219 monasterium
2723 3147 3344 3241 sanctimonialium
3402 3150 3474 3219 in
3512 3146 3763 3219 Sthe·
3896 3158 3905 3163 “

659 3292 705 3342 ιι
730 3271 948 3362 yath
971 3271 1082 3361 ky
1157 3270 1481 3360 pertinet.
1565 3270 1642 3340 In
1698 3291 1833 3360 qua
1905 3278 2064 3341 sunt
2143 3269 2529 3358 quindecim
2587 3268 2767 3339 lanei
2823 3267 3288 3362 emetlionales
3342 3277 3414 3338 et
3467 3267 3763 3358 quilibet

654 3391 928 3463 cmetho
973 3391 1066 3462 de
1121 3392 1320 3462 laneo
1393 3391 1602 3461 solvit
1675 3410 1801 3479 pro
1856 3410 2064 3461 censu
2139 3410 2366 3461 annuo
2422 3410 2626 3460 unam
2674 3409 2983 3460 marcam
3040 3391 3263 3459 minus
3316 3409 3439 3459 sex
3492 3390 3759 3479 grossis

653 3518 968 3583 monetae
1023 3512 1427 3598 communis,
1485 3512 1646 3580 item
1702 3510 1874 3581 duos
1930 3530 2254 3599 caponeS,
2320 3511 2483 3581 item
2539 3510 2713 3580 duos
2767 3528 3039 3596 caseos,
3096 3511 3262 3580 item
3300 3510 3552 3598 viginti
3606 3528 3773 3611 ova,

505 3607 514 3621 ⁸
652 3632 818 3702 item
873 3631 1047 3701 duos
1100 3650 1300 3701 coros
1344 3649 1603 3701 avenae
1658 3650 2019 3700 mensurae
2058 3629 2427 3700 confertae„
2510 3628 2680 3735 Item
2736 3650 2861 3717 pro
2898 3626 3243 3723 myodowe
3294 3648 3423 3718 per.
3455 3628 3757 3701 medium
3820 3643 3841 3657 ·

652 3770 988 3840 grossum.
1068 3750 1244 3820 Item
1300 3749 1589 3838 quilibet
1641 3749 1911 3819 emetho
1966 3749 2050 3819 de
2089 3749 2290 3819 laneo
2345 3728 2627 3837 proprio
2684 3768 2890 3821 curru
2947 3757 3069 3819 aut
3106 3754 3375 3819 aratro
3394 3729 3571 3829 duos
3602 3746 3757 3821 dies

568 3961 572 3965 Ι
650 3872 725 3941 in
779 3871 1163 3957 septimana
1233 3869 1521 3939 laborat.
1604 3869 1776 3938 Item
1830 3869 2160 3939 ducturas
2233 3870 2494 3939 faciunt
2561 3870 2756 3939 iuxta
2811 3869 3124 3940 ordinem
3180 3890 3298 3940 eos
3353 3868 3758 3959 contingen-

651 3995 808 4077 tem,
849 3989 949 4058 -ad
989 3991 1327 4073 rationem
1368 3988 1652 4059 dierum.
1736 3989 1908 4058 Item
1947 4010 2082 4059 non
2124 3989 2500 4080 est‘aliqua
2538 3990 2729 4060 curia
2768 3988 3226 4078 coenobialis,
3284 3994 3511 4080 neqne'
3560 4008 3762 4080 prae—

654 4108 877 4207 dium,
931 4130 1151 4198 neque
1207 4109 1658 4179 hortulaniae.
1740 4106 1916 4180 ltem'
1970 4111 2041 4180 in
2098 4110 2335 4180 eadem
2394 4108 2559 4180 villa
2596 4117 2758 4181 sunt
2817 4109 2993 4180 duae
3048 4111 3379 4182 tabernae
3418 4110 3759 4182 habentes

653 4249 878 4320 agros,
934 4238 1005 4300 et
1058 4230 1263 4319 prata
1317 4236 1387 4300 et
1440 4231 1696 4319 hertoni,
1752 4238 1823 4307 et
1875 4250 2015 4301 una
2060 4231 2357 4302 taberna
2411 4230 2621 4300 solvit
2674 4249 3116 4331 sexagenam,
3171 4231 3395 4303 altera
3446 4232 3629 4320 vero,
3680 4232 3758 4302 in

652 4370 788 4441 qua
817 4358 1152 4441 moratur
1205 4349 1507 4422 Jacobus
1563 4350 1625 4420 K
1648 4372 1689 4419 ιι
1712 4372 1753 4420 ιι
1777 4372 1819 4421 a
1872 4352 2080 4422 solvit
2135 4351 2614 4422 duasmarcas
2644 4358 2738 4419 'et
2776 4370 2983 4421 unum
3022 4351 3319 4440 lapidem
3361 4352 3526 4441 sepi.
3580 4350 3759 4423 Iton

648 4480 789 4542 tam
846 4472 1280 4559 cmethoneS,
1337 4492 1539 4562 quam
1596 4472 1980 4560 hortulani,
2058 4478 2385 4542 tenentur
2457 4472 2544 4541 ad
2598 4470 2939 4560 duplicem
2979 4467 3384 4564 p'owabam,
3439 4471 3762 4543 videlicet

653 4586 1063 4682 hyemalium
1120 4602 1191 4662 et
1246 4592 1679 4663 aestivalium
1709 4591 2256 4664 ·frumentorum.
2341 4592 2514 4662 Item
2569 4600 2675 4661 est
2728 4593 2798 4661 in
2853 4591 3091 4661 eadem
3148 4591 3313 4662 villa
3367 4612 3580 4681 supra
3628 4590 3758 4666 flu-

650 4714 834 4783 vium
907 4712 1465 4784 Schczklecz
1541 4713 2030 4783 molendinum·
2074 4716 2365 4800 bonum,
2439 4713 2699 4783 habens
2771 4722 3011 4802 agros,
3086 4714 3266 4803 quod
3344 4733 3468 4802 pro
3522 4732 3757 4786 annno

651 4852 860 4903 censu
913 4833 1121 4904 solvit
1159 4835 1578 4904 monasterio
1634 4839 1701 4902 in
1743 4832 2399 4922 Sthanyantky
2456 4853 2702 4903 novem
2738 4853 3035 4921 marcaS,
3089 4841 3161 4903 et
3200 4854 3409 4904 unum
3464 4852 3754 4925 porcum

651 4973 775 5041 pro
849 4955 1269 5047 monasterio
1361 4954 1635 5042 saginat
1724 4955 1908 5023 circa
2007 4948 2510 5052 molendinumj,
2593 4962 2666 5023 et
2729 4954 3130 5025 cirotecales
3203 4975 3447 5026 novem
3526 4955 3762 5025 scottis

561 5096 567 5100 ·
650 5072 822 5173 Item
879 5094 1111 5142 omues
1168 5077 1316 5162 agri
1374 5075 1839 5162 emethonum,
1893 5075 2414 5145 tabernatorum
2471 5081 2541 5144 et
2596 5074 3183 5162 molendinatoris,
3238 5076 3516 5145 solvunt
3570 5075 3759 5145 deei-

651 5184 827 5266 ιιιιιιιι
867 5194 1362 5282 manipularem
1393 5196 1622 5265 tribus
1663 5195 2072 5283 praebendis
2109 5194 2720 5284 CracoviensibuS,
2761 5195 3080 5266 videlicet
3119 5195 3755 5285 Wyaczkowskiey,

647 5310 1297 5402 Buszuthuwskieff,
1353 5323 1423 5384 et
1459 5315 1936 5405 Zyrawskiey;
1989 5315 2502 5388 diversificatur
2536 5324 2765 5386 autem
2804 5317 3156 5406 perceptio
3195 5316 3502 5387 decimae
3543 5334 3757 5405 prae-

691 5439 714 5450 *
887 5438 960 5506 in
1000 5438 1176 5506 hune.
1216 5435 1514 5525 modum,
1572 5457 1728 5507 nam
1784 5437 2182 5526 praebenda
2235 5437 2615 5527 Zyrawska
2670 5438 2964 5527 percipit
3017 5444 3283 5527 partem
3338 5437 3759 5527 hyemalium

566 5424 996 5746 ’ἓέιῖίὴηε
1052 5558 1285 5644 annia,
1358 5559 1427 5626 in
1486 5556 1830 5646 aliquibus
1885 5577 2050 5627 vero
2107 5564 2377 5646 partem
2443 5557 2875 5628 aestivalium
2930 5559 3125 5628 iuxta
3178 5578 3484 5647 campos,
3556 5576 3762 5648 prae-

657 5668 683 5744 s
709 5674 875 5746 *uda
932 5698 1092 5746 vero
1136 5677 1675 5766 *eiffffaczkowska
1737 5678 2013 5747 biennio
2072 5676 2362 5766 percipit
2419 5679 2742 5748 maiorem
2782 5687 3083 5766 partem,
3140 5688 3263 5748 aut
3298 5678 3765 5767 aestivalium,-

803 5790 1270 5886 hyemalium,
1326 5804 1398 5866 et
1452 5797 1523 5866 in
1578 5798 1790 5867 tertio
1845 5818 2025 5866 anno
2081 5799 2446 5885 minorem3
2520 5799 2918 5893 praebenda
2992 5819 3154 5893 vero
3211 5798 3761 5870 Boszuthowska

609 5792 921 6053 &io
995 5917 1323 6016 minorem
1399 5925 1668 6006 partem
1742 5918 2072 6007 percipit,
2144 5926 2266 5988 aut
2337 5919 2773 5990 aestivalium
2847 5926 2967 5988 aut
3040 5920 3492 6007 hyemalium,
3559 5926 3631 5989 et
3682 5919 3755 5989 in

507 6132 517 6139 ι
643 6036 852 6111 terh'o
901 6038 1253 6107 maiorem.
1333 6037 1665 6127 Duaeque
1717 6038 2192 6128 praebendae,
2250 6040 2572 6110 videlicet
2626 6039 3008 6129 Zyrawska
3063 6047 3134 6110 et
3190 6039 3756 6130 Wyaczkowska,

643 6156 866 6239 nihil-
875 6156 1148 6233 habent
1218 6156 1387 6229 iuris
1460 6157 1550 6228 ad
1630 6157 1961 6230 decimam
2043 6160 2323 6249 canapi,
2398 6158 2520 6229 sed
2602 6159 2748 6228 sola
2828 6161 3226 6248 praebenda
3304 6159 3767 6231 Boszuthowa·

491 6240 1138 6477 3:³1st
1212 6297 1364 6349 eam
1438 6280 1706 6369 integre
1782 6280 1968 6350 omni
2040 6298 2242 6349 anno.
2341 6278 2518 6348 Item
2600 6278 2903 6350 confinat
2985 6280 3152 6350 villa
3204 6279 3520 6370 praefata
3597 6298 3762 6350 cum

1643 6630 1686 6667 Ω
