4217 8059
3525 1491 3772 1607 37,

524 1701 981 1796 administrat,
1035 1704 1436 1797 praeposito
1472 1703 1995 1799 Myechoviensi
2049 1728 2177 1799 pro
2213 1715 2544 1799 tempore,
2599 1713 2931 1799 quantum
2985 1705 3074 1781 ad
3112 1709 3625 1784 observantiam

522 1825 933 1916 regularem,
988 1826 1059 1897 in
1113 1828 1428 1899 omnibus
1485 1832 1559 1899 et
1609 1841 1750 1918 per·
1791 1829 2022 1900 omnia
2074 1828 2403 1900 obediens
2457 1836 2530 1901 et
2584 1829 2954 1902 subiectus.
3033 1829 3341 1903 Praefati
3394 1838 3625 1904 autem

525 1946 931 2018 monasterii
984 1951 1057 2018 et
1107 1947 1471 2039 hospitalis
1526 1948 2024 2020 Bithomiensis
2043 2005 2060 2039 ,
2115 1950 2248 2021 etsi
2302 1954 2548 2021 tenues
2598 1955 2766 2021 sunt
2817 1949 3084 2023 fructus
3102 2005 3119 2039 ,
3182 1951 3339 2024 illos
3392 1958 3626 2025 tamen

523 2087 652 2156 pro
706 2067 1038 2139 memoria
1088 2066 1481 2141 futurorum
1537 2068 2027 2142 describemus,

733 2186 1107 2283 szow
1126 2244 1144 2280 ,
1196 2189 1367 2261 villa
1418 2190 1684 2262 habens
1739 2190 1810 2260 in
1864 2212 1940 2262 se
1992 2190 2350 2262 ecclesiam
2405 2189 2873 2280 parochialem
2893 2246 2910 2280 ,
2983 2192 3176 2263 cuius
3229 2194 3626 2283 proprietas

526 2315 601 2379 et
647 2327 852 2399 ,omne
906 2309 1280 2382 dominium
1300 2366 1317 2400 ,
1389 2311 1556 2383 item
1610 2319 1683 2384 et
1736 2312 1957 2384 omnis
2010 2313 2534 2402 iuspatronatus
2606 2310 2834 2383 dictae
2903 2312 3232 2384 ecclesiae
3285 2313 3374 2384 ad
3425 2333 3628 2403 prae-
3696 2405 3708 2416 ⁶

487 2422 828 2537 *μείω
875 2418 1494 2559 monasterium
1566 2453 1803 2522 suum,
1875 2440 2085 2524 atque
2157 2432 2509 2522 hospitale
2551 2432 2625 2504 in
2697 2431 2759 2503 Β
2778 2432 2803 2503 i
2821 2434 2916 2503 th
2937 2454 2978 2503 o
2999 2453 3067 2503 m
3130 2434 3450 2524 pertinet.
3537 2434 3620 2505 In

526 2512 1200 2659 qut'sunfffigipti
1219 2553 1571 2659 gssquinque
1642 2553 1823 2625 lanei
1899 2554 2367 2625 emethonales
2387 2609 2405 2643 ,
2475 2558 2551 2625 et
2602 2553 2897 2644 quilibet
2951 2554 3164 2626 solvit
3233 2575 3361 2644 pro
3414 2574 3626 2627 censu

404 2754 407 2757 Δ
521 2672 925 2762 praeposito
977 2679 1053 2745 et
1071 2654 1434 2773 hospitali
1485 2673 1949 2747 Bithomiensi
1979 2728 2263 2745 ......
2300 2698 2318 2764 ;
2389 2674 2557 2746 item
2608 2674 2832 2765 gallos
2852 2729 2870 2765 ,
2924 2676 3092 2745 item
3145 2695 3405 2766 caseoS,
3458 2677 3623 2747 item

521 2812 659 2866 ova
675 2849 693 2884 ‚
748 2793 915 2865 item
966 2774 1202 2885 labor,
1233 2794 1426 2871 item
1464 2793 1805 2890 powaba3
1877 2797 2043 2869 item
2097 2817 2330 2890 ossyep
2384 2816 2507 2867 seu
2559 2815 2689 2886 pro
2740 2817 3008 2866 waeszne
3070 2796 3361 2887 quilibet
3412 2797 3622 2868 solvit

518 2935 732 2987 unam
782 2935 1176 2989 mensuram
1246 2904 1506 2991 avenae
1559 2923 1632 2988 et
1685 2917 1890 2988 aliam
1947 2917 2280 3009 siligini&
2351 2916 2518 2988 item
2571 2917 2944 3007 tabernae,
3016 2917 3186 2988 item
3241 2917 3624 3006 hortulani,

523 3037 691 3109 item
746 3036 1164 3129 praedium}
1207 3034 1378 3113 item
1430 3043 1593 3127 post
1646 3058 1882 3111 omnes
1936 3010 2181 3135 agras,
2199 3038 2495 3110 solvitur
2546 3036 2815 3109 decima
2865 3037 3246 3128 pecunialis
3299 3040 3624 3137 episcopo

523 3155 988 3230 Cracoviensi.
1040 3157 1217 3229 Item
1250 3158 1386 3241 ,est
1433 3157 1507 3229 in
1559 3157 1800 3230 eadem
1854 3158 2022 3231 villa
2074 3157 2412 3248 scoltetia,
2465 3157 2730 3230 habens
2782 3158 3043 3229 laneos.
3616 3171 3625 3181 ’

623 3374 636 3381 -
730 3278 980 3368 Dima,
1031 3278 1202 3353 villa
1251 3279 1386 3379 ,sub
1427 3279 1767 3371 parochia
1818 3278 2151 3351 ecclesiae
2202 3275 3135 3369 de„.Mychalkowicze
3189 3278 3359 3368 sita,
3432 3278 3625 3349 cuius

524 3402 919 3490 proprietas
971 3400 1056 3470 ad
1111 3392 1608 3474 monasterium
1668 3410 1737 3470 et
1788 3398 2136 3489 hospitale
2189 3390 2666 3477 Bithomiense
2737 3397 3060 3488 pertinet.
3139 3398 3220 3469 In
3276 3417 3412 3488 qua
3464 3403 3628 3469 sunt

521 3519 703 3623 lanei
763 3522 1252 3610 emethnnaleS,
1304 3526 1376 3590 et
1432 3518 1720 3610 qui-libet
1772 3518 1983 3590 solvit
2034 3539 2165 3608 pro
2216 3536 2429 3603 cmm
2467 3573 2697 3609 .....
2749 3518 2914 3589 item
2971 3539 3122 3608 ova,
3176 3519 3339 3590 item
3385 3517 3624 3608 gallos,

393 3649 398 3653 ’
505 3641 687 3736 ‘item
747 3662 999 3730 caseon,
1055 3642 1220 3714 item
1276 3640 1494 3730 labor,
1564 3642 1728 3710 item
1783 3661 2037 3739 ossyep,
2108 3640 2277 3710 item
2319 3637 2634 3733 powaba,
2689 3640 2855 3714 item
2895 3640 3207 3729 taberna,
3258 3640 3424 3710 item
3460 3640 3625 3709 hor-

521 3744 779 3850 tulani,
851 3766 1015 3834 item
1071 3762 1472 3850 praedium
1543 3762 1708 3834 item
1763 3761 1848 3832 de
1903 3761 2224 3851 omnibus
2295 3761 2484 3848 agris
2557 3759 2852 3831 solvitur
2924 3759 3191 3831 decima
3240 3760 3624 3849 pecunialis

467 3900 659 3979 affro
715 3882 1035 3974 episcopo
1091 3878 1556 3958 Gramfiensi„
1887 3881 1895 3889 “
2576 3953 2581 3957 .

549 4074 554 4079 .
731 4002 1075 4092 Ermum,
1127 4002 1456 4094 oppidum
1512 4002 1775 4074 habens
1832 4001 1904 4071 in
1960 4021 2034 4071 se
2085 4001 2447 4072 ecclesiam
2499 4000 2925 4089 regularem,
2977 3999 3191 4088 onina,
3225 4001 3627 4090 proprietas

521 4123 612 4194 ad
667 4126 907 4194 ducem
965 4122 1508 4198 Bithomiensem
1584 4146 1708 4214 pru
1764 4129 2077 4212 tempore
2132 4123 2455 4213 pertinet.
2543 4121 2622 4192 In
2678 4142 2817 4211 quo
2870 4122 3056 4191 inter
3125 4121 3621 4211 oppidanorum

522 4264 751 4334 agi-05,
823 4246 1316 4318 monasterium
1372 4254 1444 4314 et
1504 4244 1843 4334 lnznspitale
1898 4243 2374 4314 Bithomiense
2446 4243 2656 4313 habet
2707 4246 2856 4312 tres
2910 4243 3150 4314 laneos
3205 4242 3498 4330 liberoS‚
3552 4246 3626 4312 et
3765 4327 3775 4348 Ι

525 4365 695 4437 nulli
751 4366 1107 4459 obnoxius,
1163 4366 1252 4438 de
1308 4366 1556 4454 quihus
1612 4365 1781 4436 nulli
1839 4365 2047 4436 solvit
2100 4364 2435 4436 decimam
2480 4362 2975 4452 manipularem
3032 4368 3156 4435 aut
3209 4361 3626 4452 canapalem,

526 4487 650 4559 sed
703 4508 856 4558 eam
907 4508 1037 4578 pro
1093 4508 1169 4558 se
1221 4486 1428 4559 tollit.

424 4584 441 4596 ’
507 4696 512 4701 .
736 4607 1288 4682 Molondinum.
1342 4608 1518 4679 Item
1573 4607 2066 4678 monasterium
2120 4607 2266 4676 sive
2321 4604 2663 4694 hospitale
2710 4604 3183 4675 Bithomiense
3236 4605 3448 4675 habet
3481 4625 3626 4675 mo·

520 4729 872 4803 leudinum
925 4736 1088 4801 ante
1143 4729 1487 4820 oppidum,
1542 4730 1614 4801 in
1667 4733 2014 4817 torrente,
2045 4727 2188 4818 'qui
2243 4728 2439 4799 iuxta
2492 4727 2858 4797 Bithom
2915 4726 3240 4814 decurrit,
3296 4725 3481 4814 quod
3534 4725 3627 4795 ad

523 4851 1030 4941 proprietatem
1103 4850 1267 4924 dicti
1338 4852 1744 4923 monasterii
1817 4850 2158 4939 pertinet,
2230 4849 2303 4919 in
2358 4842 2494 4938 'quo
2548 4847 2904 4919 moluntur
2974 4847 3207 4918 omnia
3274 4844 3629 4916 frumenta

522 4972 692 5043 dicti
762 4971 1038 5062 oppidi,
1110 4978 1181 5042 et
1234 4973 1417 5062 quod
1472 4972 1898 5043 monasterio
1965 4975 2037 5040 et
2089 4969 2423 5058 hospitali
2495 4968 2953 5039 Bithomiensi
3026 4965 3342 5056 praefato
3416 4965 3628 5038 solvit

523 5095 650 5175 'sex
699 5110 971 5164 marcas
1034 5094 1336 5166 latorum
1386 5114 1785 5183 grossorum
1843 5090 2299 5180 pragensium
2355 5089 2622 5160 numeri
2676 5087 3125 5177 Polonicalis,
3196 5088 3268 5157 in
3323 5108 3491 5157 usus
3554 5093 3630 5157 et

523 5213 979 5289 necessitates
1032 5217 1413 5304 praepositi
1469 5222 1541 5286 et
1593 5232 1966 5303 egenorum
2020 5210 2543 5283 convertendas.
