4217 8059
303 1462 376 1532 Μ

304 1665 480 1758 inquilinis
506 1669 656 1752 tenetur,
683 1663 719 1733 in
745 1662 860 1734 tribus
888 1662 1019 1752 campis
1036 1660 1282 1750 elaborandam
1306 1662 1391 1736 item
1408 1661 1556 1752 quilibet
1570 1661 1857 1765 dellaueo-seltlt
1946 1710 1952 1721 ·

305 1809 406 1857 unam
435 1804 629 1855 mensuram
658 1783 807 1873 siliginis
833 1788 869 1854 et
896 1783 982 1854 duas
1008 1802 1141 1855 avenae
1167 1780 1351 1872 eontanas,
1369 1786 1406 1852 et
1422 1776 1574 1873 quatuor
1588 1802 1739 1872 grqsam.
1765 1782 1879 1855 Item

304 1908 468 1977 ducturas
504 1925 572 1975 non
599 1904 749 1991 lacinnt;
776 1906 858 1975 item
875 1904 1033 1994 ,quilibet
1058 1925 1236 1997 apameam
1261 1903 1411 1975 medium
1425 1923 1598 1994 grossum
1624 1902 1737 1975 solvit.
1764 1902 1854 1976 lton

302 2035 357 2099 est
392 2026 441 2098 ibi
477 2047 547 2096 una
581 2025 729 2096 taberna
764 2024 966 2096 monasterii
1001 2024 1134 2095 babens
1170 2044 1293 2113 agros,
1320 2031 1357 2094 et
1384 2024 1490 2096 solvit
1525 2044 1590 2114 pro
1616 2042 1722 2095 censu
1748 2044 1855 2112 unam

253 2146 256 2159 '
303 2168 451 2238 marcam
480 2169 557 2218 uum
585 2146 706 2216 media.
744 2146 830 2216 Item
857 2151 912 2216 est
937 2146 998 2216 ibi·
1013 2144 1192 2235 praedium
1220 2144 1419 2215 coenobiale
1446 2146 1592 2234 bonnm,
1618 2144 1663 2216 de
1689 2165 1758 2234 qao
1784 2164 1880 2233 m,

304 2269 408 2339 solvit
434 2268 611 2355 decimam,
639 2266 701 2337 s'ed
728 2286 803 2343 eam
831 2287 895 2355 pro
921 2287 960 2336 se
986 2265 1089 2337 tollit.
1115 2265 1203 2336 Item
1230 2264 1451 2337 hortulanine
1478 2287 1555 2338 non.
1572 2271 1673 2356 sunt,
1699 2266 1784 2336 item
1810 2257 1861 2336 de

302 2389 413 2476 laneo,
432 2389 580 2477 triginta
606 2409 681 2476 ove,
709 2388 795 2459 duos
822 2407 1006 2477 cappones,
1032 2407 1152 2457 caseos
1178 2406 1246 2456 non
1273 2386 1376 2475 dant;
1403 2387 1487 2457 item
1513 2406 1633 2458 omnes
1660 2387 1739 2476 agri
1764 2404 1855 2457 cure*

301 2511 446 2583 monum
473 2516 511 2580 et
537 2509 704 2580 tabernae
731 2509 871 2578 solvunt
897 2507 1065 2578 dammam
1084 2505 1334 2596 manipularem
1352 2513 1389 2578 et
1406 2507 1606 2596 canapalem
1624 2511 1855 2597 per-quatuor

303 2632 500 2718 iuncturas,
535 2651 599 2720 pro
636 2628 835 2719 praebenda
870 2627 1091 2709 cracoviensi
1127 2627 1350 2699 Bodnowsba.
1391 2627 1552 2699 bonanae
1586 2648 1662 2699 cum
1689 2620 1883 2731 (torta,

297 2744 1855 2842 ¹Rn⁶.2cza,1(arnyow‚Ohrzistoforzycze,Wadouetubiquempardy.

406 2870 716 2942 Orsrsnowrczn
743 2871 836 2940 circa
853 2868 1185 2959 Prosrowicae,
1204 2867 1287 2940 villa
1303 2869 1368 2941 sub
1386 2869 1553 2960 parochia
1568 2869 1613 2941 de
1630 2868 1856 2947 Proca-bo·-

304 2994 441 3064 wicze
469 2993 556 3079 sita,
583 2992 681 3062 euius
708 2991 902 3080 proprietas
929 2990 975 3063 ad
1001 2990 1248 3060 monasterium
1286 2989 1514 3061 Tbinczianse
1539 2991 1701 3081 pertinet.
1727 2989 1768 3061 ln
1786 3008 1856 3079 qua

302 3120 383 3185 sunt
410 3111 590 3183 duodecim
616 3111 708 3185 lanei
731 3110 978 3198 'emetbonaleq
1005 3117 1042 3181 et
1069 3109 1215 3200 quilibet
1241 3110 1347 3180 solvit
1369 3115 1564 3200 perunum
1592 3128 1801 3200 scruposam
1817 3116 1855 3180 et
2001 3131 2004 3137 ·

161 3238 163 3243 ’
224 3247 227 3255 ’
302 3239 452 3324 quatuor
478 3251 620 3321 grossos
647 3230 690 3302 de
718 3231 829 3316 laneo,
854 3232 938 3301 item
965 3251 1032 3302 ova
1048 3230 1205 3320 triginta,
1224 3231 1304 3301 item
1322 3230 1435 3319 gallos
1453 3237 1612 3322 quatuor,-
1631 3232 1715 3303 item
1731 3248 1855 3329 caseos

301 3353 398 3442 duos,
425 3354 508 3425 item
536 3352 697 3423 laborant
723 3371 829 3423 unum
856 3351 947 3421 mem
974 3352 1010 3422 in
1037 3351 1240 3439 septimana,
1262 3357 1424 3440 tempore
1450 3352 1573 3423 messia
1599 3353 1751 3442 quinque
1775 3350 1854 3422 dies

302 3477 338 3545 in
364 3475 576 3562 septimana;
612 3473 696 3542 item
715 3469 899 3565 pometum
925 3479 1110 3561 utramque
1136 3492 1214 3560 pro.
1228 3473 1343 3542 vernis
1370 3479 1407 3543 et
1432 3472 1647 3544 aestualibus
1671 3456 1855 3545 mmmm

302 3595 481 3679 laborant,
508 3594 591 3662 item
619 3613 779 3685 oaozpep,·
806 3591 888 3662 item
915 3592 1063 3665 taberna
1089 3612 1167 3680 una,
1194 3598 1231 3663 et
1258 3592 1361 3664 solvit
1387 3612 1451 3683 pro
1477 3613 1583 3665 censu
1608 3599 1855 3680 treemarcas3

301 3736 477 3808 oprawom
504 3712 643 3783 solvunt
656 3711 816 3802 quilibet
842 3711 992 3783 medium
1018 3725 1197 3801 grossum,
1224 3714 1305 3783 item
1334 3714 1553 3786 bortulauiae
1571 3715 1731 3804 quinque,
1750 3732 1856 3804 quae

301 3834 387 3905 libet
413 3833 517 3903 solvit
543 3837 696 3922 quatuor
717 3842 859 3920 grossos
885 3843 922 3902 et
955 3831 1094 3903 laborat
1129 3831 1291 3922 pedester
1327 3834 1464 3922 quando
1491 3835 1525 3905 ei
1541 3834 1855 3922 mandatur;.itan

302 3954 480 4044 praedium
508 3951 706 4022 coenobiale
734 3952 912 4041 optimum,
939 3951 982 4023 de
1000 3973 1075 4041 quo·
1087 3954 1335 4025 monasterium
1353 3953 1557 4026 Thineieuae
1575 3955 1743 4026 decimam
1761 3953 1857 4025 tollit

302 4094 366 4162 pro
393 4094 439 4162 se,
467 4073 549 4149 item
577 4090 695 4142 omnes
721 4073 798 4160 agri
824 4070 964 4143 solvunt
989 4080 1027 4143 et
1052 4073 1249 4144 conducunt
1273 4074 1440 4146 decimam
1467 4075 1715 4164 manipularem
1742 4080 1780 4145 et
1796 4086 1855 4147 ee*

302 4191 459 4282 napalem
491 4212 560 4281 pro
595 4181 805 4266 monasterio
842 4191 1080 4281 Thincaiensi,
1114 4200 1151 4264 et
1184 4194 1284 4265 valor
1318 4195 1393 4265 eina
1412 4196 1634 4271 ¹aestimatur
1660 4194 1705 4266 ad
1731 4194 1857 4284 viginti

233 4328 238 4347 ¹
304 4319 454 4403 quatuor
490 4331 637 4382 mareas.
676 4309 764 4381 Item
790 4311 1032 4411 vmolendinum
1067 4319 1123 4385 eat
1158 4313 1206 4386 ibi
1233 4315 1279 4385 in·
1295 4315 1435 4387 flumine
1451 4315 1737 4407 ,anelrlecz,
1759 4315 1856 4406 quud

306 4434 411 4506 solvit
446 4439 525 4505 octo
560 4452 693 4531 marcas
730 4452 794 4522 pro
821 4452 925 4505 censu
953 4436 1176 4507 monasterio.
1216 4435 1375 4508 Continet
1401 4456 1478 4509 cnm
1504 4418 1741 4527 Seitnilry‚
1768 4434 1857 4507 Oli·

180 4614 182 4622 ,
305 4555 575 4647 myontbow,
602 4552 956 4625 Proscbowicze
982 4561 1019 4627 et
1045 4554 1363 4649 Makoezycze.

409 4675 707 4764 Swnssczrczs,
735 4673 818 4745 villa
851 4676 916 4746 snb
943 4677 1108 4765 parocbia
1134 4677 1178 4749 de
1204 4677 1510 4750 Slawoscbow
1536 4679 1624 4769 sita,
1651 4679 1748 4750 cuins
1772 4652 1860 4769 pre·

305 4799 437 4887 pristas
465 4796 509 4866 ad
537 4795 785 4865 monasterium
813 4792 1018 4867 Thinciensa
1045 4797 1206 4886 pertinet.
1234 4798 1275 4870 ln
1300 4820 1370 4890 qna
1388 4807 1470 4871 sunt
1486 4806 1638 4890 quatuor
1655 4800 1856 4871 laneicme·

304 4917 464 4988 thonales
499 4923 536 4985 et
571 4915 719 5004 quilibet
754 4914 859 4985 solvit
894 4935 958 5004 pro
985 4935 1091 4986 censu
1118 4938 1222 5000 unam
1248 4939 1398 4990 marcam
1425 4940 1651 5010 sexagenam,
1676 4921 1760 4991 bem
1786 4940 1856 5003 ora

304 5039 465 5125 triginta,
486 5036 572 5105 item·
594 5033 714 5123 gallos,
740 5054 912 5123 eappones
939 5034 1035 5125 duos,
1062 5038 1145 5108 item
1173 5059 1292 5111 caseos
1319 5040 1416 5129 duos,
1443 5061 1512 5111 non
1539 5040 1696 5111 solvunt
1696 5093 1855 5129 .......
1982 5059 1992 5072 “

306 5159 388 5227 item
419 5156 587 5227 'laborant
621 5154 707 5226 duos
742 5155 817 5237 dies
852 5156 888 5227 in
922 5140 1116 5246 septimana
1149 5159 1292 5249 proprio
1319 5180 1429 5232 curru.
1451 5168 1513 5231 aut
1535 5166 1674 5248 aratro;
1700 5161 1783 5232 item
1806 5160 1856 5232 ad

300 5274 484 5370 poscebam
509 5281 673 5347 tenentur
700 5280 900 5379 utramque;
925 5277 1009 5348 item
1036 5283 1093 5349 est
1117 5279 1266 5349 taberna
1292 5280 1328 5350 in
1354 5279 1475 5351 eadem
1493 5281 1583 5363 villa,
1603 5302 1692 5371 quae
1719 5281 1853 5353 habeus

306 5417 409 5467 unum
437 5397 584 5484 laneum,
609 5396 714 5467 solvit
740 5417 844 5471 unam
870 5414 1077 5487 sexagenam
1095 5399 1148 5473 vd
1168 5398 1254 5471 duas
1271 5420 1426 5490 mareaa3
1452 5421 1520 5472 non
1538 5408 1593 5473 est
1612 5402 1857 5492 molendium,

305 5539 374 5589 non
402 5523 483 5588 sunt
509 5517 748 5606 hortulanum,
775 5518 858 5588 item
885 5524 939 5589 est
966 5519 1145 5609 praedium
1164 5520 1329 5609 optimum
1346 5523 1548 5594 monasterii
1569 5522 1795 5614 lbincieusia,
1812 5522 1857 5597 de

305 5661 372 5728 quo
400 5640 485 5709 nulli
512 5641 574 5711 dat
601 5638 777 5727 decimam,
805 5639 865 5709 sed
893 5660 968 5709 eam
995 5660 1058 5729 pro
1087 5660 1124 5710 se
1150 5640 1244 5713 tollit
1270 5648 1306 5714 et
1332 5642 1367 5712 in
1394 5643 1557 5715 borreum
1585 5664 1694 5715 suum
1710 5643 1856 5716 inducit.

306 5760 394 5835 ltem
421 5781 539 5831 omnes
575 5760 665 5832 lanei
702 5767 737 5830 et
764 5760 840 5848 agri
868 5759 971 5831 villae
1007 5759 1201 5850 praefatae,
1216 5762 1369 5835 'soleunt
1404 5771 1441 5834 et
1466 5765 1663 5836 conducunt
1688 5763 1857 5837 decimam

307 5881 569 5971 manipularem.
594 5889 631 5952 et
657 5881 857 5970 canapalem
873 5899 948 5969 pro
974 5882 1188 5953 monasterio
1217 5882 1433 5972 Tbinciensi,
1459 5889 1496 5955 et
1522 5885 1622 5955 valor
1646 5885 1724 5956 eius
1750 5886 1857 5957 aesti-

307 6009 423 6073 matur
449 6001 493 6072 ad
513 6022 583 6072 sex
610 6021 752 6073 mareas.
780 6000 872 6085 item
894 6006 975 6071 sunt
1002 6002 1049 6072 ibi
1078 6002 1146 6072 duo
1172 6003 1306 6073 nobiles
1333 6004 1500 6074 habentes
1522 6026 1627 6093 agros
1644 6012 1681 6076 et
1698 6006 1856 6095 praedia·

307 6121 358 6191 les
385 6129 508 6192 terras.
535 6121 622 6192 ltem
649 6122 805 6193 aunt‘ibi
827 6121 916 6197 duae
944 6123 1163 6194 hortulaniae
1190 6123 1360 6195 babentes
1377 6143 1489 6213 agros,
1506 6131 1544 6196 et
1560 6125 1739 6216 quaelibet
1752 6127 1858 6198 solvit

308 6262 368 6312 ser
394 6263 535 6330 grossos
561 6262 625 6330 pro
653 6263 766 6333 censu,
793 6248 830 6313 et
847 6264 963 6315 uuum
989 6243 1080 6316 diem
1107 6244 1143 6315 in
1170 6242 1365 6333 septimana
1390 6244 1545 6333 pedestri
1571 6245 1707 6318 laboret
1733 6267 1856 6336 opara;
