4217 8059
3282 1592 3365 1633 ss
3489 1502 3634 1574 321
3694 1546 3701 1551 -

3266 1654 3297 1673 .-
3316 1636 3369 1671 --ι

538 1706 610 1772 et
667 1699 867 1771 valor
918 1700 1004 1771 ad
1059 1700 1292 1772 decem
1347 1722 1634 1775 marcas.
1687 1702 1864 1773 Item
1915 1702 2116 1777 iuxta
2168 1702 2402 1775 vinam
2456 1704 2527 1776 in
2580 1704 2859 1776 flumine
2914 1704 3022 1801 vj
3044 1705 3184 1778 sla
3234 1674 3449 1781 ιῑζῐιὶιι
3492 1730 3639 1781 mo-

539 1823 919 1893 nasterium
975 1822 1407 1893 obstaculum
1461 1824 1735 1895 bonum.
1787 1822 2111 1895 Gonfinat
2163 1845 2316 1917 cum
2372 1824 2557 1897 villis
2594 1880 2822 1896 .....

743 1942 1389 2033 WLoscznwrczn,
1445 1943 1611 2014 villa
1645 1944 1775 2015 sub
1813 1944 2143 2035 parochia
2196 1946 2526 2017 ecclesiae
2580 1946 2667 2017 de
2719 1946 3429 2038 Pyotrkowicze
3482 1952 3638 2041 sit'a,

536 2070 608 2135 et
658 2084 786 2152 per
838 2063 1374 2135 Boleslaum
1430 2064 1865 2165 Pudicum
1937 2065 2181 2137 ducem
2234 2072 2309 2139 et
2358 2064 2805 2171 monarcham
2860 2069 3061 2159 regni
3113 2068 3443 2141 Poloniae
3496 2093 3642 2143 mo-

536 2187 842 2256 nasterio
899 2183 1133 2255 Sancti
1188 2184 1510 2256 Andreae
1564 2156 1840 2257 donata
1893 2177 1976 2256 Iu
2029 2208 2171 2277 qua
2200 2184 2399 2271 εΜ-
2438 2174 2736 2261 sedecim
2792 2189 2975 2260 lanei
3030 2191 3517 2281 emethonales,
3571 2199 3643 2264 et

541 2307 833 2396 quilibet
884 2306 1094 2377 solvit
1148 2327 1275 2397 pro
1329 2327 1540 2378 censu
1585 2326 1796 2377 unum
1849 2307 2195 2379 fertonem
2224 2282 2528 2381 latorum·
2564 2330 2987 2400 grossorum3
3041 2312 3207 2383 item
3265 2332 3433 2395 ova,
3468 2312 3639 2384 item

533 2428 754 2517 gallos
809 2429 981 2499 duos
1036 2427 1349 2516 solvunt3
1426 2449 1668 2498 caseos
1721 2449 1858 2499 non
1911 2435 2245 2501 tenentur
2276 2430 2587 2501 solvere.
2675 2430 2849 2504 Item
2905 2454 3041 2503 non
3096 2438 3260 2505 sunt
3308 2434 3641 2507 tabernae

535 2538 841 2638 aliquae,
913 2568 1138 2639 neque
1192 2550 1647 2620 hortulaniae.
1737 2549 1911 2620 Item
1965 2551 2036 2619 in
2094 2551 2333 2622 eadem
2388 2552 2557 2622 villa
2624 2560 2735 2622 est
2787 2551 3149 2641 praedium
3223 2554 3640 2645 coenobiale,

544 2668 724 2758 qnod
778 2669 947 2739 nulli
1006 2670 1215 2739 solvit
1269 2669 1636 2758 decimam,
1695 2670 1815 2740 sed
1870 2690 2022 2741 eam
2076 2691 2206 2760 pro
2261 2692 2335 2742 se
2390 2672 2591 2759 tollit,
2648 2678 2721 2742 et
2774 2673 2846 2743 iu
2899 2674 3226 2745 horreum
3280 2696 3479 2745 suum
3538 2677 3643 2746 in-

537 2791 743 2860 ducit.
834 2790 1008 2861 Item
1067 2810 1302 2861 omnes
1357 2791 1508 2881 agri
1562 2791 2028 2863 cmethonales
2082 2791 2362 2863 solvunt
2415 2792 2747 2864 decimam
2805 2772 3332 2885 manipularem,
3386 2803 3459 2867 et
3518 2816 3645 2887 per

474 2959 478 2963 -
539 2916 837 3000 quatuor
890 2912 1168 3001 ierugas
1223 2911 1664 3001 canapalem,·
1693 2912 2048 2984 custodiae
2102 2912 2535 3003 Kielczensi‚
2588 2919 2661 2984 et
2712 2919 3041 2985 tenentur
3092 2914 3280 2985 illam
3336 2917 3641 3006 propriis

540 3031 858 3102 curribus
913 3033 1166 3103 ducere
1239 3032 1308 3102 in
1363 3020 1688 3103 horreum
1743 3053 1785 3102 a
1837 3032 2123 3104 custode
2176 3033 2538 3105 locandum
2560 3090 2577 3120 ,
2648 3040 2718 3104 et
2772 3034 2967 3106 valor
3029 3036 3179 3106 eius
3235 3036 3645 3108 aestimatur

467 3228 476 3249 ,
538 3153 626 3223 ad
681 3152 1068 3242 quindecim
1121 3172 1409 3224 marcas.
1497 3152 1672 3223 Item
1729 3153 2006 3224 labores
2079 3153 2348 3244 aliquos
2419 3155 2906 3259 septimanales
2961 3177 3096 3227 non
3149 3156 3447 3247 faciunt,
3520 3158 3643 3229 sed

535 3271 850 3368 irarzyny
886 3281 1105 3362 arant,
1164 3276 1505 3344 seminant
1539 3283 1612 3345 et
1648 3273 2045 3366 disponunt.
2101 3274 2281 3345 Item
2319 3276 2408 3346 ad
2441 3274 2802 3371 powabam
2837 3297 2973 3347 non
3013 3282 3357 3349 tenentur.
3412 3276 3645 3401 Confi-

543 3401 668 3465 nat
724 3414 878 3465 cum
929 3394 1118 3465 villis
1171 3393 1524 3493 Kyg'ye‚
1579 3394 2082 3486 Stawyani‚
2139 3393 2992 3469 Gotharthowicze.

661 3760 1040 3887 Ecclesia
1109 3761 1188 3838 in
1255 3762 1850 3866 zarnowyecz
1893 3782 2106 3840 cum
2173 3762 2583 3843 tabernis·
2624 3766 2713 3840 et
2770 3694 3177 3841 theloneo
3244 3762 3551 3842 ibidem

801 3900 1508 4023 coneletentibue,
1563 3905 1650 3979 et
1714 3899 2067 3979 decimis
2132 3899 2235 3979 ed
2303 3899 2659 3999 eandem
2722 3900 3370 4005 perfluentibus.

745 4118 1114 4193 Translato
1167 4120 1666 4193 Boleslans
1721 4102 2125 4192 Pudicus
2176 4122 2379 4210 regni
2434 4119 2765 4192 Poloniae
2816 4120 2957 4193 dux
2994 4127 3065 4191 et
3100 4120 3647 4211 monarcha&-

541 4242 981 4315 wichostensi
1039 4243 1462 4313 monasterio
1489 4243 1583 4312 -in
1641 4228 2043 4327 Skalam,
2099 4246 2171 4310 et
2222 4240 2471 4311 exinde
2508 4241 2595 4312 ad
2634 4240 2871 4311 Sancti
2910 4240 3233 4312 Andreae
3286 4242 3645 4323 basilicam

538 4365 614 4433 in·
664 4362 1244 4450 cracoviam,
1325 4344 1568 4433 dotem'
1610 4362 1914 4451 priorem
1967 4382 2149 4433 novo
2202 4360 2683 4452 supplemento
2734 4367 3085 4450 aucturuS,
3140 4360 3375 4433 villam
3431 4359 3643 4433 duca-

537 4485 670 4555 lem
726 4484 960 4555 Zarn
986 4504 1382 4577 owyecz,
1453 4504 1537 4555 ex
1605 4504 1742 4572 qua
1813 4482 2141 4573 oppidum
2193 4483 2267 4553 iu
2322 4502 2657 4572 processu
2723 4482 2991 4554 dierum
3064 4482 3258 4555 extat
3324 4483 3645 4571 locatum,

537 4626 688 4676 cum
743 4606 1054 4677 tabernis
1110 4605 1365 4676 ibidem
1423 4604 1982 4692 consistentibus,
2037 4605 2203 4675 item
2252 4624 2403 4675 cnm
2459 4603 2782 4675 theloneo
2836 4603 2970 4675 loci
3025 4602 3329 4674 eiusdem
3369 4611 3439 4674 et
3475 4602 3645 4674 alia-

538 4748 688 4798 rum
767 4727 1087 4799 villarum
1159 4726 1658 4816 pertinentium
1714 4725 1804 4795 ad
1855 4724 2145 4795 eandem
2165 4779 2181 4810 ,
2254 4724 2325 4794 in
2382 4724 2608 4795 tribus
2660 4725 2923 4795 stratis
2976 4743 3099 4795 seu
3162 4724 3294 4794 viis
3348 4723 3643 4814 publicis

539 4849 1042 4938 recipiendum,
1119 4848 1445 4920 videlicet
1499 4848 1586 4917 in·
1624 4847 1771 4935 via,
1845 4866 2021 4936 quae
2074 4844 2269 4917 vadit
2320 4866 2446 4934 per
2518 4845 2856 4935 Lelow,
2928 4849 3000 4949 et
3050 4844 3235 4916 inter
3287 4842 3378 4913 W
3396 4864 3645 4933 ysze·

538 4971 1034 5060 nyeszicze
1087 4977 1162 5040 et
1212 4969 1767 5056 Kroczicze,
1821 4967 1985 5038 item
2041 4967 2302 5055 invia,
2356 4987 2535 5057 quae
2583 4967 2778 5037 vadit
2830 4986 2957 5056 per
3007 4964 3394 5055 praefatum
3449 4964 3645 5056 oppi-

536 5093 698 5163 dum
737 5091 1390 5182 Zaruowyecz,
1445 5092 1609 5161 item
1647 5090 1861 5161 tertio
1899 5091 1967 5158 in
2006 5089 2138 5176 via,
2177 5108 2353 5178 quae
2391 5109 2517 5178 per
2554 5087 3089 5158 Pstrolicze
3142 5093 3217 5157 et
3251 5086 3648 5158 Strosza

540 5212 828 5282 duarum
887 5213 1435 5301 provinciarum,
1517 5231 1693 5301 quae
1746 5216 1912 5281 tunc
1965 5209 2024 5280 Ο
2042 5230 2155 5300 pp
2174 5210 2257 5281 ol
2279 5231 2325 5300 y
2343 5230 2384 5281 e
2436 5209 2821 5298 vulgariter
2872 5207 3394 5299 appellabatur3
3475 5200 3641 5278 item

540 5338 611 5402 et
663 5333 836 5403 alias
892 5334 1093 5404 villas
1147 5334 1341 5404 iuxta
1394 5333 1440 5404 S
1460 5333 1505 5403 k
1527 5331 1758 5402 alam
1833 5331 2291 5403 consistentes
2345 5330 2717 5401 donatione
2772 5335 3113 5420 perpetua
3166 5328 3415 5416 donat,
3470 5329 3645 5398 assi-

537 5461 706 5544 gnat
760 5460 834 5525 et
886 5455 1222 5526 inscribit.

748 5575 920 5646 Item
958 5576 1029 5646 in
1066 5575 1360 5665 amplius
1397 5574 1986 5665 ',supplementum
2039 5573 2399 5667 ecclesiam
2412 5540 2919 5687 mochialem
2976 5570 3046 5640 in
3082 5569 3351 5638 Zarno
3370 5588 3648 5658 wyecz,

538 5703 917 5787 proventus
971 5701 1043 5767 et
1095 5696 1398 5767 decimas
1466 5694 1865 5786 frequentes
1937 5694 2341 5782 habentem,
2394 5698 2469 5764 et
2522 5694 2610 5764 ad
2665 5694 2773 5764 ius
2826 5695 3275 5803 patronatus
3292 5689 3647 5778 pertinen-

540 5823 677 5889 tem
732 5818 990 5907 ducale,
1045 5837 1200 5889 cum
1253 5816 1668 5888 sanctuariis
1704 5824 1777 5886 et
1814 5817 2213 5885 camerariis
2267 5816 2430 5903 suis,
2486 5813 2874 5885 nominibus
2928 5830 3166 5883 eorum
3207 5831 3331 5901 per
3366 5830 3649 5899 expres-

540 5961 689 6010 sum
747 5939 1144 6029 designatis,
1202 5958 1352 6011 cum
1408 5939 1724 6010 omnibus
1779 5937 2063 6008 decimis
2118 5942 2191 6007 et
2242 5934 2685 6025 pertinentiis
2728 5935 2871 6005 suis
2925 5936 2999 6004 et
3050 5932 3298 6003 annuis
3352 5929 3645 6002 redditi-

541 6065 691 6149 bus,
746 6060 968 6133 eidem
1023 6061 1447 6132 monasterio
1500 6060 1738 6132 Sancti
1795 6058 2116 6130 Andreae
2168 6057 2489 6146 largitur,
2571 6057 2723 6127 unit
2777 6062 2848 6126 et
2902 6055 3321 6144 incorporat,
3372 6052 3641 6125 relictis

539 6185 747 6255 certis
803 6180 1190 6253 redditibus
1263 6188 1334 6252 et
1386 6182 1792 6254 introitibus
1866 6201 1993 6293 pro
2049 6179 2341 6251 ecclesia
2412 6176 2794 6267 parochiali
2865 6176 2937 6246 iu
2991 6175 3048 6246 Z
3068 6196 3165 6245 ar
3187 6198 3223 6242 ιι
3251 6198 3287 6246 ιι
3311 6192 3552 6266 wyse
3576 6198 3648 6269 z

542 6328 623 6377 ex
683 6305 938 6396 quibus
1009 6302 1196 6374 illius
1266 6303 1603 6392 plebanus
1653 6308 1750 6375 et
1761 6306 2012 6375 rector
2079 6322 2233 6372 cum
2290 6301 2434 6371 suis
2488 6298 2864 6385 ministriS,
2940 6306 3215 6399 possent
3291 6274 3714 6382 [om

537 6428 938 6513 subsistere,
993 6433 1065 6496 et
1117 6445 1330 6496 onera
1383 6418 1770 6521 parochiae
1811 6422 2133 6517 implere,
2219 6444 2389 6513 quas
2462 6418 2737 6511 quidem
2812 6419 3111 6489 decimas
3185 6438 3295 6486 ma

747 6594 1044 6636 numeneus
1087 6594 1172 6634 ιιι.
1661 6562 1686 6585 ”
1791 6582 1894 6675 ζ)
2984 6654 3003 6677 ι
3243 6566 3306 6610 ιι
3340 6513 3645 6659 ω.

3528 6640 3577 6666 fi

1253 6740 1312 6797 ο
1867 6764 1890 6785 ι’
2502 6784 2523 6817 ¹:
2946 6768 2999 6803 ·
3078 6796 3117 6815 a·
3283 6818 3288 6822 ,
3410 6794 3433 6818 ,-’

917 6826 980 6885 ¹·
2116 6832 2125 6841 ·
2644 6852 2651 6857 .
3557 6854 3572 6862 -
3620 6841 3637 6857 ρ
3699 6838 3708 6850 .-

2116 6912 2135 6939 ¹-

843 6954 850 6957 .
869 6950 888 6957 .-
1607 6946 1622 6957 n
2051 6942 2064 6957 Ι
2099 6936 2104 6957 ἶ
2558 6938 2575 6957 ἢ
3036 6948 3063 6958 ᾳ

3527 6906 3651 6957 ’Ἧι

3876 6198 3939 6259 ἢ

3900 6475 3921 6562 i
