4217 8059
281 1492 356 1563 430
674 1542 784 1613 ..ἢ
927 1452 933 1463 ’
1052 1515 1061 1525 -

170 1690 173 1697 ’
280 1698 378 1771 Ηοοο
404 1698 520 1767 villum
549 1698 630 1768 eruit
658 1670 972 1769 Praeiiiislaus
999 1682 1218 1788 Cppoliensls
1245 1696 1331 1788 dux,
1361 1694 1503 1768 donarit
1530 1716 1604 1766 eam
1629 1696 1710 1766 dum
1736 1700 1830 1767 esset

280 1818 385 1908 sylva.
425 1817 585 1889 Conlinat
613 1840 688 1889 cum
717 1874 883 1888 .......
1431 1819 1433 1824 ’
1632 1886 1639 1895 ,

383 1939 605 2028 Pocuwszu,
641 1940 723 2011 uilla
750 1941 814 2010 sub
842 1940 1007 2028 parochia
1033 1939 1199 2009 ecclesiae
1227 1938 1269 2009 de
1297 1939 1477 2009 Riczow
1503 1939 1588 2028 sita,
1624 1939 1721 2010 cuius
1749 1958 1831 2027 pro·

279 2061 409 2152 prietas
445 2062 488 2133 ad
517 2063 762 2133 monasterium
799 2061 964 2132 Clarae
1002 2059 1200 2130 Tumbae
1236 2060 1396 2149 pertinet.
1442 2058 1497 2153 lu
1518 2080 1585 2148 qua
1620 2066 1701 2130 sunt
1738 2059 1830 2130 lanei

279 2182 521 2272 cmcthonales,
548 2188 584 2253 et
611 2183 756 2272 quilibet
783 2181 886 2253 solvit
923 2236 1090 2270 .......
1117 2182 1200 2251 item
1229 2202 1303 2271 oua,
1330 2182 1412 2251 item
1440 2168 1560 2270 gallos,
1588 2180 1670 2251 item
1699 2200 1830 2267 caseos3

280 2303 362 2374 item
389 2303 497 2393 labor,
524 2304 607 2374 item
627 2301 794 2398 poenalia,
822 2305 904 2373 item
932 2323 1092 2396 oamyepn
1128 2303 1210 2372 item
1238 2303 1394 2391 taberna,
1420 2305 1505 2372 item
1531 2301 1729 2390 hortulani,
1745 2302 1829 2372 item

279 2425 468 2515 praedium,
495 2425 577 2495 item
605 2424 847 2495 molendinum.
873 2424 961 2494 Itom
990 2424 1032 2493 de
1060 2424 1218 2494 omnibus
1246 2419 1339 2511 agris
1367 2423 1469 2493 villae
1496 2423 1643 2494 solvitur
1661 2477 1831 2492 .......

279 2546 379 2618 Hanc
414 2545 531 2617 villam
567 2547 650 2616 emit
685 2567 749 2636 pro
776 2545 987 2616 monasterio
1024 2544 1210 2634 Mogilensi
1247 2544 1441 2614 Thomas
1476 2544 1583 2614 abbas
1616 2541 1832 2632 Mogilensis,

280 2687 344 2756 pro
371 2672 509 2737 centum
537 2644 659 2755 viginti
687 2667 813 2736 marcis
840 2667 987 2737 latorum
1015 2686 1225 2755 grossorum.
1253 2664 1413 2736 Continui
1430 2718 1571 2735 ......

384 2787 688 2877 Zroooowrczn,
728 2787 811 2859 villa
843 2788 907 2858 sub
935 2788 1100 2878 parochia
1136 2786 1179 2856 de
1206 2786 1458 2879 Woszniky
1494 2787 1581 2876 sita,
1621 2788 1656 2857 in
1691 2786 1831 2857 flumine

280 2907 510 2998 Othuska,
550 2909 648 2980 cuius
675 2909 871 2999 proprietas
899 2909 943 2979 ad
970 2909 1216 2982 monasterium
1245 2907 1413 2980 Clarae
1440 2907 1640 2984 Tumbae
1667 2894 1830 2998 pertinet.

278 3028 320 3100 ln
348 3050 415 3120 qua
441 3035 523 3102 sunt
550 3030 801 3120 quinquaginta
827 3030 919 3100 lanei
946 3029 1190 3119 emethonales,
1218 3036 1254 3100 et
1281 3031 1427 3121 quilibet
1456 3030 1561 3101 soluit
1580 3083 1721 3118 ......
1747 3028 1832 3098 item

280 3170 355 3241 ova,
382 3152 464 3222 item
491 3150 612 3243 gallos,
640 3153 722 3224 item
749 3171 888 3240 caseos3
915 3153 997 3223 item
1025 3151 1135 3240 labor,
1162 3153 1243 3222 item
1266 3149 1423 3246 qimanda,
1451 3152 1533 3221 item
1562 3171 1719 3245 orssayep,
1745 3151 1831 3220 item

280 3273 436 3362 taberna,
464 3273 547 3344 item
575 3272 761 3363 hortulani,
788 3275 869 3344 item
893 3275 1083 3373 praedium,
1110 3272 1464 3361 item-molendinum,
1492 3273 1575 3343 item
1603 3272 1646 3342 de
1673 3271 1834 3342 omnibus

282 3395 376 3483 agris
403 3394 550 3466 solvitur
570 3448 683 3464 .....
710 3392 815 3465 Multi
842 3395 934 3466 lanei
953 3417 974 3466 a
991 3396 1130 3466 flumine
1157 3394 1319 3466 Skawa
1346 3394 1459 3464 vorati
1487 3400 1577 3464 sunt.
1595 3374 1675 3462 'Per
1694 3391 1834 3462 Theo-

281 3514 457 3587 dricum
493 3517 655 3588 abbatem
689 3515 917 3606 Mogilcnsem
952 3537 973 3586 a.
1004 3516 1117 3588 milite
1153 3515 1381 3586 Floriano
1419 3520 1628 3604 comparata.
1673 3512 1835 3584 Confluat

282 3632 359 3707 cum
379 3691 493 3706 .....

384 3757 597 3846 Woszurrrr‚
623 3758 706 3829 villa
732 3757 864 3830 habens
891 3758 1123 3848 parochialem
1160 3759 1342 3830 ecclesiam
1369 3758 1404 3828 iu
1432 3778 1488 3846 se,
1525 3756 1670 3828 Sanctae
1697 3754 1835 3826 Mariae

281 3879 440 3968 dicatam,
467 3881 564 3951 cuius
592 3879 788 3969 proprietas
815 3878 859 3949 ad
886 3880 1135 3951 monasterium
1162 3878 1358 3969 Mogileusc
1384 3880 1548 3970 pertinet.
1588 3878 1628 3949 lu
1656 3898 1724 3968 qua
1751 3884 1835 3948 sunt

283 4001 372 4070 lanei
400 4000 641 4088 cmethonales‚
669 4005 704 4070 et
731 3999 878 4090 quilibet
903 3988 1007 4072 solvit
1026 4054 1247 4090 .........
1275 4003 1357 4072 item
1385 4021 1466 4090 ova,
1492 4000 1575 4072 item
1602 3999 1723 4089 gallos,
1749 3999 1836 4069 item

278 4140 411 4210 caseos,
439 4121 519 4191 item
547 4120 655 4208 labor,
684 4122 766 4191 ite'm
792 4119 945 4216 ροοοοο,
972 4120 1055 4193 item
1083 4143 1231 4216 oauyep,
1258 4122 1340 4192 item
1359 4122 1516 4210 taberna,
1543 4122 1628 4192 item
1645 4118 1837 4207 hortulani,

283 4243 364 4311 item
392 4241 579 4331 praedium.
607 4241 695 4312 Item
711 4238 1017 4313 ‘molendinum'iu
1045 4241 1183 4313 flumine
1210 4242 1369 4313 Skaua
1398 4243 1582 4330 situatum,
1609 4240 1701 4331 quod
1727 4240 1835 4310 solvit

282 4383 348 4452 pro
374 4364 584 4433 munasterio
600 4417 739 4432 ......
766 4363 855 4434 ltem
882 4363 938 4434 de*
952 4364 1111 4434 omuibus
1138 4364 1233 4452 agris
1261 4362 1363 4434 villae
1391 4362 1539 4434 solvitur
1565 4368 1601 4433 et
1628 4361 1837 4433 conducitur

283 4483 415 4556 decima
442 4484 667 4573 manipularis
694 4491 729 4554 et
754 4483 930 4574 canapalis
966 4500 1030 4574 pro
1063 4484 1267 4555 scholastria
1296 4483 1535 4572 Cracoviensi,
1571 4491 1607 4554 et
1634 4483 1732 4554 valor
1759 4484 1838 4554 eius

284 4607 487 4677 aestimatur
504 4605 547 4676 ad
567 4603 653 4677 duas
671 4625 806 4676 marcas
824 4606 973 4677 latorum
993 4626 1204 4696 grossorum.
1232 4606 1319 4677 ltem
1338 4605 1483 4676 ecclesia
1510 4607 1544 4676 in
1573 4605 1617 4675 W
1629 4605 1837 4676 adouicz

228 4764 233 4771 ·
283 4717 405 4797 ¹subest
431 4727 596 4799 ecclesiae
624 4727 658 4821 ip
686 4725 954 4817 Woszuilry,
981 4735 1021 4797 ut
1047 4727 1121 4797 filia
1148 4727 1263 4815 matri,
1290 4727 1333 4798 de
1352 4730 1427 4798 eius
1453 4728 1680 4818 permissione
1695 4730 1837 4810 ,erecta

209 4847 213 4857 '
285 4845 444 4920 Cantium
470 4868 546 4919 cum
566 4901 679 4917 .....
706 4846 835 4936 Empta
862 4866 924 4937 per
950 4846 1233 4938 Stephanum
1263 4850 1424 4920 abbatem
1451 4848 1495 4920 dc
1523 4848 1655 4939 Mogila
1687 4847 1794 4918 1323.

389 4967 733 5060 Cauruoaowrezp,
760 4967 841 5039 villa
870 4969 936 5041 sub
961 4970 1127 5061 parochia
1154 4971 1197 5041 de
1224 4971 1635 5042 Racziborowicze
1662 4970 1749 5057 sita,
1774 4987 1838 5039 ou-

284 5091 339 5162 ius
365 5090 561 5180 proprietas
597 5090 640 5160 ad
668 5090 915 5162 monasterium
942 5074 995 5160 ¹de
1023 5091 1200 5182 Mogila
1227 5093 1387 5181 pertinet.
1432 5091 1471 5161 ln
1499 5111 1567 5181 qua
1594 5098 1675 5163 sunt
1701 5096 1836 5189 septem

285 5232 362 5283 cum
390 5210 503 5283 medio
528 5210 618 5281 lanei
647 5210 890 5300 cmethonales,
917 5216 954 5282 et
980 5211 1126 5301 quilibet
1153 5213 1258 5283 solvit
1284 5233 1348 5302 pro
1371 5232 1475 5283 censu
1495 5267 1502 5281 .
1522 5267 1529 5281 .
1548 5267 1554 5281 .
1574 5267 1581 5281 .
1601 5267 1635 5300 .,
1665 5212 1749 5281 item
1768 5231 1837 5282 ova

152 5428 155 5435 Ι
285 5333 449 5421 triginta,
484 5333 570 5428 item
593 5331 705 5422 gallos
733 5337 901 5422 quatuor,
938 5333 1020 5403 item
1050 5351 1189 5420 oase0s3
1228 5333 1311 5404 item
1338 5334 1497 5404 laborant
1527 5333 1648 5422 viginti
1685 5337 1838 5422 quatuor

155 5434 160 5443 ’
205 5552 208 5556 ¹
286 5454 371 5543 dies;
398 5455 481 5526 item
507 5451 685 5549 ponebam
713 5475 780 5525 uon
808 5454 983 5542 laborant,
1012 5455 1093 5524 item
1122 5476 1259 5549 oaarqep
1286 5455 1379 5542 dant,
1406 5454 1493 5525 duas
1520 5473 1699 5524 mensuras
1726 5452 1839 5541 siligi-

285 5577 340 5646 nis
366 5583 403 5647 et
429 5597 532 5648 unam
560 5596 699 5648 avenae.
743 5575 832 5646 Item
858 5576 1005 5646 taberna
1031 5594 1120 5661 arna,
1154 5596 1242 5666 quae
1268 5576 1373 5648 solvit
1399 5581 1472 5647 tres
1500 5595 1634 5646 marcas
1661 5575 1704 5646 de
1731 5594 1839 5649 ceusu

286 5719 349 5788 pro
376 5699 596 5787 monasterio,
623 5704 657 5769 et
685 5718 753 5768 non
781 5697 926 5768 laborat.
971 5697 1058 5767 Item
1089 5698 1263 5769 hortulani
1291 5721 1358 5769 non
1387 5704 1482 5786 sunt,
1509 5717 1621 5787 neque
1647 5696 1838 5787 praedium,

286 5832 397 5909 neque
424 5819 665 5890 molendinum.
694 5818 781 5889 Item
809 5818 852 5888 de
879 5819 1037 5889 omnibus
1065 5821 1159 5909 agris
1181 5820 1281 5891 villae
1306 5820 1455 5893 solvitur
1482 5826 1519 5889 et
1545 5817 1749 5890 conducitur
1774 5817 1837 5888 de-

287 5941 376 6012 cima
402 5922 627 6031 manipularis
654 5946 690 6011 et.
718 5940 908 6029 canapalis,
936 5961 1000 6029 pro
1027 5941 1170 6011 ecclesia
1199 5940 1388 6030 parochiali
1415 5941 1562 6012 Sanctae
1588 5939 1839 6029 Margarethae

281 6056 323 6134 ¹iu
350 6049 784 6150 Racziborouicze,
812 6068 848 6131 et
874 6064 978 6133 valor
991 6063 1066 6132 eius
1084 6062 1288 6132 aestimatur
1306 6060 1349 6130 ad
1368 6061 1548 6132 duodecim
1567 6080 1710 6133 marcas.
1736 6058 1841 6132 Com·

272 6193 411 6274 ·parata
437 6189 491 6254 est
517 6182 599 6253 villa
634 6183 709 6272 ipsa
745 6204 808 6275 pro
835 6185 1045 6256 monasterio
1074 6183 1277 6272 Mogilensi,
1314 6204 1377 6272 pro
1414 6182 1676 6274 quadringentis
1710 6185 1841 6255 marcis

288 6305 437 6377 latorum
462 6324 672 6394 grossorum,
699 6326 762 6395 per
787 6305 1037 6376 ,iohannem
1065 6306 1226 6377 abbatem
1253 6306 1450 6396 ruthenum,
1477 6305 1607 6376 dictum
1634 6304 1842 6376 Stecheer.

263 6418 446 6499 ‘Continet
474 6446 549 6496 cum
577 6426 944 6515 Mistrzowicze,
971 6426 1167 6518 Prussy,
1194 6426 1495 6525 Byeuczviczei
