4217 8059
347 1494 369 1563 8

447 1701 594 1791 θοντο,
621 1703 704 1773 villa
729 1702 793 1773 sub
820 1704 986 1792 parocbia
1012 1704 1056 1775 de
1081 1703 1251 1795 Kydow
1278 1706 1365 1794 sita,
1401 1705 1497 1776 cuius
1524 1707 1720 1796 proprietas
1748 1706 1791 1777 ad
1818 1728 1892 1779 mo-

346 1825 534 1898 nasterium
561 1823 829 1914 Myecboviense
855 1824 1016 1913 pertinet.
1061 1825 1101 1895 In
1129 1846 1197 1914 qua
1223 1832 1304 1898 sunt
1330 1826 1421 1897 lanei
1448 1826 1701 1917 cnrethonales3
1728 1833 1764 1898 et
1791 1828 1892 1918 quili-
1954 1828 1958 1835 '

344 1948 406 2019 bet
432 1946 536 2017 solvit
561 1965 624 2036 per
652 1946 911 2035 quatuordecim
939 1950 1078 2036 scottos
1105 1925 1194 2017 item
1207 1967 1273 2019 ova
1299 1948 1454 2038 triginta,
1482 1949 1567 2019 item
1594 1948 1705 2038 gallos
1733 1954 1892 2040 quatuor,

344 2069 427 2140 item
454 2088 572 2138 caseos
599 2068 706 2156 duos3
741 2068 825 2138 item
852 2067 989 2139 laborat
1016 2066 1162 2158 quilibet
1188 2089 1294 2140 unum
1321 2068 1411 2140 diem
1438 2070 1474 2139 in
1500 2070 1713 2160 septimana,
1748 2071 1890 2160 proprio

343 2210 446 2261 curru
465 2193 527 2261 aut
544 2196 675 2278 aratr03
702 2189 784 2260 item
797 2187 982 2283 powcrdom
998 2195 1183 2278 utramque
1200 2188 1361 2260 laborant
1379 2189 1415 2261 in
1433 2189 1625 2278 frumentis
1652 2191 1742 2260 item
1754 2212 1890 2287 ossapep

279 2287 296 2306 ’
342 2311 489 2383 solvunt.
534 2311 622 2381 Item
649 2311 796 2382 taberna
822 2329 892 2381 uua
917 2310 1048 2381 habens
1076 2331 1188 2401 agros,
1215 2311 1249 2380 in
1278 2316 1391 2382 strata
1417 2311 1563 2401 publica,
1591 2318 1627 2382 et
1654 2311 1759 2382 solvit
1786 2332 1888 2385 unam

341 2454 416 2505 cum
444 2432 560 2503 media
586 2450 729 2504 marcas.
767 2432 856 2502 Item
883 2433 1080 2503 hortulanis
1114 2454 1184 2504 una
1200 2433 1341 2504 'babens
1368 2452 1480 2523 agros.
1516 2433 1604 2503 Item
1631 2433 1810 2522 praedium
1838 2440 1892 2505 est

341 2555 391 2627 ibi
418 2554 626 2645 coenobiale,
654 2552 697 2626 de
725 2575 793 2644 quo
820 2555 1066 2625 monasterium
1084 2553 1352 2644 Mycchoviense
1380 2554 1484 2625 solvit
1510 2554 1684 2625 decimam.
1711 2555 1801 2625 Item
1819 2576 1915 2626 mo··

342 2675 518 2748 lendInum
545 2679 599 2748 est
618 2675 673 2771 “ibi
700 2675 736 2746 in
763 2675 902 2748 flumine
929 2672 1112 2767 Byalya·
1137 2674 1180 2746 de
1207 2677 1275 2765 quo
1304 2675 1487 2747 solvuntur
1513 2674 1602 2747 duae
1629 2695 1775 2746 marcae.
1802 2676 1890 2747 Item

342 2818 461 2870 omnes
488 2798 565 2888 agri
590 2776 694 2869 villae
708 2796 860 2884 ,solvunt
882 2802 917 2867 et
935 2787 1130 2869 conducunt
1157 2795 1324 2868 decimam
1351 2795 1599 2886 manipularem
1628 2802 1664 2869 et
1690 2796 1890 2888 canapalem

342 2940 406 3012 pro
433 2917 644 2990 monasterio
673 2917 941 3010 Myecboviensi,
969 2924 1005 2990 et
1023 2905 1121 2990 valor
1148 2919 1223 2991 eius
1250 2919 1456 2990 aestimatur
1477 2918 1521 2989 ad
1540 2917 1720 2990 duodecim
1747 2938 1891 2989 marcas.

341 3042 429 3112 Item
456 3041 505 3112 ibi
532 3040 666 3130 piscina
691 3041 783 3112 bona
809 3041 1010 3112 monasterii
1036 3041 1073 3111 in
1100 3041 1214 3120 borna.
1259 3040 1348 3111 Item
1375 3045 1457 3113 sunt
1492 3039 1541 3111 ibi
1568 3038 1742 3110 mellificia
1772 3059 1890 3111 mona-

341 3161 449 3240 sterii.
557 3190 559 3194 ·
1317 3184 1320 3189 ·

445 3280 608 3356 Gonflnat
634 3303 710 3356 curn
737 3282 921 3355 Solcza.
938 3338 962 3353 ..
978 3340 1008 3354 ..
1031 3284 1171 3356 Donata
1187 3282 1399 3357 monasterio
1425 3302 1489 3373 pcr
1515 3279 1718 3354 Gerlach
1744 3283 1889 3356 milltem

340 3406 478 3478 eteius
505 3425 647 3477 uxorem
675 3411 711 3477 et
736 3403 824 3476 duos
851 3404 949 3476 filios.

444 3523 670 3617 Goaczowo,
696 3524 780 3596 villa
805 3525 870 3598 sub
896 3526 1062 3616 parocbia
1089 3579 1202 3595 .....
1230 3527 1316 3615 sita,
1353 3526 1449 3597 cuius
1475 3525 1671 3616 proprietas
1698 3525 1742 3596 ad
1770 3546 1889 3597 mona-

341 3648 485 3720 sterium
513 3647 780 3739 Myechoviensc
807 3647 968 3739 pertiuet.
1011 3648 1051 3718 In
1080 3669 1148 3738 qua
1181 3653 1263 3720 sunt
1292 3647 1385 3720 lanei
1412 3647 1645 3719 cmethonales
1681 3652 1717 3719 et
1744 3648 1890 3737 quilibet

339 3768 444 3842 solvit
470 3824 611 3860 ......
637 3770 723 3841 item
750 3790 834 3859 ova,
861 3769 944 3841 item
971 3768 1101 3860 gallos,
1137 3769 1220 3841 item
1248 3789 1384 3859 caseos,
1419 3769 1502 3841 item
1528 3768 1638 3859 labor,
1665 3768 1748 3840 item
1772 3790 1890 3863 potua

337 3890 434 3982 bom,
470 3892 554 3963 itam
580 3912 734 3987 osazpcp,
771 3891 855 3963 item
890 3892 1074 3981 tabernae,
1109 3891 1191 3963 item
1219 3890 1416 3981 hortulani,
1452 3890 1534 3961 item
1571 3891 1768 3980 praedium,
1804 3890 1887 3961 item

338 4012 580 4115 molendinum.
620 4014 708 4084 Item
736 4034 854 4084 omnes
881 4014 956 4105 agri
991 4013 1095 4085 villae
1122 4012 1262 4085 solvunt
1297 4017 1334 4084 et
1360 4012 1556 4085 conducunt
1583 4012 1750 4083 decimam
1778 4014 1889 4083 mani-

340 4135 495 4226 pularem
522 4141 559 4206 et
574 4135 1008 4226 'canapalem....Donata
1034 4135 1244 4208 monasterio
1272 4156 1335 4227 per
1359 4134 1709 4207 Wscheborium
1736 4134 1889 4207 militem.

338 4255 503 4329 Alienata
529 4277 550 4327 a
576 4235 795 4330 monasterio.
1231 4327 1233 4330 ,
1408 4344 1417 4361 „

442 4377 703 4469 Rusucmona,
730 4378 815 4451 villa
840 4379 905 4450 sub
922 4379 1089 4470 parocbia
1116 4434 1230 4449 .....
1249 4379 1335 4468 sita,
1362 4377 1460 4449 cuius
1486 4377 1683 4468 proprietas
1710 4376 1755 4447 ad
1772 4398 1888 4448 mona-

338 4501 482 4573 sterium
509 4500 777 4593 Myechoviense
807 4500 969 4592 pertinet.
1018 4500 1058 4574 In
1087 4522 1155 4592 qua
1186 4505 1268 4572 sunt
1294 4499 1385 4571 lanei
1417 4498 1652 4571 cmethonales
1680 4504 1716 4569 et
1743 4498 1888 4588 quilibet

338 4618 443 4696 sol'vit
469 4679 655 4714 ........
682 4623 766 4695 item
794 4645 868 4714 ova,
895 4623 978 4695 item
1005 4623 1127 4713 gallos,
1154 4624 1238 4694 item
1265 4642 1393 4711 caseos
1421 4622 1502 4692 item
1530 4620 1638 4710 labor,
1667 4622 1748 4691 item
1769 4642 1887 4714 poulo-

336 4743 431 4830 bom,
458 4746 541 4815 item
560 4766 709 4840 oosqcp,
729 4746 810 4814 item
829 4745 989 4834 taberna,
1013 4746 1096 4814 item
1116 4744 1306 4831 hortulani,
1333 4742 1416 4812 item
1436 4741 1628 4831 praedium,
1657 4743 1738 4811 item
1759 4741 1887 4812 molen-

337 4865 465 4937 dinum.
509 4864 597 4935 Item
625 4885 742 4936 omnes
770 4866 855 4954 agri
872 4865 974 4935 villae
1002 4864 1141 4935 solvunt
1168 4869 1204 4934 ct
1223 4862 1418 4934 conducunt
1445 4862 1609 4934 decimam
1638 4862 1885 4952 manipularem

337 4991 373 5058 ct
390 4985 588 5076 canapalem
604 5040 612 5056 .
732 4985 871 5058 Donata
898 4985 1110 5059 monasterio
1138 5006 1201 5075 per
1219 4984 1504 5056 Ganimirum
1531 4985 1685 5056 militem.
1726 4983 1887 5054 Alienata

338 5102 605 5179 amonastcrio.

440 5220 574 5300 Kanna
600 5229 684 5300 villa
710 5230 774 5302 sub
801 5229 966 5320 parocbia
1002 5282 1144 5298 ......
1171 5229 1256 5318 sita,
1290 5229 1387 5299 cuius
1419 5226 1616 5318 propnetas
1643 5227 1687 5297 ad
1705 5231 1886 5298 'monaste-

336 5351 427 5423 rium
454 5350 722 5444 Myecboviense
748 5351 909 5444 pertinet.
949 5352 990 5421 In
1009 5371 1078 5440 qua
1104 5354 1186 5422 sunt
1211 5350 1302 5422 lanei
1330 5349 1563 5421 cmethonales
1590 5351 1626 5418 ct
1644 5348 1791 5438 quilibet
1817 5350 1885 5421 sol-

336 5473 389 5544 vit
407 5527 563 5563 .......
590 5473 675 5544 item
701 5493 782 5563 ova,
810 5472 892 5544 it'em
920 5471 1049 5564 gallos,
1077 5472 1161 5543 item
1190 5462 1317 5561 caseos,
1345 5471 1427 5542 item
1455 5468 1564 5560 labor,
1592 5471 1673 5541 item
1693 5468 1887 5564 pomulam,

336 5595 420 5665 item
438 5616 584 5690 osszyep,
611 5595 695 5666 item
713 5594 888 5685 tabernae,
915 5595 999 5665 item
1017 5572 1204 5684 hortulani,
1222 5593 1309 5664 item·
1323 5592 1514 5683 praedium,
1542 5593 1625 5663 item
1643 5591 1886 5663 molendinum.

327 5714 423 5788 Item
441 5733 559 5786 omnes
577 5716 654 5806 agri
667 5714 770 5787 villae
788 5715 926 5788 solvunt
944 5715 1110 5787 decimam
1124 5715 1374 5805 manipularem
1392 5720 1428 5785 ct
1442 5714 1639 5803 canapalem
1655 5767 1662 5783 .
1677 5768 1684 5781 .
1700 5768 1729 5782 ..
1748 5712 1888 5784 Donata

335 5837 544 5909 monasterio
571 5834 825 5928 perducebam
852 5838 1010 5910 comitem
1038 5836 1360 5909 Sandomiriensem.
1388 5835 1549 5908 Alienata
1576 5835 1834 5907 amonasterio.

439 5959 589 6049 Caeam,
616 5958 699 6031 villa
724 5960 760 6031 in
788 5960 874 6033 colle
901 5958 1138 6049 eminentiori,
1174 5979 1278 6051 super
1303 5959 1445 6031 fluvium
1481 5958 1607 6029 Raba
1633 5957 1718 6046 sita,
1754 5958 1886 6029 habens

334 6080 371 6152 in
388 6101 426 6152 sc
453 6080 632 6153 ecclesiam
658 6081 889 6172 parochialem
914 6078 1074 6172 ligneam.
1119 6080 1159 6152 In
1187 6101 1255 6173 qua
1281 6085 1362 6152 sunt
1388 6081 1495 6172 aliqui
1521 6079 1613 6150 lanei
1641 6079 1883 6169 cmethonales,

335 6202 397 6274 scd
415 6208 498 6274 sunt
514 6202 751 6275 tantummodo
778 6207 909 6293 septem
927 6203 1145 6275 hortulaniae
1171 6203 1339 6277 babentes
1358 6221 1459 6293 agros
1478 6200 1663 6292 speciales,
1691 6205 1727 6273 et
1745 6221 1883 6272 censum

334 6325 434 6397 iuxta
460 6326 689 6416 quantitatem
716 6346 878 6418 agrorum
905 6324 1136 6398 diversimode
1164 6325 1321 6414 solvunt;
1348 6345 1427 6395 nam
1446 6323 1552 6413 aliqui
1579 6324 1719 6397 solvunt
1736 6342 1799 6413 per
1816 6322 1885 6395 scr*

256 6436 259 6449 '
332 6452 467 6549 mecm,
502 6446 609 6550 alioqui
643 6453 864 6551 perceptam
895 6455 1044 6538 scottos,
1081 6447 1187 6538 aliqui
1222 6444 1440 6545 perdecem.
1480 6444 1570 6520 Item
1605 6444 1690 6520 villa
1724 6445 1883 6541 praefata
