4217 8059
306 1493 367 1584 40,

305 1704 444 1796 scripto,
471 1724 540 1776 uon
567 1704 652 1775 satis
679 1702 843 1774 admirari
869 1722 1009 1792 possum
1036 1701 1236 1792 pontificum
1263 1690 1744 1791 cracoviensem-pietaten,
1764 1662 1854 1790 affl

270 1851 272 1854 ’
304 1825 566 1916 promissionem
593 1824 700 1896 habet
725 1824 818 1901 vitae
844 1824 1038 1914 praesentis
1065 1827 1101 1895 et
1127 1828 1300 1911 aeternae,
1327 1822 1363 1892 in
1391 1841 1459 1911 qua
1485 1786 1855 1911 quatuorpantific'si,

306 1945 483 2017 videlicet:
510 1945 766 2035 Falconem,
793 1944 984 2033 ivonem,
1010 1943 1323 2015 Prandotharu
1350 1946 1387 2012 et
1412 1941 1600 2012 Paulum
1627 1938 1855 2012 videscerta-

304 2067 367 2138 tim
394 2086 475 2138 suas
502 2086 626 2157 operas
653 2086 808 2155 navasse,
835 2072 875 2137 ut
902 2065 1142 2137 diversorium·
1156 2068 1398 2136 construerent
1421 2068 1526 2154 atque
1552 2059 1717 2134 dotareat
1733 2063 1854 2132 huma-

304 2207 369 2258 nae
395 2189 561 2278 egestati3
587 2187 624 2258 in
650 2186 743 2278 quod
769 2187 875 2258 etiam
894 2184 1042 2258 infantes
1065 2185 1278 2257 clandestine
1295 2185 1452 2275 generati
1470 2187 1613 2274 possent
1630 2187 1707 2254 tate
1726 2180 1855 2254 deferri
1903 2263 1907 2271 ,

305 2312 341 2379 et
367 2308 504 2398 nutriri,
531 2313 568 2380 et
594 2301 856 2398 aiugulatlou'e
882 2312 919 2378 et
946 2307 1169 2379 suffocatione
1196 2306 1231 2377 in
1258 2306 1366 2378 vitam
1384 2303 1563 2376 vindicari.
1590 2302 1716 2375 Pensio
1737 2308 1854 2376 autem

304 2428 405 2500 auius
431 2447 569 2500 marcae
595 2427 807 2519 polonicalis,
844 2449 944 2519 quam
971 2429 1006 2499 in
1033 2427 1235 2500 fundatione
1266 2427 1368 2498 huius
1394 2425 1595 2499 monasterii
1621 2424 1701 2501 Iro
1716 2423 1855 2498 ¹Gracu—
1983 2522 1985 2525 ·

304 2549 433 2633 mensis
460 2549 659 2641 episcopus,
687 2550 761 2621 eius
797 2549 982 2639 primarius
1018 2549 1199 2638 fundator,
1227 2547 1438 2638 Wyennensi
1464 2545 1677 2619 monasterio
1703 2546 1883 2637 praefati

306 2668 436 2742 ordinis
472 2669 650 2742 mandavit
685 2654 871 2760 quotannis
906 2670 1097 2759 praestari,
1133 2669 1202 2740 iam
1238 2667 1368 2740 dudum
1404 2666 1536 2770 abolita
1560 2672 1633 2773 est,
1660 2673 1698 2740 et
1724 2665 1851 2738 matres

255 2791 258 2795 ’
303 2790 485 2881 hospitalis
511 2789 751 2863 Gracoviensis
777 2813 846 2862 uon
873 2791 942 2861 iam
969 2790 1193 2882 Wyenemisi,
1222 2789 1283 2861 sed
1314 2789 1443 2888 Urbica
1470 2782 1665 2879 praestana
1678 2792 1816 2860 monast
1839 2827 1852 2840 ·

309 2911 371 2999 rio,
400 2915 564 3004 tanquam
580 2911 742 2985 >omnium
769 2912 914 2984 aliorum
942 2911 986 2983 de
1013 2910 1134 2983 ordine
1152 2916 1188 2982 et
1206 2910 1373 3001 religione
1387 2909 1550 3001 praefata
1566 2910 1855 2982 monasteriorum

307 3032 412 3123 capiti
439 3039 475 3103 et
500 3033 640 3123 vertici,
667 3032 900 3106 obedientiam
935 3038 972 3104 et
999 3033 1216 3124 pensionem,
1244 3030 1335 3122 quod
1363 3032 1427 3104 sub
1455 3049 1540 3104 saxo
1566 3030 1767 3104 Neronis
1794 3051 1856 3113 seu

306 3152 577 3244 arceltomae
602 3154 718 3244 situm,
744 3173 788 3226 ex
812 3142 1030 3246 proprietate
1055 3153 1144 3226 situs
1171 3158 1208 3224 et
1232 3152 1308 3236 loci,
1327 3151 1575 3225 monasterium
1601 3151 1720 3224 Sancti
1745 3151 1855 3244 Spiri-
1925 3220 1948 3225 ..

305 3278 362 3345 tus
389 3278 426 3345 et
452 3274 538 3346 ordo
564 3273 712 3347 fratrum
738 3275 1042 3367 hospitalariorum
1070 3274 1113 3346 de
1140 3273 1287 3364 Saxia,
1313 3274 1377 3345 sub
1404 3270 1530 3373 regula
1544 3270 1646 3344 Beati
1665 3272 1855 3364 Augustini

306 3393 526 3487 militantium
554 3395 769 3486 appellatam
796 3395 964 3468 suscitata
989 3402 1105 3466 autem
1132 3400 1214 3468 sunt
1240 3395 1277 3466 in
1303 3393 1460 3486 praefatu
1487 3393 1654 3485 hospitali
1672 3400 1709 3466 et
1737 3415 1855 3466 mona·
1884 3488 1887 3492 ¹

256 3598 259 3609 Ι
296 3515 412 3587 sterio
432 3514 661 3587 cracoviensi
688 3515 834 3606 pulchra
859 3516 974 3588 coctili
1000 3536 1110 3606 muro,
1137 3535 1227 3607 quae
1254 3515 1341 3587 alias
1367 3513 1507 3587 fuerant
1530 3514 1647 3605 lignea
1664 3520 1701 3587 et
1717 3513 1857 3605 fragilia

305 3636 473 3726 aedificia,
499 3641 534 3708 et
561 3655 624 3727 per
651 3636 903 3727 providentiam
929 3637 1205 3728 industriamque
1236 3636 1483 3727 magistrorum
1510 3634 1657 3727 praefati
1682 3642 1855 3709 monaste-

305 3756 368 3847 rii,
395 3760 431 3827 et
457 3756 675 3829 devotionem
702 3756 873 3848 fidelium,
899 3758 935 3829 in
962 3756 1109 3830 solidam
1139 3758 1306 3830 fabmcam
1333 3756 1494 3847 redacte3
1520 3756 1581 3830 sed
1608 3761 1644 3828 et
1670 3757 1856 3830 modernus

305 3877 473 3968 magister
499 3882 536 3949 et
561 3879 783 3969 praepositus
810 3880 1012 3951 monasterii
1038 3859 1076 3974 et
1102 3880 1284 3971 hospitalis
1311 3875 1729 3975 praefatiflracoviensis,
1746 3881 1880 3970 magi-⁸
2013 3874 2016 3879 ’

235 4085 237 4089 ¹
305 4002 378 4070 uter
404 3997 569 4071 Nicolaus
595 3998 638 4070 de
664 3996 874 4090 Oppavia
899 4000 1090 4090 Moraviae,
1108 3999 1344 4077 Oloruuceusis
1362 3998 1539 4092 dioecesis,
1556 4001 1611 4073 uir
1629 4000 1746 4091 cornis,
1764 4000 1857 4092 frugi

305 4125 343 4189 et
367 4118 554 4208 modestus,
581 4127 745 4210 atquem
772 4120 914 4193 honoris
941 4122 1158 4194 nominamus
1184 4142 1299 4210 causa3
1325 4122 1390 4193 sub
1417 4120 1514 4193 caius
1532 4127 1690 4212 tempore
1708 4127 1745 4193 et
1760 4123 1853 4213 regi-

302 4241 394 4310 mine
420 4246 637 4330 praesentem
664 4262 728 4312 uos
755 4224 1021 4344 descriptionem
1038 4243 1218 4332 edidimus,
1231 4242 1375 4322 domum
1394 4242 1604 4315 scholarium
1621 4243 1726 4314 vilem
1744 4264 1853 4334 quon-

305 4360 384 4432 dum
410 4366 448 4433 et
473 4361 642 4464 ligneam,
668 4362 913 4455 ruinosamque
940 4384 1031 4437 auno
1058 4364 1197 4436 Domini
1229 4365 1299 4435 147
1303 4366 1335 4436 4.
1361 4363 1495 4437 fabrica
1520 4363 1645 4435 murali
1672 4369 1709 4436 et
1735 4365 1852 4438 coctili

304 4483 425 4553 erexit
454 4480 674 4574 Temporalia
699 4488 814 4555 autem
841 4485 951 4575 bonu,
978 4477 1070 4577 quae
1093 4484 1340 4557 monasterium
1368 4490 1404 4556 et
1430 4484 1601 4575 hospitale
1627 4481 1857 4558 cracoviense

303 4602 381 4693 sibi,
407 4603 452 4675 al)
478 4605 650 4695 episcopis
677 4603 974 4696 cracoviensibus
1000 4608 1060 4697 qui
1086 4607 1180 4678 illius
1206 4606 1407 4681 santonici
1434 4605 1626 4695 collatores
1643 4605 1857 4697 fundatores,

303 4724 481 4796 dotatdres
507 4731 544 4797 et
569 4727 707 4815 patroni
733 4727 869 4797 obtinet
894 4727 1032 4816 donata,
1060 4748 1103 4798 ne
1130 4727 1255 4818 aliquo¹
1274 4727 1426 4818 maligno
1452 4732 1580 4799 eventu
1606 4728 1765 4819 abrumpi
1792 4734 1854 4801 aut
1929 4806 1932 4811 ,

305 4844 450 4915 adunari
486 4865 508 4916 a
543 4866 715 4937 quoquam
738 4847 903 4937 possint,
930 4847 974 4919 ad
1010 4847 1283 4941 perpetuandam
1318 4860 1442 4922 eorum·
1465 4849 1667 4922 memoriam
1695 4850 1857 4941 deinceps

304 4964 456 5056 scripere
482 4969 520 5035 et
544 4965 711 5039 adnotare
738 4967 923 5040 ordiemur.
1445 4988 1447 4992 ·

955 5212 1189 5308 ‘aaaoovm

409 5435 697 5511 Brauoaforium
725 5431 901 5530 primum.
933 5438 1022 5510 ltem
1053 5439 1088 5508 in
1117 5439 1257 5509 civitate
1284 5436 1507 5510 cracoviensi
1532 5443 1571 5509 et
1587 5439 1624 5510 in
1642 5440 1852 5511 monetario

181 5536 212 5566 ”
304 5556 469 5628 ecelesiae
496 5556 644 5630 Sanctae
671 5556 792 5630 Crucis
819 5562 873 5629 est
900 5556 1160 5643 Braseaturiam
1188 5564 1362 5631 muratum
1388 5559 1433 5631 ad
1460 5562 1711 5651 proprietatem
1737 5565 1774 5632 et
1791 5560 1854 5632 do-

303 5677 445 5753 minium
472 5678 676 5750 monasterii
701 5679 885 5770 hospitalis
911 5676 1103 5769 pertinens·
1117 5681 1210 5771 quod
1237 5680 1442 5752 areudatum
1463 5658 1734 5772 aunissiugulis
1752 5681 1859 5754 solvit

303 5819 369 5888 pro
395 5801 606 5873 monasterio
633 5821 694 5889 sex
721 5821 863 5873 marcas
1255 5819 1257 5822 ·
1855 5792 1858 5795 “

409 5921 697 5996 Scutarios-luna
724 5923 955 5996 coeundum.
997 5925 1084 5995 ltera
1113 5924 1148 5994 in
1176 5923 1296 5995 eadem
1323 5923 1465 5995 civitate
1493 5921 1732 6014 cracoviensi,
1758 5930 1796 5994 et
1820 5924 1858 5995 in

303 6043 424 6116 eodem
455 6043 661 6116 coemeterio
696 6041 842 6114 Sanctae
868 6042 1018 6133 Crucis,
1056 6050 1112 6115 est
1137 6044 1232 6115 aliud
1258 6044 1512 6116 braseatorium
1540 6043 1647 6126 ctiam
1674 6050 1860 6134 muratum,

303 6163 395 6253 quod
422 6167 521 6237 anuis
548 6164 694 6256 singulis
721 6162 828 6234 solvit
854 6166 1065 6241 monasterio
1092 6164 1276 6256 hospitalis
1302 6183 1363 6234 sex
1391 6183 1536 6236 marcas.

408 6282 697 6361 Baeculonium
724 6284 894 6363 tertium.
920 6286 1008 6357 ltem
1035 6287 1072 6357 in
1099 6286 1220 6358 eadem
1234 6285 1380 6356 civitate
1399 6283 1631 6385 cracoviensi,
1649 6288 1741 6359 etin
1760 6289 1858 6359 curia

283 6454 291 6467 ·.
301 6405 494 6493 coenobiali
529 6405 738 6505 hospitalis,
766 6413 822 6479 est
857 6400 1002 6480 tortium
1035 6404 1292 6481 braseatoriom
1318 6405 1425 6510 etiam
1452 6411 1646 6499 marmana,
1672 6407 1766 6500 quod
1790 6428 1856 6500 pro
