4217 8059
1759 1504 1827 1577 161

278 1720 376 1783 trans
404 1708 528 1813 tlumen
556 1704 753 1801 Vartha,
791 1730 912 1783 versus
948 1710 1223 1784 cracoviam
1259 1713 1426 1803 sit-arum,
1465 1708 1542 1783 iure
1569 1713 1763 1801 parochiali
1789 1713 1834 1785 ad

278 1832 526 1905 monasterium
562 1834 778 1923 praedictum
814 1832 1081 1923 pertinentium,
1118 1831 1162 1905 ad
1189 1834 1419 1905 reverendum
1454 1833 1490 1903 iu
1518 1832 1658 1904 Christo
1699 1838 1834 1923 patrem

280 1954 454 2026 dominum
484 1953 694 2027 Thomum
731 1952 927 2045 episcopum
965 1960 1001 2025 et
1028 1953 1207 2025 ecclesiam
1244 1974 1285 2025 ac
1311 1953 1494 2025 dioecesim
1531 1973 1627 2025 suam
1664 1960 1832 2044 spectant,

277 2074 474 2164 pertinent,
511 2080 747 2165 perpetueque
773 2081 934 2165 spectare
962 2080 997 2145 et
1023 2076 1199 2164 pertinere
1225 2074 1361 2164 debent,
1389 2074 1493 2146 fluuio
1521 2073 1702 2145 Vartha
1737 2074 1837 2146 dioe-

279 2206 374 2266 ceses
403 2192 641 2266 Gueznensem
669 2202 705 2265 et
733 2193 997 2271 Gracoviensem
1024 2196 1061 2265 in
1088 2194 1165 2286 ipso
1191 2195 1267 2267 luco
1294 2194 1476 2265 limitante.
1515 2194 1602 2265 Item
1629 2196 1832 2285 pronuntia-

276 2336 362 2405 mus,
388 2313 604 2387 deceruimus
622 2321 659 2386 et
677 2315 897 2405 arbitramur,
925 2315 1015 2404 quod
1035 2314 1213 2405 praelatus
1231 2314 1397 2387 Nicolaus
1423 2314 1658 2387 Buthneri
1685 2335 1832 2405 praepo·
1944 2314 1947 2319 '

277 2434 365 2507 situs
392 2443 427 2507 et
455 2436 753 2508 sui‘successores
780 2456 844 2526 pro
866 2442 1023 2526 tempore
1051 2422 1240 2509 existentes
1265 2434 1404 2526 fratres,
1430 2437 1679 2508 monasterium
1697 2442 1734 2506 et
1751 2456 1832 2507 cou-

278 2564 402 2629 rentus
420 2556 671 2630 Mathoriensis
688 2556 845 2648 praefato
864 2556 1154 2629 reverendissimo
1180 2556 1318 2629 domino
1345 2556 1368 2628 J
1378 2556 1546 2627 ohanui
1573 2557 1831 2647 archiepiscopo

277 2685 313 2747 et
339 2679 411 2749 suis
438 2679 707 2767 successoribus,
734 2678 944 2769 sanctaeque
971 2677 1138 2749 ecclesiae
1165 2676 1361 2750 Guezuensi
1393 2678 1546 2749 debitam
1573 2678 1833 2769 subiectionem,

277 2800 509 2871 obedientiam
537 2808 573 2871 et
601 2800 843 2871 reverentiam·
863 2806 1044 2891 praestare
1072 2804 1108 2871 et
1133 2798 1264 2890 iacere,
1299 2820 1341 2871 ac
1366 2819 1430 2890 pro
1458 2798 1705 2887 iurisdictione,
1732 2798 1861 2871 insti-¹

276 2904 426 3009 tutione,¹
448 2926 612 3011 tanquam
640 2920 685 2992 ad
712 2940 810 2991 suum
839 2919 1051 2993 ordinarium
1079 2906 1236 3012 tempore
1262 2942 1300 2992 se
1328 2920 1495 2992 offerente
1521 2920 1556 2989 in
1585 2927 1689 2991 antea
1714 2940 1832 2992 recur-

279 3062 357 3112 rere
384 3040 577 3113 teneantur.
605 3040 692 3112 Item
720 3040 910 3131 definimus,
937 3041 1152 3113 arbitramur
1178 3046 1214 3113 et
1240 3042 1521 3131 pronuntiamur,
1557 3040 1766 3111 creationem
1794 3040 1830 3111 iu

276 3162 478 3233 canonicum
505 3162 671 3233 ecclesiae
699 3160 946 3253 Gracoviensis,
974 3168 1010 3234 et
1036 3162 1291 3235 institutionem
1318 3162 1363 3234 ad
1389 3162 1667 3253 praeposituram
1694 3160 1831 3233 Metho-

275 3283 429 3353 viensem
465 3282 508 3353 de
535 3284 611 3373 ipso
648 3282 790 3355 Nicol'ao
825 3284 1060 3355 Buthneri
1089 3284 1286 3375 praeposito
1322 3304 1386 3375 per
1412 3282 1494 3355 olim
1529 3282 1757 3361 reverendum
1792 3282 1828 3353 in

278 3402 418 3475 Christo
446 3410 580 3493 patrem
608 3404 782 3476 dominum
810 3402 1057 3495 Shigneum
1085 3403 1283 3498 episcopum
1309 3402 1574 3477 Gracoviensem
1599 3401 1727 3492 factas,
1754 3422 1830 3473 cas-

276 3524 421 3596 sandum
449 3530 485 3595 et
511 3524 753 3615 anullaudum,
790 3544 1033 3617 cassamnsque
1060 3532 1097 3597 et
1124 3525 1328 3615 anullamus,
1356 3524 1467 3617 ipsum
1495 3524 1731 3615 praepositum
1758 3522 1831 3593 Ni-

274 3645 450 3717 colaum
485 3652 520 3717 et
547 3666 628 3717 suos
655 3666 871 3719 successores
898 3646 1041 3719 almutio
1069 3654 1106 3719 et
1132 3646 1394 3737 superpellicio,
1430 3666 1471 3717 ac
1498 3630 1588 3717 stato
1616 3646 1651 3715 iu
1678 3644 1824 3715 ecclesia

274 3766 453 3857 praedicta
467 3758 737 3839 Gracoviensiin
751 3766 905 3839 futurum
919 3768 971 3841 uti
984 3762 1052 3839 nou
1069 3767 1206 3858 debere;
1232 3768 1437 3859 litterasque
1465 3766 1639 3837 citationis
1666 3773 1702 3835 et
1729 3766 1829 3835 insti-

274 3888 419 3959 tutionis
433 3888 630 3960 huiusmodi
650 3889 834 3961 cassandas
853 3896 889 3961 et
912 3889 1115 3961 anullandas
1134 3888 1350 3961 decernimus
1373 3908 1413 3959 ac
1437 3906 1623 3977 cassamus,
1640 3893 1678 3959 et
1691 3885 1825 3957 anulla-

278 4028 363 4097 mus,
382 4009 544 4099 ipsasque
559 4007 595 4080 in
610 4016 713 4081 autea
728 4009 856 4082 nullius
869 4030 944 4082 esse
963 4010 1121 4083 volumus
1139 4010 1277 4083 roboris
1295 4009 1350 4081 vel
1369 4008 1542 4079 momenti.
1569 4007 1664 4079 Item·
1675 4027 1827 4097 pronun-

274 4130 410 4219 tiamus,
436 4128 627 4221 definimus,
646 4130 858 4203 arbitramur
874 4139 912 4203 et
930 4130 1158 4222 decernimus,
1185 4130 1278 4223 quod
1301 4127 1459 4221 praelati,
1477 4128 1701 4200 Nicotaus
1727 4124 1828 4218 prae-

276 4250 426 4341 positus,
463 4248 591 4323 iratres
618 4256 654 4322 et
680 4259 870 4324 conventus
897 4254 1098 4325 monasterii
1129 4250 1377 4324 Msthoriensis
1413 4255 1600 4321 teneantur
1635 4250 1670 4319 in
1699 4248 1826 4339 oppido

276 4366 467 4443 Msthow
502 4378 563 4444 aut
590 4372 766 4445 suburbiis
793 4372 867 4445 eius
894 4374 930 4444 in
956 4372 1032 4446 loco
1058 4378 1188 4462 'aperto
1215 4371 1351 4461 erigere
1378 4370 1576 4461 ecclesiam,
1608 4370 1682 4442 sive
1709 4376 1827 4441 orato-

274 4491 363 4562 rium
399 4491 490 4563 infra
525 4494 606 4564 hinc
633 4492 676 4565 ad
703 4514 809 4565 unum
837 4514 979 4583 artuum,
1008 4500 1044 4565 et
1071 4492 1216 4591 eandem
1251 4490 1373 4563 diebus
1403 4490 1590 4563 'dominicis
1626 4496 1663 4561 et
1689 4488 1825 4561 festivis

275 4610 426 4683 officiare
461 4632 525 4703 per
550 4612 839 4704 praebendarium
873 4613 1069 4705 proprium,
1106 4630 1146 4683 ac
1172 4612 1282 4702 ipsam
1309 4631 1352 4682 er
1379 4611 1497 4701 aliquo
1532 4620 1613 4683 casn
1640 4609 1826 4700 collapsam

275 4732 424 4805 reticere.
451 4730 603 4824 Singulis
631 4754 766 4826 quoque
793 4735 892 4807 annis
919 4756 940 4805 a
966 4732 1105 4806 domino
1132 4732 1307 4824 episcopo·
1322 4732 1556 4823 Gracouieusi,
1583 4732 1737 4821 eiusdem
1770 4750 1826 4801 ec-

275 4853 399 4926 clesiae
427 4860 463 4926 et
489 4856 634 4927 oratorii
671 4876 711 4928 ac
746 4856 922 4928 hominum
957 4854 1210 4927 transflumen
1245 4852 1428 4927 Vartha
1454 4854 1489 4924 in
1524 4854 1763 4926 iurisdictione
1789 4859 1826 4923 et

275 4975 425 5047 dioecesi
451 4976 673 5049 cracoviensi
701 4976 942 5065 habitantium,
969 4977 1004 5077 in
1032 4996 1217 5066 personam
1243 4990 1341 5047 suam
1369 4980 1430 5047 aut
1457 4976 1602 5049 alterius
1628 4974 1826 5066 presbyteri

274 5098 482 5188 comendam,
509 5098 608 5169 etin
636 5098 771 5181 casibus
798 5097 1044 5168 auctoritatem
1070 5096 1249 5169 tenebitur
1274 5104 1395 5188 petere
1413 5103 1449 5168 et
1467 5096 1633 5169 obtinere.
1661 5095 1716 5167 hd
1734 5097 1826 5186 quod

276 5216 469 5290 iaciendum
497 5220 571 5310 ipse
598 5220 817 5311 praepositus
844 5224 881 5289 et
906 5224 1099 5290 conventus
1126 5220 1328 5291 monasterii
1345 5217 1607 5309 Mathovieusis,
1634 5218 1698 5309 pr'o
1725 5238 1763 5289 se
1790 5224 1826 5289 et

276 5358 394 5409 eorum
423 5340 698 5425 successoribus,
734 5338 777 5410 ad
805 5346 884 5411 acta
911 5337 1019 5429 ipsius
1046 5338 1177 5411 domini
1205 5340 1357 5432 episcopi
1384 5340 1624 5413 Oracorieusis
1661 5342 1723 5409 aut
1749 5340 1824 5409 eius

274 5456 430 5531 officialis
457 5460 628 5551 generalis
647 5479 684 5531 se
705 5459 903 5550 inscribent,
931 5460 995 5533 suh
1023 5462 1179 5534 censuris
1205 5460 1457 5552 ecclesiasticis,
1485 5482 1548 5552 per
1575 5462 1687 5550 ipsum
1715 5460 1825 5529 domi-

273 5602 353 5651 num
386 5582 585 5673 episcopum
604 5578 887 5673 Graoodensem,
907 5590 966 5653 aut
985 5568 1084 5655 suum
1111 5582 1293 5657 officialem
1319 5582 1517 5674 generalem
1543 5581 1705 5671 serendis,
1733 5580 1825 5672 quod

272 5702 377 5772 ctiam
405 5702 470 5774 sibi
507 5702 701 5805 praesentis
737 5708 879 5775 nostrae
914 5692 1210 5795 pronuntiationis
1245 5704 1365 5795 vigore
1401 5702 1619 5776 concedimus
1655 5709 1691 5774 et
1727 5702 1825 5773 adiu-

272 5822 434 5893 dicamus.
461 5821 549 5895 Item
578 5822 658 5913 quia
685 5824 923 5914 comperimus,
950 5826 1198 5907 monasterium
1225 5824 1464 5897 Msthoviense
1491 5824 1718 5897 notabilibus·
1732 5822 1824 5894 deci-

272 5944 335 6014 mis
353 5942 625 6035 manipularibus
648 5952 684 6017 et
702 5944 938 6035 pecunialihus
956 5945 1000 6016 ab
1019 5945 1166 6017 ecclesia
1192 5946 1412 6019 Gracoviensi
1439 5947 1597 6021 dotatum
1625 5966 1711 6035 esse,
1738 5965 1823 6033 quo-

271 6064 363 6135 circa
390 6064 580 6155 definimuS,
608 6067 871 6155 pronuntiamus
898 6073 933 6137 et
960 6064 1187 6157 decernimus,
1214 6068 1306 6160 quod
1325 6069 1545 6159 praepositus
1573 6074 1608 6139 et
1636 6070 1824 6137 conventus

271 6183 520 6258 hiethovieusis
538 6205 602 6277 pro
621 6192 791 6277 tempore,
818 6208 936 6259 omnes
964 6188 1247 6277 contributiones,
1274 6189 1446 6279 collectas,
1472 6189 1599 6277 tallias,
1625 6207 1689 6276 per
1707 6185 1824 6257 sedem

273 6306 514 6398 apostolicam,
541 6314 602 6379 aut
629 6326 692 6397 per
719 6310 960 6381 auctoritatem
989 6292 1218 6397 ordinarium,
1254 6329 1319 6400 pro
1344 6308 1413 6385 tide
1438 6316 1476 6382 et
1501 6308 1646 6381 ecclesia
1672 6308 1738 6381 Dei
1764 6315 1826 6379 aut

268 6426 367 6515 regni
387 6426 567 6517 Poloniae,
595 6430 810 6521 caeterisque
829 6430 1094 6502 necessitatibus
1111 6430 1259 6522 publicis
1277 6428 1613 6537 imponendumz-flaut
1631 6424 1821 6521 impositas,

372 6594 419 6635 ua.
435 6595 585 6637 Beneficm.
1616 6586 1653 6632 21
