4217 8059
321 1464 391 1531 178

193 1727 202 1760 ,
315 1674 497 1759 postquam
525 1665 611 1734 duas
639 1661 738 1733 villas
765 1660 940 1751 praelatas
968 1660 1167 1733 Kocbow
1193 1668 1231 1731 et
1248 1658 1540 1749 Cobyluiaza
1566 1660 1718 1729 insuam
1737 1666 1867 1729 sortem

316 1796 352 1860 et
379 1786 625 1877 proprietatem
654 1782 797 1871 accepit,
822 1782 1001 1853 ecclesiam
1028 1783 1135 1852 etiam
1163 1780 1394 1871 parochialem
1422 1781 1457 1851 in
1476 1779 1679 1867 Goclrow,
1698 1798 1787 1869 quae
1804 1800 1868 1869 per

317 1906 527 1979 saeerrnren
564 1902 781 1975 sacerdotem
814 1909 1041 1973 consueverat
1067 1903 1161 1992 regi,
1187 1902 1444 1989 administrari,
1470 1900 1574 1971 etiam
1602 1899 1671 1971 sibi
1695 1920 1765 1971 uua
1790 1920 1868 1971 cum

314 2027 456 2100 decimis
483 2034 519 2095 et
546 2024 624 2096 aliis
651 2024 876 2114 proventibus
903 2022 1070 2093 ecclesiae
1096 2022 1248 2095 eiusdem
1276 2022 1516 2113 appropria-vit
1542 2028 1579 2092 et
1604 2022 1640 2091 iu
1667 2042 1772 2093 uuum
1790 2042 1867 2092 cor-

316 2166 382 2235 pus
419 2145 530 2215 univit
565 2150 601 2213 et
638 2142 820 2232 compegit.
855 2141 1046 2212 Vacatione
1073 2148 1187 2211 tumeo
1215 2140 1392 2231 praefatae
1419 2140 1584 2211 ecclesiae
1610 2141 1646 2210 in
1672 2140 1868 2211 Kocbon

316 2259 804 2355 quomodolibet'occurrente
824 2284 892 2333 non
919 2262 986 2331 iarn
1015 2262 1224 2331 saecularem
1245 2262 1485 2351 presbyterum
1503 2260 1569 2331 loci
1589 2260 1766 2331 ordinario
1784 2260 1867 2331 Gra-

317 2386 477 2474 eovionsi,
506 2385 565 2455 sed
594 2372 737 2455 fratrem
764 2383 959 2471 regularem
987 2382 1262 2471 investigendum
1291 2382 1508 2453 deecclesia
1542 2380 1700 2471 praelata
1726 2382 1762 2452 iu
1789 2380 1868 2453 llo-

317 2508 440 2577 chon'
469 2511 670 2597 praesentat
696 2505 739 2575 de
767 2526 829 2577 suo
858 2510 958 2574 coetu
984 2509 1021 2573 et
1039 2504 1318 2592 congregatione,
1337 2504 1395 2593 qui
1414 2512 1450 2573 et
1470 2502 1646 2592 praefatas
1663 2502 1750 2573 duas
1768 2502 1869 2573 villas

318 2628 510 2699 (locbow
539 2636 574 2697 ot
601 2626 934 2713 Kobilniczam,
962 2632 998 2695 et
1025 2625 1117 2695 bona
1143 2624 1424 2713 praepositurae,
1451 2645 1512 2696 seu
1539 2623 1705 2695 ecclesiae
1731 2622 1868 2695 Kocbo·

320 2748 466 2837 niensis,
501 2756 572 2819 tam
609 2748 645 2817 in
673 2746 931 2836 spiritualibus,
960 2766 1062 2837 qnam
1099 2746 1138 2815 in·
1162 2745 1412 2835 temporalibus
1439 2746 1550 2834 regit,
1586 2744 1807 2817 administrat
1833 2750 1869 2816 et

316 2868 498 2957 gubernat.

422 2988 599 3079 Kocuow,
627 2989 708 3059 villa
735 2988 832 3059 iuxta
858 2986 997 3059 fluvium
1027 2986 1160 3057 Visla
1186 2986 1265 3073 sita,
1293 2986 1424 3059 babens
1450 2988 1487 3057 in
1514 3008 1552 3057 se
1569 2962 1749 3059 ecelesiam
1767 3008 1868 3079 parq-

318 3110 461 3183 chialem
490 3111 656 3200 ligneam,
686 3108 924 3199 Assumptioni
963 3108 1093 3179 Beatae
1120 3107 1255 3178 Mariae
1282 3106 1449 3198 dicatam,
1477 3110 1574 3179 cuius
1601 3110 1798 3199 proprietas
1823 3110 1868 3181 ad

318 3232 562 3302 motiasterium
592 3232 626 3300 io
656 3228 991 3319 Caernpensko
1021 3228 1191 3316 pertinet,
1219 3248 1390 3297 unacum
1418 3230 1661 3318 praepositura
1684 3227 1752 3301 loci
1777 3230 1874 3301 eius·-

315 3350 402 3423 dem.
438 3352 500 3422 (lui
528 3351 787 3423 Gasimirus
824 3348 1062 3419 Secundus
1099 3348 1263 3419 Polooiae
1289 3370 1369 3438 rex,
1397 3357 1436 3419 ut
1462 3358 1582 3439 posset
1607 3350 1644 3421 iu
1670 3347 1863 3453 aseivitas

317 3473 444 3561 locari,
471 3471 568 3543 dedit
605 3470 823 3559 privilegium
851 3480 887 3539 et
913 3476 1131 3557 potestatem.
1166 3469 1206 3539 Io
1234 3490 1303 3558 qua
1330 3477 1411 3541 sunt
1436 3469 1529 3541 lanei
1556 3454 1806 3559 cmetbouales,
1833 3475 1870 3541 et

241 3645 247 3652 .
318 3593 463 3684 quilibet
490 3593 594 3663 solvit
622 3612 684 3682 pro
712 3611 818 3661 censu
837 3645 843 3659 .
864 3643 871 3659 .
890 3644 897 3659 .
917 3590 1004 3660 ltem
1032 3590 1183 3679 quinque
1210 3590 1377 3661 tabernae
1405 3592 1573 3681 babeqtes
1591 3610 1705 3681 agros,
1723 3611 1868 3681 quarum

318 3720 390 3785 tres
428 3713 603 3801 pertinent
638 3710 683 3783 ad
705 3711 884 3785 .abbatem
921 3711 955 3779 in
993 3710 1345 3799 Gap-'rwienskm
1372 3720 1409 3781 et
1444 3712 1532 3782 duae
1559 3710 1604 3783 ad
1630 3709 1866 3803 praepositum

316 3834 609 3921 Kuelioviensem,
637 3839 674 3903 et
700 3832 804 3903 solvit
841 3852 903 3919 pro
931 3851 1035 3901 censu
1055 3886 1063 3899 .
1082 3885 1090 3900 .
1109 3885 1142 3901 ..
1170 3832 1257 3903 ltent
1285 3838 1340 3902 est
1366 3832 1414 3903 ibi
1441 3832 1539 3903 curia
1564 3838 1601 3903 et
1626 3830 1806 3921 praedium
1832 3832 1868 3903 iu
1961 3830 1965 3837 '

318 3953 667 4044 (lairwyenskm
696 3953 738 4024 de
766 3974 834 4042 quo
862 3958 897 4021 et
923 3952 1082 4022 omnibus
1109 3951 1385 4049 cmetbonalibus
1412 3954 1525 4043 agris,
1551 3953 1701 4025 solvitur
1726 3958 1763 4025 et
1788 3972 1869 4025 con-

317 4074 456 4146 ducitur
483 4072 616 4145 decima
651 4071 874 4161 manipularis
901 4077 937 4141 et
962 4072 1139 4160 canapalis
1165 4072 1331 4146 ecclesiae
1357 4074 1393 4145 in
1420 4074 1626 4145 Kocbow.
1666 4074 1751 4145 item
1784 4078 1865 4144 sunt

318 4194 368 4267 ibi
406 4194 493 4267 duae
529 4194 766 4281 hortulaniae,
794 4193 962 4263 habentes
988 4214 1111 4282 agros,
1142 4194 1357 4281 pertinentes
1388 4196 1433 4265 ad
1464 4196 1699 4285 praepositum
1726 4196 1762 4267 iu
1788 4194 1868 4267 llo-

166 4376 222 4411 ,.,
318 4316 442 4389 cbow
476 4322 511 4389 et
545 4316 691 4407 quilibet
725 4314 867 4405 proprio
892 4334 995 4385 curru
1023 4322 1085 4385 aut
1112 4300 1231 4387 aratro
1263 4314 1400 4387 laborat
1427 4335 1531 4387 unum
1558 4316 1649 4387 diem
1675 4336 1740 4407 pro
1765 4338 1866 4407 prae-

316 4438 442 4527 posito.
471 4434 1868 4529 ConfluatoumByeliny,0ran1y‚Maczeyowicze,0blyn‚War-
1991 4446 2008 4477 ·

316 4558 492 4649 goczin,
520 4557 736 4650 Tbyrzyn
763 4564 800 4629 et
827 4556 1203 4648 Pyotrlrowyoze.

419 4676 674 4765 Koaramezn,
703 4677 785 4747 tilla
812 4676 876 4747 sub
896 4676 1062 4766 parochia
1083 4677 1248 4749 ecclesiae
1275 4677 1318 4747 de
1345 4676 1538 4750 Gocbow
1566 4678 1644 4767 sita,
1671 4678 1769 4751 cuius
1786 4700 1866 4769 pru-

317 4798 449 4890 prietas
483 4798 528 4870 ad
554 4798 799 4868 monasterium
836 4798 871 4867 in
911 4795 1243 4887 Czyrwieusko
1280 4799 1440 4887 pertinet.
1484 4800 1525 4869 Iu
1552 4821 1621 4889 qua
1657 4808 1740 4871 sunt
1775 4801 1866 4872 lanei

317 4918 558 5007 cmetbouales,
585 4925 622 4989 et
649 4918 794 5007 quilibet
821 4917 925 4989 solvit
953 4938 1015 5006 pro
1042 4938 1148 4989 ceusu
1166 4972 1174 4989 .
1193 4972 1202 4987 .
1220 4974 1255 4988 ..
1282 4920 1369 4989 ltem
1396 4925 1478 4991 aurit
1504 4921 1539 4990 in
1567 4942 1609 4991 ea
1635 4920 1725 4993 duae
1750 4921 1867 4993 taber-

318 5060 382 5109 nae
409 5038 577 5110 habentes
605 5060 724 5129 agros,
761 5046 796 5109 et
820 5038 942 5109 ambae
969 5038 1013 5109 ad
1041 5040 1278 5129 praepositum
1315 5041 1350 5109 in
1377 5040 1574 5113 Kocbow
1610 5042 1804 5131 pertinent,
1830 5050 1867 5113 et

317 5159 492 5249 quaelibet
518 5160 622 5231 solvit
649 5160 794 5231 mediam
823 5180 971 5231 marcam
1000 5180 1065 5249 pro
1092 5182 1207 5231 censu.
1235 5162 1320 5233 Item
1349 5168 1423 5233 tres
1440 5162 1673 5251 hortulaniae,
1696 5163 1740 5234 ad
1767 5184 1867 5254 prae-

315 5280 465 5369 positum
502 5280 775 5373 Koehoviensem
813 5281 1035 5370 pertinentes,
1052 5259 1107 5351 'et
1132 5282 1308 5372 quaelibet
1344 5303 1449 5356 uuum
1484 5284 1574 5355 diem
1610 5283 1645 5354 in
1674 5284 1867 5374 septimana

170 5386 182 5415 ⁰
316 5400 461 5489 laborat,
490 5402 574 5472 ninii
603 5402 750 5473 solvens.
778 5400 864 5474 Item
893 5401 1127 5475 molendinum
1153 5405 1260 5473 estin
1279 5404 1398 5475 eadem
1427 5404 1510 5476 villa
1537 5406 1573 5475 in
1600 5404 1868 5479 medietatellu-

316 5522 417 5593 minis
444 5520 673 5611 Okraepa,
701 5530 736 5595 et
763 5522 868 5595 solvit
893 5543 1074 5595 mensuras
1102 5543 1165 5612 pru
1183 5524 1320 5595 abbate¹
1336 5524 1381 5596 de
1407 5526 1752 5617 Gzyrwienslro.
1773 5526 1865 5597 item

163 5676 174 5697 ·
316 5641 494 5731 praedium
522 5666 591 5715 non
618 5644 734 5715 estin
761 5642 882 5716 eadem
910 5644 992 5716 villa
1020 5664 1131 5734 neque
1157 5644 1327 5715 scultetis.
1363 5646 1450 5717 ltetu
1477 5667 1541 5736 per
1567 5668 1687 5719 umttes
1713 5646 1867 5719 cmotho-
1989 5710 1998 5721 .

316 5782 376 5833 nes
404 5768 440 5833 et.
466 5765 709 5861 taber-natores
736 5765 882 5836 solvitur
910 5770 945 5835 et
972 5766 1176 5837 conducitur
1215 5765 1348 5837 decima
1374 5768 1602 5857 manipularis
1628 5774 1665 5840 et
1690 5768 1867 5859 cenapolis

315 5880 482 5955 ecelesiae
509 5882 746 5955 Coclroviemi.
774 5882 934 5955 &influat
956 5905 1031 5955 cum
1061 5885 1280 5977 Byelyny,
1307 5886 1470 5977 Orany,
1498 5886 1867 5978 Maczeiowicze,
1912 5912 1928 5942 ··

316 6002 485 6095 Oblyn',
514 6002 820 6096 Wargoczyn,
848 6006 1051 6100 'lbyrzin
1079 6016 1114 6079 et
1140 6006 1503 6100 Pyotrkowicze.
