4217 8059
313 1487 376 1561 al

326 1701 381 1767 eat
406 1690 455 1765 rbi
482 1691 665 1783 praedium
684 1690 814 1764 bonum
840 1688 1053 1782 monaterii,
1080 1690 1218 1764 ln-trea
1244 1711 1384 1782 campos
1410 1687 1579 1778 uvhrn‚-.
1595 1691 1640 1764 cle
1666 1694 1792 1784 quihus
1819 1694 1879 1767 de·

327 1817 473 1896 rimatur
499 1835 563 1903 pro
583 1800 735 1884 'acclama
761 1813 797 1882 iu
821 1811 1081 1891 otras—zor.
1107 1813 1195 1883 Item
1213 1813 1381 1883 decimum
1399 1811 1648 1900 manipularem
1672 1821 1751 1904 poet
1769 1837 1874 1905 agros
1983 1837 1986 1842 ·

325 1935 539 2024 praediales,
554 1930 561 1943 '
575 1934 659 2004 item
686 1933 929 2038 cmethonalea,
955 1933 1124 2004 tabernae
1149 1940 1187 2004 et
1217 1933 1455 2020 hortulaniae‚
1490 1933 1640 2021 percipit
1666 1935 1813 2006 ecclesia
1826 1937 1875 2007 in

325 2048 594 2143 Obraaaow,
615 2053 860 2149 'et-tenentur
883 2053 980 2122 illam
1005 2053 1204 2125 emethnnea
1231 2053 1394 2129 inducere
1421 2052 1457 2121 iu
1484 2052 1647 2123 horreum
1674 2073 1697 2124 a
1723 2055 1873 2144 plebano

324 2175 513 2262 locandum,
540 2181 578 2244 et
603 2174 714 2244 valor·
728 2174 803 2245 eiua
829 2174 1034 2244 aestimatur
1052 2172 1097 2244 ad
1115 2174 1310 2263 quindecim
1337 2192 1481 2261 maroaa3
1507 2173 1648 2244 solvunt
1674 2175 1873 2247 cmethonea

328 2295 527 2384 canapalem
554 2293 722 2364 decimam
748 2313 813 2382 per
831 2297 987 2383 ,quatuor
1008 2295 1157 2383 iengae
1183 2294 1272 2364 Item
1290 2313 1359 2364 non
1377 2299 1432 2363 eat
1448 2293 1498 2364 ibi
1516 2293 1759 2365 molendinum.
1786 2294 1877 2366 Gon-

301 2415 412 2484 ·finat
437 2413 642 2485 cum-uillis:
670 2413 938 2503 Wagercae,
974 2412 1239 2511 Obranzow,
1275 2413 1492 2503 Roschhy
1526 2419 1563 2482 et
1596 2413 1877 2506 Damhyani3

324 2534 415 2604 inter
442 2533 827 2624 Roschlryecopuli,
848 2533 939 2604 -alibi
964 2525 1131 2628 oppurdp.
1231 2584 1233 2589 -

329 2696 332 2701 .
428 2651 654 2741 OnnaezoW,
692 2650 774 2723 villa
800 2654 932 2724 habens
958 2654 995 2723 in
1020 2672 1059 2724 ae
1086 2652 1266 2725 eccleciam
1291 2651 1527 2741 parochialem
1559 2652 1718 2742 ligneam,
1748 2653 1876 2726 Sancto

324 2772 430 2844 Petro
443 2807 444 2811 ¹
458 2772 617 2861 dicatam,
644 2772 741 2843 cuius
768 2773 966 2861 proprietas
993 2791 1058 2861 pro
1084 2772 1209 2859 maiori
1234 2778 1336 2861 parte
1353 2771 1400 2842 ud
1417 2773 1666 2842 monasterium
1693 2774 1876 2862 hospitalia

322 2892 440 2963 Sancti
467 2891 623 2981 spiritua
644 2879 1009 2990 in-Sand'omirjr
1026 2892 1191 2981 pertinet
1217 2891 1275 2962 -In
1306 2912 1376 2981 qua
1401 2898 1484 2962 sunt
1509 2898 1660 2981 quatuor
1684 2892 1777 2965 lanei
1801 2915 1875 2966 rno-

323 3014 468 3082 nasterii
495 3013 737 3101 omethonales,
764 3014 855 3084 inter
883 3033 969 3103 qnos
996 3021 1078 3083 aunt
1096 3012 1163 3084 duo
1182 3013 1353 3084 habentes
1371 3033 1476 3100 agros
1501 3013 1687 3102 ampliores
1704 3020 1742 3084 et
1758 3022 1871 3104 prate,

323 3153 469 3234 quornm
496 3135 629 3223 primus
655 3132 760 3204 aolrit
786 3146 849 3222 pro
877 3153 982 3203 censu
1008 3152 1112 3204 unam
1139 3152 1347 3222 terogonam
1364 3138 1481 3203 atrax
1501 3135 1772 3223 greonemalter
1788 3155 1871 3207 uero

324 3253 556 3342 quadraginta
581 3260 714 3337 acottoa
740 3251 854 3340 soluit,
881 3253 1007 3324 tertius
1033 3272 1138 3324 uuam
1164 3273 1383 3342 oexagenanr.
1426 3252 1513 3345 Item
1540 3274 1611 3330 uua
1630 3254 1785 3327 ‚taberna
1809 3255 1872 3325 ho-

260 3355 262 3359 ⁴
320 3373 477 3460 apitnlie,
512 3374 645 3444 habene
671 3373 788 3462 quarti
814 3373 906 3443 lanei
933 3393 1037 3461 agroa
1064 3381 1101 3443 et
1126 3375 1246 3461 prata,
1282 3379 1320 3443 et
1344 3372 1451 3443 solvit
1486 3393 1590 3443 unam
1615 3392 1766 3446 marcum
1796 3394 1872 3445 cum
2009 3441 2013 3449 .

320 3492 442 3562 media.
471 3494 556 3563 Item
584 3493 786 3564 nmethonee
813 3492 881 3563 duo
908 3491 952 3563 de
979 3491 1088 3578 laneis
1115 3479 1306 3564 maioribus
1340 3493 1482 3563 solvunt
1506 3513 1570 3583 per
1597 3500 1744 3583 quatuor
1769 3514 1873 3584 capo

322 3631 402 3698 nes,
441 3613 523 3681 item
552 3612 595 3682 de
623 3611 778 3700 quolibet
804 3611 905 3682 laneo
934 3613 1128 3703 quindecim
1156 3616 1258 3701 uva,
1279 3634 1385 3684 unum
1410 3613 1557 3701 gallum,
1593 3633 1699 3684 unum
1725 3632 1872 3685 caseum.

223 3820 226 3826 A
319 3710 411 3803 Item¹
433 3750 570 3824 mazyep
596 3750 666 3802 non
694 3731 842 3803 solvunt.
883 3731 973 3802 Item
999 3733 1199 3804 emethones
1226 3751 1296 3802 non
1321 3731 1455 3809 famum
1480 3733 1636 3821 labem,
1672 3750 1783 3823 neque
1810 3734 1873 3804 du-

317 3859 443 3921 cturae.
470 3849 559 3921 Item
576 3850 698 3922 eatihi
717 3866 788 3921 uua
803 3852 959 3940 taberna,
985 3851 1118 3923 habena
1144 3871 1258 3940 agros,
1286 3872 1376 3941 qnae
1401 3852 1507 3923 solvit
1531 3873 1636 3922 unam
1662 3871 1740 3922 cum
1754 3853 1872 3925 Inedia

166 3967 171 3976 '
317 3979 469 4040 murram
495 3961 740 4058 monasteriof
757 3971 889 4042 hahens
915 3978 1079 4061 quartum
1105 3962 1259 4042 laneumss'
1295 3970 1383 4042 Item
1410 3972 1610 4049 cuchanea
1641 3992 1745 4042 unum
1772 3972 1865 4043 diam

316 4088 754 4169 tumetrant..11tennm
781 4091 910 4161 eatibi
935 4090 1115 4180 praediun
1150 4090 1292 4180 aliquod
1318 4091 1525 4163 coenobiale
1568 4091 1657 4165 Item
1684 4112 1753 4162 nou
1781 4098 1864 4162 snut
1902 4114 1907 4128 ⁴

315 4209 544 4282 hortulaniae.
586 4209 676 4281 Item
702 4211 901 4311 tmothones
928 4210 1092 4285 laborant
1108 4201 1207 4282 -duua
1223 4209 1399 4304 powobna,
1425 4217 1462 4282 et
1488 4209 1594 4287 semel
1620 4211 1657 4280 in
1683 4230 1775 4281 anno
1801 4231 1865 4284 va·

316 4329 405 4402 dunt
428 4334 494 4419 p'ro
520 4330 723 4419 roborihua,
751 4340 959 4421 quamquam
985 4331 1116 4426 habant
1142 4331 1230 4402 duoa
1254 4331 1454 4403 omelhonaa
1480 4317 1517 4402 ot
1542 4350 1646 4401 unam
1671 4331 1863 4402 tabernam.

308 4449 513 4522 'Itemsunt
539 4451 588 4522 ihi
614 4457 687 4522 tres
713 4452 863 4522 nobiles:
898 4450 1062 4523 Nicolaua
1089 4451 1409 4543 Brunyowrhy
1442 4451 1496 4523 ‹le-
1517 4451 1782 4541 Bippennih
1799 4473 1852 4524 ua

209 4588 213 4602 ·
314 4569 493 4644 lohannes
520 4567 706 4662 Gamba,
734 4569 861 4644 Petrus
886 4570 1045 4662 Krupa
1069 4571 1114 4644 cle
1140 4571 1597 4661 uerberasset-habent
1620 4574 1691 4644 tria
1708 4573 1861 4663 proella,

315 4683 517 4765 echonem.
536 4679 736 4781 emethonea
761 4700 799 4763 et
815 4693 1031 4767 hortulanoa
1057 4692 1244 4782 specialem
1272 4691 1409 4792 Gaba*
1424 4692 1543 4765 habet.
1556 4711 1661 4767 unam
1687 4695 1867 4765 tabernam

313 4817 349 4882 et
375 4833 479 4882 unam
506 4812 760 4899 hortulaniam,
802 4813 887 4914 item
911 4811 1165 4901 molendium,
1205 4813 1313 4901 'qnon-
1334 4812 1440 4884 aolrit
1475 4813 1623 4885 madiam
1650 4831 1867 4904 sexagenam.

313 4929 402 5000 item
430 4950 549 5000 omnes
576 4931 654 5019 agri
678 4931 899 5021 amathaeum
924 4939 999 5015 tam
1024 4932 1276 5007 coenobialium
1303 4953 1406 5021 quam
1434 4932 1652 5030 militarium·
1671 4933 1866 5024 praedialca

315 5058 351 5120 et
377 5052 545 5124 tabernae
571 5048 711 5149 aolrunt
738 5033 904 5122 decimam
932 5053 1196 5144 manipularem,
1222 5059 1356 5142 et-per.
1375 5062 1526 5143 quatuor
1551 5056 1691 5143 ierugaa
1717 5074 1867 5154 canapa-

172 5185 174 5190 ·
312 5171 380 5240 lem
408 5171 574 5241 ecclesiae
602 5173 636 5241 in
664 5169 931 5262 Obraszow,
959 5174 1068 5244 cuius¹
1084 5173 1187 5246 valor¹
1210 5168 1415 5265 aestimatur
1440 5174 1485 5244 ad
1512 5174 1694 5246 duodecim
1709 5177 1865 5249 marcae
2001 5238 2004 5243 .

313 5288 474 5362 Gonfinat
500 5303 580 5369 cnm
603 5292 704 5363 ralis:
731 5293 1403 5386 Zorawycue,ll·1nare'ayeue·,
1429 5291 1627 5385 Ros-zky,
1654 5293 1865 5385 hlalycze

192 5403 195 5407 ’
263 5464 267 5474 .
315 5409 583 5502 Wyeprzhy.
724 5462 727 5468 ·
766 5424 809 5507 ·’,
985 5426 992 5479 .’
1050 5408 1054 5415 ’
1845 5452 1847 5457 ·

336 5570 338 5575 -
415 5529 664 5621 Scznrauom·
681 5532 765 5603 villa
790 5533 860 5610 aab,
873 5529 1044 5622 parochia
1063 5533 1233 5607 eccleciae
1255 5528 1305 5612 ..ue
1325 5534 1777 5626 §ryconorum-nite
1803 5523 1865 5613 tu?

310 5652 364 5722 ina
391 5653 588 5740 proprietas
615 5652 659 5722 ad
685 5655 935 5725 monasterium
962 5654 1344 5744 hospitalia-pertineo.
1361 5656 1648 5745 inonaaeptem
1672 5661 1754 5726 aunt
1771 5644 1863 5747 lanei

310 5771 559 5861 amathonalea,
589 5779 626 5842 et
649 5773 799 5861 quilibet
824 5773 935 5846 solvit.
963 5795 1028 5863 pro
1047 5793 1161 5845 ceusu
1190 5796 1294 5845 uuum
1320 5770 1507 5847 fertonem.
1544 5776 1641 5847 Item·
1661 5776 1862 5847 moneo

309 5899 429 5964 nerunt
455 5911 558 5982 agros
584 5890 781 5980 praedialea
815 5913 882 5982 pro,
907 5888 1002 5965 vere
1016 5896 1222 5984 ethyen'ne,
1258 5903 1400 5967 etanta
1426 5903 1562 5966 metant
1597 5903 1635 5968 at
1661 5896 1861 5986 clupeum

309 6020 413 6102 etque
440 6012 637 6084 conducunt
662 6013 699 6083 in
726 6013 898 6084 horreum·-
913 6015 1128 6103 ,eoanohiale
1150 6017 1214 6087 aed
1234 6037 1304 6087 nou
1325 6016 1492 6089 laborant
1518 5996 1609 6086 nien
1629 6016 1861 6089 Item-eatihi
1903 6002 1908 6011 ¹

309 6132 487 6221 praedium
515 6133 736 6222 coenobiale,
759 6120 1102 6217 -aolrena-‹leeimem
1129 6126 1583 6233 manipularemeonleaine
1597 6138 1633 6209 iu
1658 6137 1858 6209 Sirecae·

309 6251 442 6321 ehow.
476 6254 564 6326 Item
590 6255 634 6324 de
661 6254 761 6342 laneo
789 6255 988 6345 omunmlm
1009 6278 1086 6345 ova,
1098 6256 1342 6344 sunuegallua,
1371 6277 1458 6326 unua
1475 6271 1613 6327 maenae
1633 6257 1721 6329 Item
1738 6258 1880 6353 Q*
1897 6347 1899 6350 ,

307 6391 354 6489 na
378 6390 448 6442 una
474 6373 604 6446 habena
631 6396 745 6474 egrae
767 6385 808 6448 et
823 6378 941 6449 -aolrit
964 6398 1030 6477 pro
1050 6390 1164 6449 cenea
1188 6375 1341 6453 madata
1356 6378 1633 6462 mucamitem
1660 6375 1937 6513 hortularia&
