4217 8059
1510 3331 2691 3476 MYEGHOVIENSE.

1890 3614 2304 3626 ———-.

546 3903 903 3982 Primum
966 3909 1568 3988 monasterium
1616 3908 1855 3992 Sacri
1912 3910 2358 4020 Sepulchri
2407 3915 2819 4000 Dominici
2869 3921 3642 4026 Hyerosolimitanl,

1512 4050 1589 4129 in
1657 4050 2036 4134 dioecesi
2102 4053 2687 4138 Cracoviensi.
3648 4047 3652 4051 ⁴

1571 4508 1574 4509 ⁷
1670 4479 1796 4557 rdo
1852 4487 1923 4550 et
1974 4482 2220 4572 religio
2256 4482 2552 4554 fratrum
2589 4485 3120 4555 resurrectionis
3158 4483 3354 4555 Sacri
3390 4484 3635 4575 Sepul-

1670 4601 1818 4672 chri
1855 4602 2200 4672 Dominici
2237 4602 2877 4693 Hyerosolimitani,
2915 4604 3399 4674 canonicorum
3437 4627 3640 4697 regu-

1446 4738 1453 4747 ·
1530 4770 1582 4780 -
1668 4722 1944 4811 larium,
2017 4723 2301 4817 rubeam
2357 4724 2775 4813 geminatam
2830 4743 3104 4794 crucem
3160 4724 3230 4792 in
3287 4725 3638 4798 mantellis

1310 4820 1339 4851 ³
1667 4843 2145 4932 deferentium,
2192 4851 2264 4914 et
2301 4845 2428 4915 sub
2465 4846 2708 4933 regula
2747 4842 2945 4913 Beati
2984 4842 3359 4932 Augustini
3398 4846 3635 4918 viven-

1458 4939 1483 4956 ⁴³
1666 4966 1875 5053 tium,
1957 4966 2098 5035 tria
2169 4966 2320 5036 loca
2391 4966 2602 5036 habet
2671 4965 2741 5033 in
2815 4963 3113 5034 dioecesi
3188 4963 3636 5056 Gracoviensi

1667 5085 2136 5174 consistentia3
2191 5107 2482 5176 quorum
2537 5085 2942 5175 primarium
3000 5085 3069 5154 in
3120 5085 3374 5176 oppido
3415 5085 3495 5156 M
3505 5107 3636 5193 ye3

1667 5207 1914 5296 chow,
1970 5207 2272 5295 quinque
2326 5204 2737 5277 milliaribus
2792 5226 2837 5277 a
2889 5202 3293 5276 Cracovia
3347 5205 3634 5297 distanS,

1318 5324 1438 5428 ''23-
1666 5327 2011 5417 consistit,
2081 5326 2571 5396 monasterium
2627 5318 2895 5407 habeis
2947 5325 3280 5396 famosum
3338 5332 3409 5395 et
3461 5327 3632 5397 insi-

1661 5470 1817 5539 gne,
1870 5445 2270 5518 foecundam
2309 5452 2381 5516 et
2415 5446 2710 5537 amplam
2747 5445 3012 5518 habens
3051 5445 3311 5534 dotem,
3367 5467 3409 5516 a
3446 5446 3631 5537 regi-

1594 5548 1602 5552 *
1663 5572 1809 5659 buS,
1864 5567 2291 5658 principibus
2338 5572 2410 5639 et
2444 5569 2849 5659 proceribus
2887 5567 3217 5640 Poloniae
3274 5567 3374 5637 illi
3418 5567 3628 5639 colla-

1658 5695 1820 5778 tam,
1861 5688 2041 5778 quod
2078 5693 2366 5779 propter
2404 5690 2508 5760 sui
2547 5689 3029 5760 excellentiam
3065 5710 3146 5759 ac
3183 5694 3627 5778 vetustatem,

1656 5831 1796 5881 non
1851 5808 2072 5880 solum
2109 5811 2413 5881 omnium
2467 5811 2952 5882 coenobiorum
3012 5830 3176 5882 suae
3228 5809 3630 5899 generatio-

1658 5933 1765 6003 nis
1819 5936 1893 6002 et
1946 5931 2237 6022 ordinis,
2312 5953 2487 6021 quae
2561 5933 2630 6003 in
2687 5953 2902 6022 regno
2956 5930 3289 6003 Poloniae
3364 5933 3629 6020 extant,

1659 6053 1780 6125 sed
1852 6054 2064 6125 etiam
2120 6054 2459 6142 omnium,
2533 6075 2706 6144 quae
2762 6054 2832 6124 in
2889 6052 3171 6139 Galliis,
3243 6048 3633 6139 Hispaniis,-

518 6177 793 6267 Anglia,
845 6177 1080 6267 Dacia,
1135 6173 1435 6267 Napulia
1487 6181 1560 6247 et
1594 6173 1958 6266 Hungaria
2011 6176 2416 6266 consistunt,
2476 6181 2712 6265 potest
2766 6162 2946 6246 iuste
2984 6178 3055 6245 et
3106 6178 3295 6242 recte
3333 6170 3630 6242 vocitari

515 6305 586 6371 et
638 6299 945 6388 censeri,
1001 6304 1282 6388 vertex,
1338 6299 1549 6370 cardo
1605 6304 1677 6369 et
1730 6302 1967 6389 caput,
2024 6316 2177 6367 cum
2233 6296 2464 6367 omnia
2517 6295 2604 6368 ab
2659 6297 2790 6368 hoc
2843 6316 2980 6367 uno
3037 6293 3370 6384 originem
3429 6310 3625 6362 acce-

513 6421 747 6511 perint
800 6427 873 6493 et
924 6421 1465 6511 generationem.
1555 6419 1637 6491 In
1693 6419 1877 6512 quod
1948 6419 2197 6493 summi
2234 6525 2237 6529 .
2274 6417 2635 6510 pontifices
2709 6415 3175 6545 singularibus
3248 6413 3498 6505 gratiis
3552 6416 3626 6483 et

3218 6566 3242 6612 1

730 6587 824 6629 ub.
842 6588 1036 6632 Benene.
1052 6589 1139 6629 111.
