4217 8059
192 1562 196 1569 ἱ
287 1462 361 1532 rso

190 1730 206 1743 .
287 1671 436 1758 quatuor
460 1663 552 1736 lanei
579 1659 824 1747 cmetbouales,
851 1665 888 1730 et
915 1656 1060 1748 quilibet
1086 1656 1192 1731 solvit
1219 1654 1482 1748 quatuordecim
1510 1658 1650 1744 scobes,
1672 1652 1756 1725 item
1772 1660 1841 1726 ιιι

286 1787 449 1878 triginta,
475 1785 559 1857 item
592 1782 706 1874 gallos
733 1786 900 1872 quatuor,
926 1780 1010 1850 item
1038 1799 1158 1852 caseos
1185 1774 1292 1866 duosss
1319 1777 1403 1849 item
1430 1776 1548 1865 labor,
1576 1776 1660 1847 item
1679 1771 1838 1872 poneba,

287 1909 554 2002 immorarer
589 1905 677 1976 item·
709 1902 875 1975 tabernae
911 1901 1000 1973 duae
1034 1901 1203 1972 babentes
1230 1920 1352 1991 agros,
1380 1918 1449 1969 una
1475 1897 1581 1971 solvit
1607 1917 1668 1969 sex
1694 1916 1841 1987 marcas,

286 2029 410 2102 altera.
424 2033 503 2099 octo
529 2046 674 2098 marcas.
700 2024 788 2096 Item
816 2021 1203 2113 hortulauiaeseptem.
1230 2021 1318 2094 Item
1345 2019 1525 2111 praedium
1539 2018 1768 2108 coenobiale,
1796 2017 1841 2090 de

286 2170 354 2241 quo
380 2169 444 2239 pro
471 2167 510 2219 se
535 2145 629 2218 tollit
654 2144 832 2221 decimam.
857 2142 946 2215 Item
973 2142 1170 2215 molendina
1195 2141 1263 2214 duo
1282 2142 1318 2213 in
1335 2141 1475 2213 flumine
1492 2138 1713 2229 Dlubuya
1748 2138 1840 2212 item

286 2270 330 2343 de
356 2268 515 2341 omnibus
541 2267 637 2358 agris
663 2266 767 2337 villae
794 2263 943 2337 solvitur
969 2271 1006 2336 et
1032 2262 1237 2336 conducitur
1264 2262 1398 2335 decima
1423 2260 1649 2353 manipularis
1674 2266 1712 2332 et
1737 2280 1842 2333 caua

208 2467 215 2484 ,
287 2389 376 2481 palis
410 2409 475 2480 pro
512 2384 713 2478 praebenda
748 2384 988 2471 cracoviensi,
1016 2405 1105 2475 quae
1133 2389 1275 2456 vocatur
1303 2380 1550 2472 Czechovska,
1577 2387 1615 2454 et
1640 2381 1739 2454 valor
1765 2381 1844 2454 eius

126 2488 143 2595 ³,
288 2510 493 2582 ιιιιίιιιιιιι
519 2506 564 2579 ad
590 2506 738 2597 triginta
773 2524 917 2577 marcas
953 2504 1132 2594 Alienata;
1160 2504 1379 2595 praepositus
1405 2509 1442 2576 et
1466 2503 1723 2576 monasterium
1740 2501 1844 2677 Mye-

288 2631 473 2703 choviense
499 2633 599 2701 tenet
624 2646 711 2700 eam
737 2625 898 2699 Confluat
882 2631 1053 2699 t..cum

392 2751 570 2840 Senovvs,
597 2748 681 2821 villa
715 2724 779 2821 sub
808 2748 974 2839 parochia
1000 2747 1043 2819 de
1071 2747 1379 2820 Sczelroczini
1406 2747 1492 2836 sita,
1520 2747 1617 2819 cuius
1644 2672 1844 2839 proprietas

171 2851 176 2859 ’
289 2893 353 2964 pro
381 2893 450 2944 una
475 2863 663 2943 medietate
680 2869 725 2942 ad
740 2868 991 2940 'monasterium
1010 2868 1177 2941 Clarae
1196 2869 1391 2942 Tumbae
1418 2869 1580 2959 pertinet
1606 2869 1706 2941 Hanc
1723 2869 1866 2957 villam„

289 2995 353 3067 sub
379 2999 535 3084 tempore
563 2992 694 3065 recenti
720 2999 758 3063 et
784 2996 904 3063 nostra
930 2996 1057 3080 aetate,
1084 2991 1245 3063 Andreas
1272 2987 1585 3063 Odrowauscb
1612 2992 1786 3082 palatinus
1803 2997 1845 3075 ιι

289 3117 489 3206 capitaneus
524 3114 781 3205 Leopolieusis,
817 3113 964 3186 contulit
1000 3112 1187 3186 donatione
1222 3119 1392 3204 perpetua
1426 3113 1638 3186 monasterio
1662 3112 1845 3199 ¹Clarae

288 3235 493 3309 Tumbae.
519 3235 560 3307 Iu
588 3255 656 3327 qua
683 3242 763 3307 sunt
791 3235 889 3306 lanei·
909 3235 1162 3321 cmethouales‚
1190 3240 1226 3306 et
1253 3234 1399 3335 quilibet
1425 3235 1530 3307 solvit
1548 3288 1555 3305 .
1575 3289 1582 3304 .
1601 3289 1628 3324 .,
1655 3236 1739 3307 item
1765 3256 1845 3326 ova,

218 3373 225 3386 ·
288 3360 370 3430 itam
397 3357 517 3449 gallos,
544 3357 629 3428 item
655 3376 795 3444 caseos;
823 3356 906 3428 item
934 3355 1043 3445 labor,
1071 3356 1154 3428 item
1181 3354 1334 3451 pomata,
1352 3356 1435 3428 item
1455 3377 1603 3452 osczpcp,
1620 3357 1705 3430 item
1723 3357 1846 3429 taber·

125 3490 130 3497 '
288 3500 363 3570 nae,
391 3479 474 3551 item
500 3477 688 3550 hortulani.
724 3478 811 3548 Item
840 3475 1019 3566 praedium
1051 3482 1105 3548 est
1130 3477 1180 3549 ibi
1207 3478 1352 3567 bonum,
1380 3478 1423 3549 de
1450 3477 1546 3549 cuius
1573 3478 1667 3568 agris
1694 3478 1847 3552 solvitur

89 3630 92 3639 ·
162 3586 170 3602 ’
287 3598 420 3672 decima
445 3620 510 3689 pro
537 3598 684 3670 ecclesia
708 3598 744 3669 iu
772 3596 1087 3669 Scae-koczini.
1113 3596 1202 3670 Item
1229 3598 1462 3671 molendinum
1482 3595 1558 3671 Tuon
1585 3605 1648 3672 est.
1683 3598 1770 3671 Item
1796 3599 1846 3672 de

139 3694 157 3715 ²
288 3719 446 3792 omnibus
472 3719 568 3810 agris
593 3718 698 3790 villae
725 3717 873 3791 solvitur
900 3723 936 3789 et
962 3718 1168 3791 conducitur
1193 3718 1328 3791 decima
1353 3719 1578 3809 manipularis
1604 3725 1641 3791 et
1660 3702 1846 3811 campalis
1866 3708 1880 3801 ’,

288 3860 353 3930 pro
371 3893 379 3909 .
398 3894 406 3909 .
479 3837 632 3911 Vendita
657 3843 713 3910 est
738 3856 802 3929 per
827 3839 1077 3911 monasterium
1113 3859 1205 3913 auno
1240 3839 1381 3912 Domini
1411 3842 1509 3913 1475
1538 3839 1846 3933 Pyeuyaszek

288 3959 331 4032 de
367 3957 729 4049 Gywanovvicze,
756 3978 820 4050 pro
847 3959 1013 4031 trecentis
1040 3959 1294 4052 quinquaginta
1320 3962 1465 4052 marcis,
1492 3967 1528 4033 et
1554 3981 1618 4053 pro
1644 3962 1846 4037 huiusmodi

288 4081 434 4170 pecuma
459 4078 544 4152 villa
569 4079 965 4172 Cppathkowicze
992 4087 1111 4174 empta
1139 4089 1193 4155 est
1220 4103 1284 4174 pro
1312 4084 1522 4157 monasterio
1550 4083 1745 4174 Mogilensi.
1807 4172 1811 4176 ι

395 4201 677 4293 Sraonvsszow,
704 4202 790 4273 villa
825 4202 889 4274 sub
917 4203 1083 4295 parocbia
1110 4204 1153 4276 de
1180 4201 1317 4277 Cdov
1344 4205 1423 4296 sita,
1449 4205 1547 4277 ouius
1574 4206 1770 4299 proprietas
1796 4207 1845 4281 ad

288 4324 537 4419 monasterium
572 4322 737 4396 Clarae
764 4324 960 4397 Tumbae
988 4325 1149 4416 pertinet.
1185 4326 1226 4398 Iu
1253 4347 1322 4418 qua
1348 4333 1431 4401 sunt
1456 4320 1608 4419 quinque
1631 4328 1725 4401 lanei
1751 4348 1845 4402 crue·

286 4444 457 4534 thonales,
484 4451 521 4517 et
548 4445 653 4517 solvit
679 4445 826 4536 quilibet
853 4467 916 4536 per
941 4452 1015 4518 tres
1041 4446 1204 4539 fertones,
1231 4448 1315 4519 item
1342 4468 1408 4519 ova
1435 4448 1603 4539 triginta3
1629 4449 1712 4521 item
1729 4450 1846 4540 gallos

285 4586 355 4637 uon
382 4565 540 4653 solvunt3
566 4566 655 4637 item·
677 4585 798 4638 caseos
824 4566 911 4638 duos
939 4566 1042 4657 dant3
1069 4567 1154 4639 item
1180 4566 1318 4640 labores
1345 4589 1415 4640 uon
1441 4568 1589 4660 iaciunt,
1616 4570 1698 4642 item
1725 4592 1845 4667 poma·

285 4684 364 4756 bam
399 4707 468 4757 non
504 4686 685 4775 laboraut;
721 4688 803 4759 item
840 4709 978 4783 osazyep
1006 4688 1165 4779 solvunt,
1192 4689 1279 4761 duas
1307 4709 1487 4763 mensuras
1513 4691 1661 4781 siliginis
1689 4698 1726 4763 et
1754 4691 1845 4765 duas
1873 4695 1876 4704 '

286 4827 416 4879 avenae
444 4813 481 4879 et
507 4813 656 4898 quatuor
677 4828 832 4898 grossos
860 4809 947 4879 ltem
975 4816 1030 4881 est
1057 4810 1107 4881 ibi
1134 4831 1202 4883 una
1228 4811 1374 4884 taberna
1401 4812 1533 4884 babens
1559 4833 1680 4904 agros,
1708 4819 1744 4886 et
1772 4813 1844 4885 sol·
1914 4820 1919 4827 '

286 4928 391 4999 vit..
411 4928 533 5000 ‚item
560 4916 679 5023 omne's
707 4930 783 5019 agri
812 4930 916 5003 villae
943 4930 1146 5003 solvuutet
1172 4932 1370 5004 conducunt
1396 4932 1564 5005 decimam
1591 4934 1843 5026 manipularem

285 5054 320 5117 et
345 5023 543 5139 canapalem
570 5071 634 5140 pro
669 5051 772 5121 altari
807 5048 926 5123 Sancti
953 5051 1127 5124 Vincent'
1088 5058 1129 5123 tu
1156 5053 1191 5123 in
1218 5052 1376 5125 Ecclesia
1403 5050 1643 5144 cracoviensi,
1670 5063 1707 5128 et
1733 5056 1845 5147 valor,

287 5168 361 5239 eius
389 5170 593 5242 aestimatur
620 5170 664 5242 ad
691 5173 842 5262 quinque
870 5173 1012 5244 marcas.
1048 5172 1137 5245 Item
1165 5195 1244 5245 uon
1262 5175 1351 5246 est
1342 5196 1387 5245 m
1406 5175 1488 5247 villa
1515 5176 1674 5266 praefata
1699 5176 1847 5266 aliquod

280 5290 485 5381 praedium,
513 5292 595 5362 item
624 5315 692 5364 non
721 5299 804 5364 sunt
830 5293 1059 5366 hortulaniae.
1086 5293 1175 5366 Item
1202 5301 1257 5369 est
1283 5296 1332 5367 ibi
1360 5297 1537 5369 naulum
1528 5319 1563 5368 m
1592 5298 1784 5370 flumine·

150 5406 232 5521 Ψ
237 5388 376 5505 {uod
413 5411 519 5484 solvit
555 5413 672 5485 decem
709 5432 851 5487 marcas
888 5413 1049 5487 Couliuat
1075 5435 1151 5487 cum
1187 5415 1491 5558 Plescbovet
1475 5416 1846 5534 tPlesszovvslry

184 5522 444 5624 Bbweg.

168 5644 196 5677 “’
387 5650 607 5745 Caawvaez,
636 5656 718 5727 villa
746 5656 828 5731 sub,
838 5656 1004 5746 parochia
1031 5656 1075 5729 de
1101 5658 1339 5752 lgolomya
1365 5662 1442 5751 sita,
1467 5663 1564 5734 cuius
1582 5662 1778 5753 proprietas
1795 5663 1848 5737 ad

286 5776 534 5848 monasterium
563 5776 731 5848 Clarae
768 5777 964 5850 Tumbae
1000 5779 1162 5868 pertinet.
1197 5780 1239 5853 In
1268 5804 1336 5873 qua
1363 5789 1445 5854 surrt
1471 5789 1626 5874 septem
1631 5783 1723 5856 laum
1750 5804 1848 5856 ιιιι-

281 5894 461 5984 thonales,
488 5902 524 5967 et
560 5896 707 5987 quilibet
691 5898 848 5971 tsolvit
883 5919 947 5988 pro
984 5919 1088 5971 censu
1116 5922 1218 5973 uuam
1247 5924 1415 5993 marcam,
1444 5904 1527 5975 item
1555 5926 1621 5977 ova
1649 5904 1846 5998 sexaginta
1897 5980 1901 5985 ,

215 6018 365 6087 item
394 6016 505 6108 gallos
533 6040 594 6089 seu
621 6040 770 6109 capones
797 6021 893 6111 duos,
920 6021 1003 6093 item
1031 6042 1161 6095 caseos.
1189 6023 1277 6096 ltem
1303 6024 1441 6096 laborat
1460 6027 1606 6115 quilibet
1624 6018 1729 6102 mrum
1746 6025 1847 6101 diem

283 6140 317 6207 in
346 6138 558 6227 septimana,
586 6140 726 6230 proprio
763 6164 867 6215 curru
894 6148 956 6214 a'ut
982 6134 1109 6216 aratro.
1146 6122 1232 6216 Item
1254 6145 1439 6240 peccabam
1466 6147 1635 6225 laborant.
1654 6148 1760 6220 lteiu
1786 6170 1847 6223 oe·

281 6282 385 6352 sapep
415 6259 562 6349 solvunt,
591 6260 677 6332 duas
704 6283 882 6336 mensuras
909 6265 1058 6354 siliginis
1086 6273 1123 6336 ιι
1140 6287 1242 6336 uuam
1262 6287 1399 6338 avenae.
1427 6268 1514 6340 Item
1533 6277 1587 6341 est
1606 6291 1674 6340 nna
1691 6269 1848 6344 taberna
1925 6288 1934 6309 ⁸

280 6377 413 6449 babens
440 6398 554 6470 agros,
580 6387 616 6452 et
643 6382 749 6455 solvit
776 6385 861 6457 duas
888 6407 1032 6469 marcas.
1061 6386 1147 6458 Item
1175 6386 1396 6461 hortulauiae
1422 6390 1510 6460 duae
1525 6391 1707 6462 babentes
1724 6373 1848 6499 agree
