4217 8059
326 1493 397 1564 172

306 1702 369 1771 et.
391 1696 637 1768 monasterium
673 1694 716 1764 de
751 1693 875 1764 Msth
889 1713 971 1782 ow,
1006 1693 1160 1764 habeant
1195 1691 1346 1763 decimas
1373 1691 1625 1780 manipulareS,
1652 1692 1727 1761 iure
1753 1696 1869 1763 tamen

318 1815 528 1908 parochiali,
555 1813 701 1903 quilibet
727 1813 847 1884 laneus
884 1832 1066 1902 possessus
1092 1812 1127 1882 iu
1156 1811 1258 1883 dictis
1285 1812 1394 1901 villis,
1422 1811 1527 1882 solvit
1552 1812 1763 1882 monasterio
1790 1810 1869 1884 (llo

316 1935 477 2009 buczensi
504 1954 610 2005 unum
637 1935 779 2004 chorum
807 1934 954 2022 siliginis
981 1940 1018 2003 et
1043 1953 1149 2003 unum
1177 1934 1319 2004 chorum
1346 1952 1486 2021 avenae,
1513 1951 1697 2004 mensurae
1714 1933 1868 2023 aequalis

318 2053 584 2142 Olobuczeusis,
607 2059 816 2142 teneturque
843 2053 988 2142 quilibet
1014 2052 1150 2122 emetha
1178 2052 1349 2140 siliginem
1377 2058 1414 2122 et
1440 2070 1584 2121 avenam
1609 2051 1804 2124 huiusmodi
1832 2053 1868 2122 in

226 2242 229 2247 .
316 2175 562 2247 monasterium
588 2172 821 2247 Globuczense
847 2173 1028 2262 iuducere,
1054 2193 1174 2247 mensa
1200 2172 1405 2263 episcopalis
1424 2173 1529 2244 habet
1547 2172 1697 2243 decimas
1715 2173 1752 2243 iu
1771 2172 1868 2244 Tru-

319 2295 599 2385 azkolyaszy
639 2301 675 2365 et
715 2280 1081 2384 Gywauowicze,
1120 2293 1366 2365 monasterium
1407 2299 1523 2363 autem
1560 2293 1798 2365 Msthovieuse
1832 2295 1869 2364 in

318 2415 542 2506 Opathow
582 2422 619 2485 et
657 2410 965 2505 Walenczow,
1001 2414 1102 2485 datas
1142 2414 1252 2484 eidem
1294 2415 1503 2484 monasterio
1540 2413 1770 2486 Msthovieusi
1806 2435 1870 2507 per

318 2537 502 2621 lvunem
538 2536 737 2626 episcopum
772 2534 1045 2607 Gracoviensem.
1090 2533 1473 2624 Truszlrolyaszy
1507 2539 1622 2605 autem
1657 2554 1727 2606 nou
1764 2535 1868 2606 solvit

318 2677 460 2746 mecmw,
486 2655 548 2728 sed
572 2655 810 2727 tautummodo
837 2654 1015 2726 denarium
1042 2653 1162 2726 Sancti
1189 2654 1296 2725 Petri.

421 2777 463 2848 Iu
490 2775 835 2868 Gyvanovvicze
861 2775 1029 2865 scoltetia,
1057 2795 1146 2866 quae
1172 2776 1279 2846 habet
1304 2781 1378 2848 tres
1403 2775 1523 2845 laneos
1550 2776 1615 2845 sub
1642 2794 1695 2865 se,
1722 2775 1765 2875 de
1793 2776 1868 2865 qui-

319 2897 385 2969 bus
411 2897 570 2968 omuibus
596 2896 745 2968 solvitur
771 2897 903 2968 decima
928 2895 1120 2986 pecunialis
1146 2916 1210 2984 pro
1238 2894 1448 2966 monasterio
1471 2894 1705 2985 Clobuczensi,
1723 2896 1767 2967 de
1785 2915 1870 2985 quo-

320 3018 407 3089 libet
431 3018 533 3089 laneo
559 3036 684 3088 novem
709 3036 859 3107 grossos.

422 3137 465 3209 Iu
490 3137 837 3228 Rambyelycze‚
864 3136 947 3207 villa
965 3136 1029 3207 sub
1047 3135 1213 3225 parochia
1231 3134 1456 3206 ecclesiaede
1474 3134 1765 3206 Olobuczsho
1791 3135 1869 3225 sita

319 3257 356 3327 in
383 3276 453 3348 qua
478 3264 535 3328 est
561 3257 721 3328 scoltetia
746 3257 879 3327 habens
906 3255 993 3327 dnus
1019 3256 1139 3326 laneos
1166 3254 1305 3344 liberos,
1332 3255 1375 3326 de
1402 3256 1528 3345 quibus
1546 3254 1704 3326 omnibus
1722 3255 1870 3327 solvitur

319 3377 453 3448 decima
479 3377 668 3466 pecunialis
694 3396 758 3466 per
783 3397 844 3448 sex
864 3431 872 3446 .
890 3431 899 3446 .
917 3431 925 3445 .
942 3376 1153 3447 monasterio
1180 3374 1414 3465 Globuczensi,
1442 3376 1608 3447 decimam
1626 3381 1743 3447 autem
1761 3376 1870 3445 maui-

319 3498 474 3587 pularem
502 3497 641 3568 solvunt
667 3497 880 3587 episcopatui
906 3495 1138 3568 Oracoviensi.

347 3880 650 4012 monasterium
684 3938 878 4033 quartum
911 3931 1072 4011 ordinis
1103 3920 1407 4013 canonicorum
1439 3931 1695 4034 regularium
1729 3930 1845 4010 Beati

653 4069 872 4173 Augustini
904 4068 1209 4149 Oracovieueie
1240 4069 1455 4148 dioecesis
1489 4070 1527 4147 iu

930 4356 933 4361 ,
983 4288 1205 4348 unrszrvru.

423 4478 602 4552 lohannes
629 4477 791 4549 Andreae
817 4477 861 4548 de
888 4477 1069 4548 Thancz
1078 4499 1143 4567 yn,
1170 4482 1313 4547 vocatus
1340 4475 1631 4567 Rabstinsky
1666 4476 1866 4547 domicellus

322 4605 359 4672 et
384 4599 483 4670 miles
509 4597 749 4671 Cracoviensis
776 4598 962 4688 dioecesis,
988 4600 1113 4669 haeres
1140 4597 1176 4666 in
1202 4595 1448 4687 Grasznilr,
1475 4597 1519 4667 de
1545 4597 1650 4667 armis
1677 4597 1868 4687 Bippen-

321 4720 460 4810 nium,
487 4741 508 4790 a
533 4717 693 4791 Johaune
729 4719 772 4788 dc
805 4718 1048 4808 Thancuyn
1076 4717 1264 4789 castellano
1300 4715 1521 4788 Gracoviensi
1547 4723 1673 4807 patruo
1701 4738 1763 4790 sno
1789 4738 1868 4808 ger-

321 4861 433 4930 mano,
459 4860 644 4930 persuasus
671 4843 707 4910 et
732 4839 894 4911 inductus
920 4840 957 4910 in
984 4838 1110 4929 oppido
1138 4860 1200 4910 suc
1228 4836 1461 4909 Krasznilr
1488 4843 1708 4928 augmentum
1725 4838 1868 4910 honoris

321 4966 358 5030 et
383 4959 495 5031 laudis
521 4959 659 5030 divinae
686 4959 766 5030 fidei
793 4979 929 5050 quoque
956 4965 992 5031 et
1018 4958 1196 5050 religionis
1224 4959 1432 5031 christianae
1451 4934 1644 5050 effecturus,
1663 4979 1706 5031 ex
1724 4958 1869 5030 ecclesia

321 5078 512 5170 parochiali
539 5080 575 5150 in
604 5080 830 5152 Orasznilr
857 5081 1105 5152 monasterium
1131 5079 1277 5152 fratrum
1299 5080 1401 5152 Beati
1420 5079 1607 5170 Augustini
1625 5081 1867 5151 canonicorum

321 5199 533 5290 regularium
559 5200 691 5291 fundat,
719 5207 816 5272 ratus
842 5207 1032 5291 proventus
1059 5207 1096 5272 et
1122 5201 1280 5273 redditus
1308 5200 1472 5272 ecclesiae
1499 5199 1676 5292 praelatae
1703 5201 1738 5271 in
1766 5200 1867 5273 Gra-

322 5320 455 5393 aznilr
489 5340 554 5410 pro
590 5321 802 5392 sustinendis
838 5327 874 5392 et
908 5320 1066 5392 fovendis
1092 5319 1259 5393 iratribus
1294 5322 1467 5411 religiosis
1494 5329 1529 5394 et
1556 5342 1673 5395 eorum
1701 5321 1866 5392 coenobio

321 5440 488 5514 sufficere.
521 5440 681 5513 Ecclesia
711 5443 827 5531 itaque
862 5425 1020 5532 praelata
1054 5443 1090 5513 in
1117 5441 1357 5533 Graszuyk
1384 5463 1426 5514 ex
1453 5450 1565 5515 morte
1592 5442 1762 5514 Johaunis
1787 5440 1868 5512 Ka-

321 5562 487 5655 lynslry
514 5563 587 5634 eius
614 5562 728 5633 ultimi
754 5570 790 5634 et
816 5563 1007 5634 immediati
1032 5565 1180 5634 rectoris
1206 5570 1371 5654 vacante,
1398 5563 1576 5635 Johaunes
1602 5563 1867 5635 Luthlronis

292 5672 294 5676 ’
321 5684 503 5774 episcopus
530 5681 767 5755 cracoviensis
795 5703 816 5754 a
841 5680 1009 5774 praefatis
1035 5682 1194 5755 Johaune
1221 5683 1263 5755 de
1291 5683 1503 5777 Tanczyu
1531 5683 1718 5756 castellano
1738 5682 1864 5755 Gracc·

321 5803 433 5877 viensi
458 5808 495 5875 et
522 5810 647 5894 nepote
674 5823 737 5876 suo
762 5802 922 5876 Johanne
949 5803 1244 5896 Rapstinsky
1270 5810 1442 5895 exoratus,
1470 5804 1650 5878 ecclesiam
1676 5803 1866 5896 praelatam

322 5925 359 5995 in
385 5923 614 5996 Crasznik
639 5924 683 5996 de
710 5925 880 5996 saeculari
906 5945 996 5996 anno
1022 5925 1162 5996 Domini
1193 5927 1302 6015 1469,
1329 5926 1385 5997 die
1411 5926 1524 6016 lunae,
1552 5927 1658 5998 tertia
1683 5925 1806 5996 Martii
1832 5925 1867 5995 in

322 6045 515 6136 regularem
540 6041 726 6135 hauelert,
754 6064 897 6136 eamque
933 6044 1094 6134 religioni
1121 6050 1156 6116 et
1181 6044 1349 6116 fratribus
1386 6045 1628 6118 canonicorum
1655 6045 1866 6136 regularium

321 6166 428 6237 vitam
453 6172 647 6258 utramque,
674 6165 822 6237 activam
848 6165 1011 6237 videlicet
1037 6173 1073 6237 et
1091 6165 1391 6255 contemplativam
1409 6167 1688 6258 practicantibus,
1707 6172 1744 6238 et
1760 6166 1866 6237 horas
1937 6202 1940 6209 ·

321 6293 509 6361 ructumas
544 6292 580 6359 et
606 6286 767 6378 diurnas,
795 6304 938 6379 remque
964 6287 1117 6359 divinam
1143 6286 1351 6378 expleturis,
1377 6289 1555 6379 perpetuis
1582 6289 1797 6379 temporibus
1824 6287 1869 6358 ab

322 6406 374 6478 eis
399 6404 652 6498 possidendam,
678 6404 875 6499 regendam,
900 6405 1161 6498 gubernandam
1187 6410 1224 6480 et
1241 6407 1427 6482 curandam
1446 6409 1643 6498 inviscerat,
1659 6408 1869 6499 incorporat,
