4217 8059
1747 1470 1822 1542 313

270 1655 412 1743 donata,
439 1656 536 1726 ouius
562 1657 758 1746 proprietas
784 1679 876 1731 nnnc
902 1661 1054 1750 pertinet
1079 1662 1124 1733 ad
1151 1667 1398 1737 monasterium
1424 1667 1544 1743 Sancti
1571 1670 1765 1745 rtindreaes¹
1783 1676 1823 1766 In

271 1797 339 1865 qna
357 1783 439 1846 sunt
458 1776 549 1847 lanei
567 1779 819 1868 cmethonales,
837 1786 874 1851 et
892 1780 1039 1871 quilibet
1057 1783 1161 1854 solvit
1179 1807 1243 1874 pro
1262 1806 1376 1859 annno
1395 1808 1500 1859 censu
1519 1812 1635 1861 unum·
1643 1791 1824 1885 fertonem,

271 1897 395 1986 viginti
417 1917 491 1985 ova,
510 1897 596 1970 duos
613 1898 744 1988 gallos·
760 1899 847 1971 Item
867 1910 1005 1977 nonest
1023 1892 1057 1974 in
1069 1903 1191 1989 ¹eadem
1206 1906 1289 1983 nilla
1306 1908 1500 1997 praedium,
1520 1930 1630 2000 neque
1648 1914 1824 2005 tabernae

272 2039 382 2109 neque
401 2018 630 2089 hortulaniae.
669 2020 757 2093 Item
777 2022 977 2095 cmethones
996 2045 1064 2096 non
1092 2025 1224 2098 faciunt
1241 2028 1378 2117 aliquos
1395 2030 1534 2101 labores
1560 2032 1621 2101 sed
1636 2006 1825 2127 podwodos

282 2159 351 2211 nna
372 2160 447 2210 cum
467 2139 648 2229 oppidanis
666 2141 1006 2215 Zawichostensibus
1019 2145 1069 2217 ad
1087 2148 1308 2237 pecuniarum
1328 2148 1502 2239 regiarum
1521 2151 1702 2223 rationem.
1738 2153 1823 2231 Item
1963 2186 1968 2201 ·

269 2260 468 2331 cmethones
495 2281 613 2332 omnes
640 2262 780 2335 solvunt
806 2264 973 2363 decimam
993 2266 1254 2357 manipularem
1262 2267 1429 2341 ecclesiae
1454 2270 1644 2359 parochiali
1672 2271 1821 2365 Sanctae

270 2380 450 2452 Trinitatis
477 2382 511 2451 in
539 2382 854 2474 Zawiehosth,
877 2391 914 2456 et
931 2407 1000 2465 uon
1021 2391 1183 2457 tenentur
1209 2388 1304 2459 illam
1331 2389 1457 2461 ducere
1484 2393 1635 2481 propriis
1662 2395 1823 2467 curribus

164 2544 170 2553 -
270 2502 311 2573 in
333 2502 544 2573 horreum-a
572 2502 717 2592 plebano
745 2503 941 2594 locandum,
968 2513 1005 2588 et
1023 2507 1121 2601 valor
1148 2508 1224 2579 eius
1250 2511 1455 2582 aestimatur
1481 2510 1525 2582 ad
1553 2513 1704 2603 quinque
1731 2535 1823 2595 mar-

269 2644 345 2710 cas,
373 2623 570 2712 canapalem
589 2625 697 2695 etiam
723 2646 790 2696 non
809 2626 947 2698 solvunt
976 2648 1038 2733 per
1058 2637 1208 2719 quatuor
1227 2630 1375 2721 ierugas.
1416 2630 1578 2703 Continet
1596 2654 1672 2703 curn
1691 2634 1824 2723 oppido·

133 2812 136 2817 .
268 2743 564 2816 Zawichosth
592 2749 629 2816 et
655 2745 746 2817 villis
773 2746 1113 2839 Pyotrowicze,
1141 2748 1356 2837 Gziszow,
1384 2749 1607 2823 Garbow..
1747 2792 1750 2796 -

365 2863 667 2953 -Proraowuczn,
695 2852 777 2939 villa
796 2869 859 2939 suh
878 2869 1044 2960 parochia
1061 2850 1396 2971 ecclesiastcam
1421 2868 1605 2944 Trinitatis
1623 2873 1666 2944 de
1686 2873 1822 2946 Zawi·

269 2986 435 3058 chaath
463 2986 549 3073 sita,
577 2993 622 3057 et
651 3008 714 3076 per
749 2988 1016 3079 Bolas-laum
1052 2989 1271 3061 Pudicam
1307 2991 1429 3069 ducem
1464 2994 1675 3065 monastario
1702 2992 1826 3067 Sancti

268 3107 430 3180 Andreae
465 3106 611 3195 donam,
648 3109 745 3181 cuius
772 3110 967 3200 proprietas
1002 3110 1046 3182 ad
1074 3110 1265 3200 praelatum
1304 3100 1549 3184 monasterium
1578 3114 1741 3202 pertinet.
1779 3115 1820 3221 Ip

190 3326 195 3337 μ
269 3250 337 3320 qua
355 3234 436 3300 sunt
462 3228 723 3318 quatuordecim
753 3229 841 3302 lanei
869 3231 1117 3324 cmethopales,
1145 3237 1181 3302 et
1198 3231 1345 3321 quilibet
1367 3252 1433 3321 pro
1453 3251 1557 3305 censu
1575 3254 1689 3321 annno
1716 3235 1822 3307 solvit

269 3350 586 3429 sanctimonialibus
613 3371 717 3429 unum
745 3350 922 3439 fertonem,
950 3352 1074 3442 viginti
1102 3373 1186 3441 ova,
1213 3353 1298 3428 item
1317 3352 1404 3424 duos
1429 3353 1555 3444 gallos,
1583 3353 1670 3441 duos
1688 3375 1823 3442 casecs;

268 3472 350 3543 item
369 3477 537 3560 ,quatuor
572 3491 672 3542 coros
699 3492 850 3560 avenae,
875 3479 948 3544 tres
984 3472 1142 3562 siliginis.
1182 3460 1269 3545 Item
1306 3473 1453 3563 quilibet
1487 3473 1530 3545 de
1557 3473 1658 3545 laneo
1685 3473 1822 3563 laborat

210 3600 216 3605 '
268 3612 372 3663 unum
400 3591 490 3661 diem
518 3591 552 3662 in
573 3593 783 3681 septimana,
811 3592 856 3664 ad
874 3593 1044 3664 rationem
1073 3593 1206 3665 dierum
1234 3593 1317 3665 lacit
1334 3593 1507 3669 ducturas.
1548 3593 1636 3666 Item
1664 3570 1747 3693 sunt
1773 3595 1823 3667 ibi

219 3710 221 3713 ’
268 3714 357 3787 duae
382 3713 566 3801 tabernae,
600 3713 837 3802 etquaelihet
863 3714 968 3818 solvit
992 3726 1057 3805 pro
1083 3735 1189 3785 censu
1217 3732 1319 3785 unam
1346 3734 1516 3802 marcam,
1549 3720 1585 3783 et
1611 3715 1696 3786 nihil
1724 3715 1822 3787 labo·-

267 3828 363 3924 ra'n't,
398 3835 465 3906 nisi
481 3832 679 3943 ¹pococlicm
713 3841 750 3907 et
785 3835 961 3924 quaelibet
996 3835 1105 3907 habet
1138 3856 1252 3936 agros.
1296 3835 1382 3906 Item
1419 3841 1475 3907 ast
1509 3857 1578 3907 nna
1599 3836 1822 3935 hortulanis,

219 3997 221 4003 ·
267 3956 399 4029 habens
425 3976 546 4045 agros,
583 3956 692 4026 solvit·
723 3955 839 4027 decem
876 3977 1018 4046 moseos
1045 3964 1082 4027 at
1109 3977 1214 4030 unum
1251 3955 1341 4027 diem
1367 3957 1403 4027 in
1431 3957 1625 4048 septimana
1660 3956 1822 4047 pedester
1926 3980 1964 4070 Ἰ

267 4076 412 4169 laborat
452 4075 540 4147 Item
567 4076 767 4149 emethoues
794 4097 912 4179 omnes
940 4076 985 4148 ad
1003 4071 1425 4169 laborandamduplioem·
1438 4076 1623 4171 mechom
1649 4084 1822 4183 tenentur.

267 4196 353 4268 Item
390 4195 622 4267 molendinum
658 4218 729 4268 non
764 4204 827 4267 est.
848 4197 955 4269 ¹Item
992 4218 1111 4267 omnes
1146 4198 1223 4285 agri
1258 4184 1496 4284 cmethorim
1532 4199 1757 4269 tabernarum
1785 4204 1823 4289 et

268 4316 486 4389 hortulaniae
505 4317 646 4387 solvunt
666 4316 836 4391 decimam
863 4316 1129 4407 manipularem,
1156 4324 1192 4395 et
1209 4337 1271 4407 per
1290 4325 1439 4407 quatuor
1467 4319 1604 4427 ierugas
1623 4320 1821 4409 canapalem

268 4439 443 4510 cantoriae
462 4437 752 4526 Sandomiriensi,
771 4446 807 4509 et
820 4442 983 4511 tenentur
1000 4437 1095 4509 illam
1114 4440 1267 4529 propriis
1284 4439 1443 4511 onrmbns
1461 4438 1588 4545 docere
1607 4440 1643 4509 in
1658 4440 1821 4510 horreum

269 4583 290 4632 a
318 4566 462 4631 cantore
488 4558 683 4647 locandum,
711 4565 746 4630 et
764 4560 862 4631 valor
888 4560 975 4629 eius.
990 4561 1193 4631 aestimatur
1219 4560 1263 4631 ad
1283 4552 1408 4650 rigfflti
1434 4576 1578 4631 marcas.
1605 4559 1691 4630 Item
1720 4579 1820 4649 prae·
1956 4620 1960 4628 .

267 4683 360 4753 hum
396 4681 446 4753 ibi
474 4681 673 4752 coenobiale
698 4688 736 4763 et
763 4682 878 4766 curia,
910 4682 953 4752 de
980 4682 1078 4753 cuins
1104 4683 1200 4771 agris
1225 4682 1505 4753 sanctimoniales
1527 4681 1626 4763 ‚solae
1653 4680 1820 4751 decimam

266 4804 480 4893 percipiunt,
517 4802 673 4891 quamvis
709 4782 915 4892 asseratur,
939 4801 1031 4893 qnod
1065 4785 1109 4874 ad
1145 4804 1342 4901 cantoriam¹
1371 4804 1555 4891 pertineat.
1599 4800 1686 4875 Item
1723 4801 1820 4872 iuxta

267 4924 383 5008 villam
411 4930 466 4994 est
482 4923 579 4993 lacus
606 4923 757 5012 optimus
784 4923 1013 5011 coenobialis,
1041 4925 1100 5013 qui
1118 4924 1308 4997 arendatns
1334 4923 1438 4999 solvit
1464 4921 1564 5007 anuis
1591 4921 1736 5011 singulis
1755 4940 1815 4991 sex

266 5066 409 5118 marcas.
449 5043 586 5117 Golinat
620 5065 695 5113 cum
733 5044 905 5137 Linou,
941 5044 1163 5133 Gziszorr,
1197 5044 1323 5115 Sancta
1354 5042 1539 5130 Trinitate,
1566 5040 1757 5113 Dznrcw
1785 5046 1821 5112 et

266 5165 574 5253 Zawichosth.
1542 5235 1547 5243 .
1762 5146 1781 5181 ⁹
1855 5146 1858 5151 .

370 5286 517 5374 Bonos,
546 5287 629 5358 villa
646 5308 708 5378 per
726 5286 994 5359 Boleslaum
1015 5284 1239 5361 Pudicum
1266 5285 1387 5353 ducem
1414 5288 1450 5353 et
1468 5283 1689 5353 monarcham
1717 5280 1819 5353 Polo·

267 5409 344 5478 niae
381 5409 591 5479 monasterio
627 5409 938 5479 sanctlmonialium
975 5406 1018 5478 de
1045 5405 1173 5485 Sancto
1205 5403 1347 5493 Andron
1374 5402 1521 5491 donam,
1553 5405 1651 5472 iuxta
1676 5402 1817 5474 fluvium

267 5527 446 5611 Szanna
466 5528 558 5616 sita,
586 5509 718 5601 habens
745 5530 779 5600 in
800 5549 837 5600 se
856 5529 1034 5607 stolatam
1062 5525 1293 5619 parochialem
1323 5525 1482 5614 ligneam,
1510 5522 1637 5593 Sancto
1656 5522 1818 5593 Andreae

268 5649 436 5738 Apostolo
463 5649 632 5737 dimum,
668 5670 770 5740 qnam
798 5649 841 5721 de
869 5649 993 5731 Sancto
1021 5647 1191 5719 Mauricio
1227 5667 1271 5721 ex
1297 5643 1616 5729 Zauichosth,
1644 5643 1836 5745 magister

266 5768 435 5841 Matthias
472 5770 514 5841 de
541 5767 740 5844 Odoliuo
776 5777 856 5842 tunc
884 5769 1069 5858 plebanus,
1105 5766 1252 5856 provida
1286 5766 1422 5836 radone
1450 5770 1487 5835 et
1516 5757 1686 5853 perpetua
1712 5762 1756 5833 ob
1784 5762 1820 5834 id

266 5891 433 5961 memoria
459 5890 600 5980 dignus,
634 5912 678 5962 ne
705 5890 907 5980 parochiani
934 5887 1192 5959 sui'Vislam
1216 5884 1496 5979 transfretando,
1533 5881 1817 5974 quemadmodum

266 6031 369 6101 saepe
397 6011 895 6100 eveniebatpericlitarentur,
922 6006 1110 6081 transtulit.
1151 6006 1258 6085 Cuius
1286 6007 1482 6099 proprietas
1510 6004 1554 6076 ad
1572 6004 1850 6076 monasterinm-

267 6131 384 6207 Sancti
422 6131 583 6202 Andreae
619 6133 782 6222 pertinet.
823 6131 862 6201 ln
889 6150 958 6221 qua
992 6134 1074 6200 sunt
1100 6134 1178 6198 octo
1205 6127 1297 6199 lanei
1325 6125 1577 6213 emethonales,
1611 6131 1647 6195 et
1674 6123 1821 6213 quilibet

266 6252 372 6324 solvit
398 6272 462 6342 pro
489 6273 603 6322 annuo
631 6271 734 6323 censu
761 6250 884 6324 ulnam
910 6250 1038 6337 mellis,
1053 6301 1055 6307 -
1070 6248 1216 6337 triginta
1242 6269 1326 6336 ora,
1352 6247 1440 6319 duos
1466 6245 1601 6337 gulos,
1623 6245 1708 6315 item
1736 6264 1820 6333 qua·

264 6377 344 6444 tuor
380 6393 480 6443 coros
515 6392 664 6461 avenae,
699 6378 772 6443 tres
799 6372 957 6462 siliginis.
997 6371 1086 6442 Item
1113 6373 1168 6439 est
1201 6368 1249 6441 ibi
1278 6368 1425 6440 taberna
1451 6387 1520 6438 una
1547 6365 1679 6438 habens
1706 6384 1819 6456 agros,
1924 6420 1927 6425 .

241 6586 243 6591 ,
370 6537 571 6581 sauronam
636 6508 640 6521 ¹
1084 6579 1093 6589 ,
1462 6591 1468 6601 ¹
1613 6511 1651 6563 ⁴⁰
