4217 8059
1718 1500 1790 1575 lea

242 1709 450 1781 sententiam
470 1710 506 1779 in
523 1710 686 1781 omnibus
704 1716 742 1780 et
759 1708 904 1799 singulis
923 1708 1096 1799 capitulis,
1115 1709 1271 1811 articulis
1280 1730 1293 1798 ,·
1307 1710 1452 1799 punctis,
1470 1709 1644 1801 clausulis,
1675 1712 1796 1787 obser-

243 1832 349 1919 vanti,
376 1850 439 1919 per
467 1838 600 1919 partem
629 1831 957 1919 contravenientem,
983 1832 1089 1901 toties
1117 1830 1252 1919 quoties
1279 1837 1485 1901 conventum
1511 1831 1630 1921 fuerit,
1657 1836 1793 1907 solven-

242 1951 375 2039 dorum,
403 1951 650 2039 compromisso
677 1957 712 2022 et
739 1951 911 2023 sententia
939 1958 1059 2023 nostra
1085 1951 1247 2022 arbitrali
1275 1952 1310 2021 in
1328 1972 1391 2022 suo
1419 1952 1544 2023 robore
1570 1948 1794 2026 nihilominus

241 2080 475 2161 permanente.
502 2070 610 2159 Quam
637 2090 785 2161 poenam
813 2077 929 2160 partes
957 2073 1050 2161 ipsas
1078 2072 1255 2143 incurrere
1277 2070 1436 2143 volumus
1463 2072 1539 2162 ipso
1556 2070 1660 2163 facto,
1686 2074 1795 2153 iuter-

242 2192 473 2282 pretationem
500 2211 593 2279 vero,
620 2192 871 2263 correctionem
898 2199 935 2263 et
955 2191 1230 2263 declarationem
1266 2190 1463 2263 huiusmodi
1485 2199 1628 2264 nostrae
1655 2202 1795 2265 seuten-

243 2314 313 2384 tiae
340 2312 530 2400 arbitralis,
558 2312 658 2384 nobis
686 2311 777 2383 infra
803 2312 885 2383 hinc
911 2320 947 2383 et
974 2312 1077 2384 unius
1103 2312 1186 2383 anni
1213 2311 1396 2384 decursum
1423 2332 1653 2385 reservamus.
1690 2312 1797 2385 ¹Anno

245 2433 383 2505 Domini
414 2434 521 2505 1456.
547 2430 637 2505 seria
663 2434 784 2522 quinta
812 2433 969 2522 proxima
995 2439 1077 2505 ante
1102 2432 1237 2505 festum·
1257 2431 1375 2504 Sancti
1398 2432 1572 2505 leonardi
1597 2432 1691 2505 iacta
1716 2440 1798 2526 sunt

244 2555 339 2643 haec,
366 2575 428 2644 per
455 2554 542 2625 dnus
570 2553 731 2625 doctores
757 2554 961 2625 incivitate
988 2552 1199 2625 Ploczho.

862 2752 1176 2775 m

299 2968 604 3049 monasterium
626 2970 799 3048 tertium
833 2970 993 3048 ordinis
1015 2972 1317 3049 canonicorum
1351 2970 1605 3075 regularium
1639 2970 1754 3051 Baeti

877 3124 1096 3230 Augustini
1130 3126 1170 3204 iu

826 3240 1216 3377 cnonucnssso.

348 3514 520 3607 Oppidum
548 3514 843 3588 Globuczsko
871 3514 1113 3591 cracoviensis
1131 3515 1319 3605 dioecesis,
1345 3517 1443 3588 cuius
1461 3519 1656 3608 proprietas
1683 3527 1720 3589 et
1737 3518 1799 3592 du-

246 3637 388 3709 minium
415 3637 459 3707 ad
477 3638 736 3709 serenissimum
764 3636 928 3707 Poloniae
956 3657 1074 3727 regem
1101 3636 1271 3726 pertinet,
1298 3636 1380 3707 dum
1406 3638 1570 3726 apriscis
1596 3639 1736 3729 regibus
1763 3646 1800 3711 et

248 3757 461 3855 principibus
488 3756 654 3829 Poloniue
673 3757 896 3847 conderetur,
924 3766 1068 3848 propter
1084 3757 1219 3847 galeam
1237 3756 1387 3829 ferream
1404 3757 1476 3839 illic
1493 3757 1574 3829 dnm
1593 3759 1801 3831 conderetur

246 3886 429 3968 repertum,
449 3868 551 3967 quam
570 3878 692 3950 Potoni
711 3900 773 3950 suo
793 3877 957 3957 idiomate
973 3874 1146 3949 clobuczelc
1173 3884 1311 3967 vocant,
1338 3876 1630 3951 Olobuczslro
1648 3882 1796 3969 nomine,

248 4020 290 4069 ex
309 3999 463 4088 auspicio
491 3998 608 4070 taliter
636 4020 657 4070 a
676 3998 914 4071 conditoribus
933 4006 1088 4088 reperto,
1115 3998 1207 4081 satis¹
1227 3997 1379 4069 faustum
1405 4008 1442 4070 et
1459 4000 1675 4089 auspicatum
1702 4022 1799 4073 acce-

246 4118 317 4210 pit;
347 4119 450 4209 ¹quod
475 4119 564 4189 etin
591 4119 682 4191 diem
708 4119 911 4191 hodiernam
942 4120 1070 4191 retinet
1098 4120 1252 4209 auspicio
1278 4119 1476 4191 huiusmodi
1502 4120 1648 4193 innuens
1675 4122 1800 4211 capitis

249 4240 316 4329 sui,
343 4239 378 4311 id
405 4248 459 4311 est
484 4238 564 4311 fidei
595 4246 631 4311 et
656 4239 834 4331 religionis
870 4240 1080 4311 christianae
1106 4260 1144 4311 se
1171 4240 1417 4311 munimentum
1444 4238 1534 4311 forte
1561 4249 1598 4311 et
1622 4240 1797 4331 galeatum
1850 4218 1853 4224 ¹

247 4361 460 4433 habiturum.
503 4360 575 4431 Nec
603 4362 672 4437 talc
699 4362 890 4451 auspicium
917 4361 968 4432 illi
996 4360 1123 4450 dehrit,
1164 4361 1208 4431 ab
1235 4359 1378 4431 exordio
1414 4361 1583 4450 siquidem
1610 4382 1693 4434 suae
1720 4383 1800 4433 con-

249 4482 392 4553 ditionis
418 4483 454 4553 in
481 4481 627 4554 ccclesia
653 4483 844 4574 parochiali
871 4482 997 4553 Sancto
1025 4480 1179 4553 Martino
1206 4480 1396 4553 confessori
1422 4489 1458 4552 et
1486 4481 1632 4553 Sanctae
1659 4482 1801 4574 Marga-

250 4604 370 4675 rethae
398 4602 535 4693 Virgini
563 4610 599 4675 et
625 4604 772 4694 martyri
798 4603 929 4691 dicata,
958 4623 1061 4692 quam
1088 4600 1231 4675 Petrum
1258 4602 1301 4673 de
1327 4600 1508 4693 Skrzyn
1536 4604 1694 4674 comitem
1721 4604 1800 4675 rudi

251 4723 312 4795 sed
346 4722 446 4795 tirmo
483 4746 586 4815 opere
623 4745 665 4795 ex
692 4732 792 4815 petru
827 4723 906 4795 alba
932 4724 1090 4814 vulgavit
1123 4722 1313 4799 fabricasse
1340 4723 1549 4812 antiquitus,
1580 4724 1732 4815 insignes
1764 4732 1801 4797 et
1853 4806 1858 4811 ,

251 4845 408 4935 galeatos
436 4846 688 4935 quodammodo
720 4847 843 4917 hahuit
869 4852 1037 4933 rectores,
1065 4846 1124 4935 qui
1151 4866 1225 4915 eam
1257 4846 1292 4916 in
1310 4844 1549 4934 spiritualibus
1574 4852 1610 4917 et
1627 4853 1802 4936 tempora·

250 4960 340 5039 libus
366 4966 450 5039 forti
468 4967 758 5067 administrabant
782 4968 957 5056 regimine,
984 4972 1020 5037 et
1037 4966 1263 5055 charismate,
1289 4965 1407 5037 diuino
1434 4967 1550 5054 verbo,
1577 4967 1735 5057 exemplo
1763 4950 1801 5039 et

252 5109 354 5178 opere
382 5088 599 5177 imbuebant;
636 5089 844 5177 insigniores
880 5089 984 5159 etiarn
1011 5108 1107 5177 nunc-
1129 5088 1258 5159 sortita
1276 5093 1455 5176 rectores,
1486 5086 1614 5159 fratrea
1640 5088 1803 5161 videlicet

252 5209 526 5299 augustinenses
554 5210 737 5280 canonicos
765 5208 956 5298 regulares,
983 5209 1041 5297 qui
1069 5208 1163 5279 illam
1190 5207 1331 5279 assidua
1356 5228 1418 5279 sua
1438 5210 1634 5297 praesentia
1660 5216 1696 5281 et
1713 5211 1802 5281 resi-

117 5354 121 5362 ·
254 5329 373 5401 dantia
400 5331 627 5429 crassioribus
646 5330 796 5421 irrigant
814 5339 850 5401 et
867 5330 1029 5417 excubiis,
1048 5336 1084 5400 et
1105 5322 1340 5417 documentis,
1367 5330 1421 5399 cui
1441 5331 1611 5419 quondam
1630 5332 1803 5420 peculiare

254 5461 289 5523 et
317 5452 493 5541 proprium
521 5449 603 5540 suit,
639 5458 678 5523 ut
705 5452 863 5541 quilibet·
887 5450 978 5523 illius
1005 5451 1250 5541 parochianus,
1286 5450 1360 5522 sive
1387 5470 1460 5521 mas
1497 5450 1555 5521 ille
1589 5449 1704 5523 fuerat
1730 5454 1804 5523 sive

254 5572 433 5661 foemina,¹
456 5572 546 5659 diem
584 5573 721 5661 obiens,
758 5573 879 5643 bovem
915 5580 975 5644 aut
1010 5592 1148 5643 vaccam
1184 5571 1284 5643 daret
1318 5571 1484 5641 ecclesiae
1520 5592 1584 5661 pro
1617 5574 1804 5662 sepultura

255 5693 384 5765 Verum
403 5694 483 5769 dum
503 5695 610 5782 pestis
630 5693 820 5783 epidemise
840 5693 969 5782 valida,
999 5692 1163 5781 Martiae,
1191 5693 1249 5782 qui
1267 5690 1624 5783 Ozyelpanthko
1652 5694 1804 5784 appella·

255 5824 311 5885 tus
338 5820 409 5904 est,
446 5815 521 5887 viro
550 5815 656 5886 nobili
691 5814 733 5885 de
761 5814 862 5885 domo
890 5821 926 5885 et
943 5813 1075 5886 familia
1100 5815 1158 5903 qui
1186 5834 1223 5883 se
1251 5812 1468 5885 Kuczaba
1494 5821 1698 5905 nuncupat,
1714 5836 1804 5888 anuo

257 5934 393 6007 Domini
417 5934 513 6007 1454
542 5938 654 6025 prima
680 5936 735 6007 ¹die
755 5935 902 6024 Augusti
926 5934 1043 6023 plures
1062 5934 1497 6029 nrortalesprosterneret,
1524 5943 1560 6006 et
1577 5937 1643 6006 iam
1673 5957 1807 6026 pecora,

254 6057 379 6147 quibus
415 6056 628 6146 sepulturam
665 6079 761 6130 suam
808 6056 1006 6147 parochiani
1042 6055 1292 6128 Olobnczenses
1327 6058 1595 6129 cohonestercnt
1631 6058 1805 6147 deessent,

256 6200 329 6249 snos
366 6178 424 6249 ille
452 6179 547 6250 velut
573 6200 739 6250 onerosus
776 6177 979 6250 mortalibus
1016 6178 1166 6247 rescisus
1193 6186 1253 6248 est·
1274 6186 1311 6249 ct
1337 6178 1497 6249 abditus.
1542 6177 1658 6249 Morte
1686 6186 1802 6251 autem

257 6297 404 6371 Martini
431 6298 710 6391 Gaelyanthko
738 6307 903 6389 sequuta,
931 6298 1011 6369 dum
1039 6298 1075 6368 in
1101 6296 1218 6377 villam
1246 6297 1636 6371 Bartholomaeus
1664 6301 1718 6372 vir
1744 6322 1806 6373 no-

257 6419 337 6491 bilis
372 6420 415 6491 de
452 6422 561 6510 stirpe
606 6418 830 6491 Perstina
865 6420 951 6491 alius
987 6416 1260 6509 Wyeuyawa
1303 6440 1394 6490 anno
1428 6420 1569 6491 Domini
1618 6422 1726 6496 1410.
1762 6423 1806 6495 ud
