4217 8059
1753 1488 1826 1559 183

284 1692 569 1779 transhrndendo;
596 1694 641 1763 ab
669 1692 728 1765 illo
747 1686 883 1784 quoque
910 1702 1066 1783 tempore
1084 1693 1228 1763 ecclesia
1254 1694 1331 1782 ipsa
1347 1694 1382 1763 in
1401 1692 1665 1782 Xangnicze
1691 1694 1758 1765 etsi
1784 1694 1829 1766 ad

278 1814 445 1884 unitatem
475 1813 576 1883 unius
603 1814 742 1904 plebani
769 1814 914 1885 redacta
941 1814 996 1902 sit,
1024 1815 1060 1885 in
1088 1814 1229 1885 decimis
1256 1822 1371 1885 tamen
1390 1822 1427 1883 et
1445 1814 1549 1904 agris,
1575 1818 1680 1903 atquo
1708 1815 1828 1905 pratis,

279 1936 494 2023 caeterisque
522 1934 722 2007 introitibus
749 1934 950 2007 notabiliter
977 1934 1146 2007 mutilata
1186 1934 1226 2005 ln
1253 1940 1370 2005 aetate
1397 1934 1545 2024 denique
1581 1940 1702 2007 nostra
1729 1954 1828 2024 prac-

279 2055 371 2127 l'atac
399 2055 565 2127 ecclesiae
592 2056 635 2125 de
663 2055 931 2145 Xangnicze
958 2058 1068 2128 abhas
1094 2056 1319 2143 hle-thies,
1360 2064 1396 2125 et
1422 2056 1639 2127 coenobiales
1667 2056 1828 2147 Tlryuici-

280 2197 389 2264 enses,
418 2154 578 2265 bucinam
599 2176 668 2247 illis
686 2177 884 2266 nuperrime
912 2184 1146 2263 successerat,
1182 2177 1326 2247 inescati
1352 2176 1455 2247 aliam
1482 2176 1659 2265 ecclesiam
1687 2178 1723 2248 in
1750 2174 1828 2247 Tu·-

279 2296 400 2377 chow
428 2295 565 2387 oppido,
592 2296 627 2368 in
655 2298 880 2386 proventibus
908 2304 943 2369 et
969 2298 1111 2370 decimis
1138 2302 1345 2386 venbosam,
1372 2297 1547 2369 narrando
1574 2296 1654 2369 licte
1685 2305 1722 2368 et
1748 2316 1826 2387 pcr-

279 2437 396 2507 peram
415 2438 530 2489 coram
550 2438 683 2490 summo
703 2417 864 2508 pontifice
883 2418 914 2488 N
925 2417 1079 2491 icolao
1106 2439 1196 2509 papa
1214 2418 1404 2506 Quinto,
1431 2419 1581 2507 qualiter
1599 2418 1691 2489 bona
1708 2438 1826 2489 eorum

280 2538 480 2610 monasterii
507 2559 569 2628 per
597 2538 769 2611 Bohcmos
805 2539 999 2611 haereticos
1031 2539 1178 2611 luissent
1205 2538 1391 2627 incendiis,
1426 2539 1578 2629 rapinis,
1612 2540 1828 2629 caeterisque

279 2658 547 2748 expilationibus
575 2659 766 2747 devastata,
792 2660 944 2732 obtinuit
978 2659 1091 2749 illam,
1127 2658 1378 2749 patrefamilias
1411 2659 1572 2749 episcopo
1609 2658 1829 2731 Gracovieuai

279 2778 410 2851 Thoma
437 2780 809 2871 Strzempinslry,
836 2786 1077 2871 postmortem
1103 2780 1320 2851 Danielis
1346 2780 1440 2851 illius
1467 2780 1580 2851 ultimi
1607 2780 1820 2869 possessoris

279 2900 480 2989 dormiente,
509 2901 600 2971 uniri
628 2922 703 2973 curn
732 2902 804 2973 suis
831 2901 1033 2973 introitibus
1061 2907 1097 2973 ct
1123 2902 1349 2991 incorporari,
1375 2909 1412 2973 et
1437 2902 1561 3003 locatis
1587 2901 1637 2973 ibi
1663 2902 1718 2973 sui
1735 2900 1829 2973 ordi·

279 3022 342 3109 nis,
369 3022 491 3111 suique
518 3022 675 3094 coenobii
701 3022 876 3111 iratribus,
904 3023 1084 3094 ecclesiam
1112 3022 1207 3093 illam
1233 3043 1296 3112 per
1322 3044 1361 3093 se
1376 3044 1507 3113 regere,
1534 3030 1669 3095 ettam
1696 3023 1731 3093 in
1759 3022 1829 3113 spi·

279 3143 462 3217 ritualibus
489 3164 592 3233 quam
619 3144 870 3233 temporalibus
888 3143 1145 3234 administrare,
1172 3150 1370 3234 coeperunt,
1398 3144 1433 3213 in
1462 3144 1685 3233 vilipendium
1703 3152 1741 3215 ct
1757 3143 1829 3215 lae·

280 3284 396 3337 suram
415 3264 470 3337 sui
485 3266 630 3354 ordinis,
658 3265 780 3355 suique
807 3264 1018 3355 legislatoris
1046 3265 1253 3337 contessoris
1269 3266 1413 3355 gloriosi
1433 3271 1468 3335 et
1485 3266 1638 3354 pastoris
1656 3264 1829 3356 magnifici

281 3382 479 3475 Benedicti,
514 3386 574 3477 qui
602 3386 655 3457 sui
683 3385 815 3457 ordinis
850 3385 976 3457 iratres
1016 3408 1086 3457 non
1112 3407 1230 3456 curam
1257 3386 1450 3463 animarum
1476 3406 1617 3477 gerere,
1654 3406 1765 3476 neque
1778 3386 1826 3457 in

246 3506 262 3581 .’
280 3504 424 3603 urbibus
459 3504 637 3594 babitare,
673 3507 734 3601 sed
762 3506 1039 3579 anachoreticam
1076 3507 1183 3579 vitam
1219 3506 1363 3597 ducere,
1399 3513 1436 3578 et
1462 3507 1499 3577 in
1524 3508 1665 3577 heremo
1701 3506 1830 3595 degere

221 3623 224 3629 ’
279 3626 450 3715 sanxivit3
484 3626 546 3701 sed
573 3628 742 3716 viderint,
779 3628 837 3717 qui
865 3628 1007 3699 huiusce
1043 3626 1267 3700 scandalosae
1302 3628 1354 3699 rei
1382 3626 1523 3700 luerunt
1554 3634 1732 3715 auctores,
1767 3646 1831 3716 per

279 3768 381 3849 quam
408 3748 520 3851 auctis
548 3749 749 3819 monasterii
777 3748 911 3837 opibus,
938 3749 1101 3838 moribus,
1129 3748 1318 3821 mrtutihus
1344 3755 1382 3819 et
1406 3748 1542 3839 legibus
1568 3747 1750 3819 evidenter
1775 3752 1830 3819 est

279 3868 480 3942 iniuriatum
508 3875 544 3941 et
571 3868 776 3957 detractum,
804 3871 871 3941 viri
897 3891 1034 3961 quoquo
1056 3871 1240 3941 monastici
1266 3877 1304 3941 et
1330 3869 1495 3959 religiosi,
1521 3890 1565 3941 ex
1590 3869 1768 3941 monachis
1793 3875 1831 3940 ct

280 3988 505 4079 heremicolis‚
534 3991 568 4061 in
595 3991 788 4062 mundanos
815 3991 956 4063 redacti.
983 3990 1051 4063 Sed
1078 4012 1142 4062 nos
1156 3991 1372 4080 propositum
1391 3996 1547 4063 nostrum
1574 3988 1834 4085 prosequuturi‚

193 4126 196 4133 '
279 4110 323 4181 ad
350 4110 593 4187 describendas
620 4112 780 4201 decimas,
808 4112 908 4183 villas
935 4117 972 4184 et
998 4112 1172 4202 quoslibet
1199 4112 1453 4203 Thp²neczensis
1481 4111 1682 4183 monasterii
1709 4110 1831 4183 introi-

281 4240 348 4322 tus,
376 4232 542 4305 calamum
570 4233 791 4304 invertamus.

385 4352 662 4427 blcnaeterium
693 4350 974 4447 Thyniclenee,
1012 4353 1049 4425 in
1077 4374 1157 4425 arce
1191 4361 1333 4443 petrosa
1359 4359 1396 4424 et
1422 4352 1532 4425 ardua
1566 4354 1691 4435 situm,
1729 4373 1832 4444 quam

281 4474 403 4545 durius
430 4474 583 4545 lstnla
611 4474 860 4564 praeterfluens
887 4450 1007 4563 abh'rit,
1033 4474 1167 4547 habens
1184 4474 1364 4545 ecclesiam
1391 4473 1637 4562 coenobialem,
1664 4478 1701 4543 et
1726 4472 1831 4545 cellas

281 4604 384 4683 atque
411 4596 566 4667 cilicinas
593 4596 794 4667 monasterii
832 4616 930 4667 rnuro
966 4594 1166 4667 fabricatas.
1210 4595 1284 4665 Ara
1311 4602 1426 4665 autem
1454 4594 1532 4685 ipsa
1558 4600 1595 4666 et
1621 4594 1767 4665 moeniis
1794 4598 1831 4663 et
1940 4590 1955 4615 ⁰

280 4716 453 4805 turribus,
489 4716 704 4806 caeterisque
732 4716 999 4807 propugnaculis
1027 4716 1229 4791 notabiliter
1256 4722 1311 4787 est
1336 4716 1510 4805 emunita,
1551 4736 1640 4805 quae
1667 4722 1768 4787 nocte
1796 4721 1833 4785 et

281 4838 432 4910 interdiu
459 4838 494 4907 in
521 4837 661 4910 assidua
689 4844 830 4910 tenetur
856 4838 1022 4910 custodia
1063 4837 1251 4909 Pulchrum
1280 4838 1416 4928 patriae
1438 4836 1641 4926 clenodium,
1668 4844 1705 4907 et
1732 4837 1833 4931 tortia

280 4966 401 5031 contm
428 4958 572 5030 hostiles
599 4957 744 5030 insidias
770 4960 963 5049 nranimen,
1003 4960 1099 5033 locus
1127 4964 1294 5049 vetustus,
1321 4967 1358 5030 et
1383 4960 1419 5030 in
1446 4958 1648 5057 quostiam
1676 4959 1711 5029 in
1738 4958 1832 5048 prio·

281 5080 376 5151 ribus
404 5080 576 5151 aetatibus
604 5086 747 5170 propter
764 5080 985 5152 eminentiam
1013 5080 1123 5169 collis,
1151 5101 1319 5170 nusquam
1337 5101 1401 5151 arr
1419 5080 1550 5151 deerat.
1578 5078 1644 5151 Est
1661 5080 1710 5151 ibi
1731 5100 1832 5169 prae·

280 5201 372 5271 dium
400 5201 554 5272 notabile
582 5201 755 5291 coenobii,
784 5200 915 5273 hahens
943 5202 1033 5273 citra
1060 5201 1147 5274 duos
1173 5202 1303 5287 laneos,
1330 5200 1373 5273 de
1400 5200 1499 5273 cuius
1526 5201 1620 5291 agris
1647 5200 1733 5271 nulli
1761 5200 1830 5272 sol-

281 5328 366 5392 vunt
393 5320 569 5410 decimam,
597 5322 657 5393 sed
684 5342 760 5393 eam
787 5343 851 5412 pro
870 5342 907 5393 se
925 5322 1051 5394 tollunt
1068 5322 1158 5393 etin
1176 5322 1338 5394 horreum
1361 5344 1462 5394 suum
1488 5320 1665 5410 inducunt,
1692 5328 1833 5411 praetor

280 5463 381 5513 unam
401 5424 621 5531 portionem,
658 5464 745 5533 quae
773 5444 873 5513 vinea
899 5442 1035 5532 dicitur,
1062 5450 1099 5514 et
1126 5462 1214 5533 quac
1240 5444 1393 5515 continat
1418 5444 1493 5532 sepi
1522 5442 1616 5513 horti
1645 5441 1833 5530 ulterioris,

279 5562 322 5633 de
349 5584 418 5653 qua
444 5563 636 5635 decimatur
662 5564 809 5654 plebano
837 5564 870 5635 S.
897 5564 1068 5637 Andreae.
1108 5564 1195 5636 Item
1223 5569 1278 5635 est
1303 5563 1458 5635 notabile
1485 5562 1688 5653 pomarium,
1715 5562 1833 5653 plures
1949 5566 1954 5575 '

155 5694 158 5701 '
280 5685 412 5757 habens
439 5686 582 5758 arbores
609 5685 794 5757 [emundas
813 5692 849 5757 et
867 5686 992 5776 largas;
1018 5686 1102 5757 item
1130 5693 1213 5757 sunt
1238 5686 1307 5757 duo
1335 5686 1428 5758 horti
1456 5686 1521 5758 sub
1549 5690 1675 5773 moute
1702 5684 1738 5755 in
1757 5684 1833 5775 qui·-

279 5806 344 5877 bus
371 5814 534 5879 seruntur
552 5816 588 5879 et
605 5808 808 5897 plantantur
826 5807 949 5895 caules,
977 5796 1203 5897 caeteraeque
1221 5807 1352 5878 herbae
1369 5806 1581 5897 coquinales3
1606 5806 1691 5877 item
1706 5805 1833 5877 tertius

279 5926 402 5999 hortus
429 5928 558 5999 cerasis
586 5927 749 6015 consitus,
777 5927 907 5999 habens
935 5926 1052 6017 plures
1080 5948 1182 6017 apum
1210 5932 1361 5999 truncos

384 6048 594 6137 'Parauaea
623 6048 705 6120 villa
730 6048 863 6120 habens
890 6048 926 6119 iu
945 6068 982 6119 se
1010 6048 1191 6119 ecclesiam
1217 6048 1470 6139 parochialem,
1496 6048 1538 6119 S⁰
1556 6046 1719 6119 Andreae
1733 6046 1828 6136 Apa.

281 6171 370 6242 stolo
397 6170 558 6259 dicatam,
586 6176 723 6243 vetusto
751 6190 856 6260 opere
884 6190 926 6243 ex
953 6176 1054 6261 petra
1080 6169 1162 6241 alba
1178 6178 1360 6260 muratam,
1386 6176 1424 6243 et
1450 6190 1538 6259 qnae
1565 6190 1634 6240 ana
1660 6168 1832 6241 asseritur

281 6289 322 6361 de
350 6311 494 6363 numero
521 6292 752 6379 ecclesiarum,
781 6312 877 6387 quas
894 6290 1020 6363 Petrus
1047 6312 1162 6363 comes
1189 6289 1232 6361 de
1250 6290 1420 6362 Slrrzin
1452 6289 1607 6360 creditur
1632 6288 1831 6377 lubricasse

143 6506 146 6513 ⁴
277 6412 378 6513 euius
398 6414 596 6505 proprietas
614 6412 658 6483 ad
677 6414 924 6491 monasterium
944 6412 1161 6505 Thynciense
1179 6411 1339 6505 pertinet.
1365 6410 1406 6487 ln
1426 6432 1496 6505 qua
1513 6416 1597 6483 sunt
1612 6409 1832 6500 hortulauiao
