4217 8059
287 1474 359 1583 aaa

285 1644 538 1770 possidendam,
564 1697 641 1748 cum
660 1640 761 1767 pleno
780 1676 933 1748 dominio
951 1676 1113 1766 thelonei,
1131 1683 1167 1748 et
1185 1677 1344 1748 omnibus
1361 1674 1836 1768 attinentiispertinentibus

285 1800 392 1892 sylvis
418 1799 461 1870 ad
489 1799 642 1888 eandem,
670 1818 778 1888 usque
805 1798 849 1869 ad
877 1805 986 1869 metas
1014 1797 1215 1889 Hungariae·
1232 1819 1270 1869 se
1288 1799 1564 1889 exterrdentibua
1583 1798 1706 1889 fluviis,
1723 1800 1835 1889 pisca·

120 1986 123 1995 .
258 1921 383 2023 ¹turis,
411 1919 562 2010 piscinis,
588 1919 754 2008 tabernis,
781 1919 996 2009 molendinis,
1023 1919 1145 2009 pratis,
1172 1920 1309 2010 pascuis
1336 1927 1372 1991 et
1399 1920 1559 1991 omnibus
1584 1920 1663 1992 aliis
1681 1921 1833 1991 attinen-

283 2042 344 2137 tiis
358 2047 393 2113 et
406 2041 628 2133 pertinentiis
642 2041 912 2131 quibuscumque
931 2040 1128 2111 nominibus
1146 2046 1361 2129 censeantur,
1380 2041 1430 2110 ita
1448 2040 1539 2130 quod
1558 2040 1685 2111 dictam
1704 2046 1835 2111 terram

103 2198 118 2223 a
145 2208 152 2225 .-
190 2228 193 2233 .
248 2140 255 2155 ’
283 2162 386 2234 liceat
412 2163 478 2234 sibi
506 2161 665 2253 vendere,
693 2168 915 2251 commutare,
942 2161 1082 2251 donare,
1109 2161 1298 2250 locare„et
1323 2161 1480 2251 quolibet
1507 2161 1608 2233 medo
1635 2182 1657 2233 a
1683 2182 1721 2233 ae
1748 2162 1833 2232 elie-

104 2264 126 2297 *
204 2296 230 2343 -“
283 2303 377 2359 nare.
404 2284 444 2354 ln
471 2304 540 2375 qua
565 2290 662 2354 terra
687 2282 772 2354 nilril
801 2281 894 2352 aliud
923 2283 1051 2353 nostris
1073 2281 1300 2353 succedaneis
1326 2282 1413 2353 iuris
1439 2282 1676 2372 relinquimus,
1695 2283 1761 2353 nisi
1780 2271 1834 2353 ius

283 2405 319 2475 in
345 2404 506 2476 s'oletium
534 2403 713 2494 praelatae
738 2408 880 2473 nostrae
907 2403 1064 2491 coniugis
1099 2402 1331 2493 praedilectae
1357 2403 1535 2494 tuitionis,
1562 2401 1835 2476 defensionis-et

284 2526 572 2613 conservationis,
608 2531 647 2597 ut
682 2525 837 2614 gratiosa
861 2523 1026 2612 domina,
1060 2523 1090 2593 si
1126 2545 1189 2635 nos
1221 2523 1263 2594 de
1299 2523 1366 2594 bec
1392 2524 1570 2613 ergastulo
1596 2524 1711 2595 carnis
1735 2523 1835 2615 prius

284 2645 533 2719 necante‘Dee
569 2646 719 2735 migrare
755 2645 956 2734 contigerit,
974 2643 1118 2732 ,solatiis
1144 2644 1317 2737 delibuto,
1343 2665 1386 2716 ac
1411 2644 1586 2734 suffragiis
1614 2643 1773 2733 suffulta,
1798 2646 1835 2721 iu

284 2786 472 2856 gravamen
507 2767 661 2857 ipsorum
698 2786 766 2855 quo
793 2765 945 2854 adiuvit,
971 2772 1033 2835 aut
1060 2770 1140 2855 post
1166 2766 1295 2837 ebitum
1324 2786 1424 2838 suum
1451 2773 1581 2837 terram
1608 2772 1835 2837 memoratam
1890 2756 1894 2761 ’
1966 2812 1970 2817 -

283 2887 429 2959 alterius
463 2887 577 2977 gentis
613 2906 681 2958 non
718 2886 870 2977 applicet
903 2886 1048 2976 popule,
1076 2893 1138 2957 aut
1171 2885 1382 2957 aPelenica
1409 2887 1549 2958 natione
1575 2887 1719 2958 divellat
1745 2886 1835 2958 indi-

281 3014 405 3098 gnata,
431 3007 493 3079 sed
528 3027 665 3099 semper
700 3012 858 3078 materno
890 3005 1015 3078 affectu
1042 3026 1082 3077 ae
1109 3006 1176 3078 fide
1203 3007 1355 3096 illibata,
1382 3028 1451 3098 qna
1476 3008 1564 3079 alias
1591 3028 1668 3080 cum
1695 3014 1834 3097 gentem

283 3129 515 3221 supradictam
555 3127 819 3217 inviolabiliter,
855 3127 1185 3218 immutabiliterque
1223 3128 1354 3216 tenuit,
1390 3129 1498 3219 ipsam
1539 3122 1696 3217 gentenll.
1717 3127 1834 3199 ceule·

283 3251 395 3324 rende
421 3250 657 3326 indesinenter
681 3248 797 3321 foveat
822 3269 918 3319 more
945 3248 1068 3324 solitae
1095 3250 1245 3351 pietatis
1272 3248 1321 3320 Ut
1348 3252 1462 3320 autem
1490 3251 1575 3321 haec
1602 3256 1721 3323 nestra
1747 3250 1834 3321 irre-

281 3372 452 3463 fragibilis
478 3371 629 3461 donatio,
657 3371 726 3441 imo
753 3369 870 3441 verius
897 3369 1214 3459 incomparabiliter
1241 3370 1353 3441 minus
1380 3368 1554 3443 sufficiens
1581 3371 1767 3442 retributio
1792 3391 1833 3441 ac

270 3490 573 3583 recompensatio,
599 3490 756 3562 obtineat
779 3491 890 3562 robur
916 3495 1104 3580 perpetuae
1131 3510 1177 3561 ac
1198 3490 1472 3562 inconcussibilis
1500 3492 1693 3579 firmitatis,
1721 3497 1758 3563 et
1785 3513 1828 3563 ne

278 3614 385 3705 aliqui
412 3613 599 3702 instigante
635 3612 759 3701 spiritu
795 3611 948 3682 malitiae
983 3618 1020 3682 et
1046 3611 1238 3702 nequitiae,
1265 3612 1391 3682 timore
1418 3612 1483 3683 Dei
1511 3632 1656 3703 prorsus
1681 3613 1827 3700 abiecte,

280 3733 411 3824 pluries
437 3733 565 3804 dictam
592 3732 775 3820 dominam,
802 3731 856 3802 vel
885 3731 1059 3822 legitimos
1086 3725 1404 3803 eiussue'cessores
1432 3740 1655 3823 praesumant
1683 3732 1831 3827 iniuriis,

282 3855 336 3927 vel
364 3853 534 3925 molestiis
560 3852 781 3943 quibuslibet,
808 3847 1093 3943 mede'quelibet
1119 3852 1272 3924 indebite
1299 3852 1474 3944 lacessire,
1503 3860 1721 3945 praesentem
1739 3855 1834 3944 pagi·

282 3995 361 4048 nam
389 3973 575 4063 superbis
603 3972 789 4062 diligenter
815 3960 1014 4063 confectam,
1042 3973 1156 4063 sigillo
1184 3978 1304 4045 nostro
1331 3973 1474 4046 lecimus
1501 3959 1720 4047 communiri}
1742 3975 1861 4049 neta·

178 4131 180 4135 ·
284 4102 366 4168 sunt
393 4095 478 4166 haee
513 4095 549 4166 in
576 4093 782 4185 Cerczyn
820 4094 902 4167 villa
938 4100 1075 4183 nostra,
1102 4074 1204 4165 anne⁸
1221 4095 1265 4165 ab
1292 4096 1529 4168 incarnatione
1556 4096 1695 4167 Domini
1725 4098 1835 4169 lael.

182 4250 184 4254 ·
284 4224 383 4288 sexte
410 4215 529 4286 Nonas
555 4214 686 4304 Martii,
713 4206 954 4304 praesentibus
981 4215 1036 4287 his
1063 4210 1226 4286 testibus.
1240 4215 1455 4293 illustribus:
1482 4217 1713 4291 Oasimiro
1731 4216 1835 4295 Ouin-

268 4337 393 4409 ·viensi
429 4340 465 4406 et
482 4330 733 4425 lanciciensi,
768 4334 1006 4407 Zernevito
1043 4335 1254 4407 Mazoviensi
1291 4337 1714 4427 ducibus,·Janussie
1740 4334 1835 4417 Gne*

283 4458 401 4529 znensi
432 4457 630 4547 praeposito
666 4461 701 4526 et
736 4455 942 4543 cancellario
978 4457 1076 4527 ducis
1104 4457 1343 4548 Gasimiri,
1371 4458 1522 4531 Fulcene
1548 4458 1771 4533 cracoviensi
1797 4466 1861 4533 et.

282 4577 554 4671 Sandomiriensi
581 4576 796 4667 cancellario,
823 4597 886 4666 per
912 4578 1009 4649 cuius
1036 4598 1175 4649 manum
1203 4579 1267 4650 lrec
1291 4579 1513 4670 privilegium
1540 4579 1658 4653 datum
1675 4586 1741 4672 est,
1760 4579 1833 4653 Ni·
1930 4650 1934 4655 ,
1987 4634 1993 4645 .

282 4699 414 4787 celae
440 4698 676 4789 Gracoviensi,
702 4698 893 4788 Zegnere
920 4696 1205 4787 Sandomiriensi,
1233 4698 1464 4772 Abraham
1491 4701 1664 4792 palatinis,
1687 4702 1834 4793 Bogu-
1867 4750 1871 4763 .

283 4821 383 4893 slao
410 4820 691 4911 Sandomiriensi,
717 4820 930 4891 Jelnanne
957 4820 1001 4892 de
1028 4818 1227 4910 Caelios,
1254 4821 1505 4892 Brenissio
1532 4822 1574 4893 de
1603 4823 1751 4912 Byecz
1776 4843 1834 4893 ca-

283 4942 449 5032 stellanis,
477 4942 646 5015 Varsio
674 4941 839 5032 dapifero,
865 4940 1076 5011 Sulislao
1103 4963 1254 5030 aganone
1282 4942 1562 5033 Sandomiriensi,
1580 4948 1616 5015 et
1633 4942 1710 5014 aliis
1730 4964 1833 5034 qnam

283 5063 441 5157 menimis
468 5064 602 5136 clericis
629 5069 666 5135 et
692 5062 801 5135 laicis·
818 5062 886 5169 lide
913 5061 1036 5153 dignis.
1138 5084 1143 5097 ·
1234 5064 1240 5077 '

290 5188 319 5227 t,

389 5303 428 5379 ln
457 5298 620 5381 nemine
652 5304 804 5380 Domini
823 5305 962 5379 'nostrl
999 5278 1095 5380 lesu
1118 5301 1273 5380 christi
1302 5302 1448 5381 anon.
1480 5309 1690 5381 Abundante
1722 5309 1875 5383 hemi-‘
1993 5342 1996 5353 ι

267 5424 364 5519 'nllm
391 5427 542 5519 malitia,
570 5449 637 5499 non
666 5433 801 5500 tantum
838 5448 888 5517 eo,
915 5448 1004 5518 quae
1029 5429 1072 5498 ad
1100 5429 1314 5529 commodum
1342 5429 1555 5521 mortalium,
1581 5450 1701 5502 verum
1727 5431 1835 5503 etiam

282 5532 371 5640 quae
397 5549 442 5620 ad
468 5550 538 5621 rivi
566 5555 602 5620 et
629 5550 761 5620 aeterni
789 5549 854 5619 Dei
881 5550 968 5620 fiunt
994 5547 1138 5638 glorium
1167 5557 1203 5620 et
1230 5551 1396 5621 lronerem
1423 5552 1561 5641 saepius
1579 5552 1785 5642 infirmatur,
1802 5552 1834 5623 si

284 5690 351 5742 uon
380 5670 511 5761 scripto
538 5671 679 5740 testium
708 5689 748 5740 ac
775 5669 973 5740 testimonie
1000 5669 1196 5743 litterarum
1223 5671 1447 5761 perhenniter
1474 5671 1620 5762 firmata
1646 5680 1834 5763 eapropter

282 5798 318 5862 et
345 5796 545 5882 praesentes
581 5791 741 5861 noverint
777 5795 813 5860 et
846 5789 972 5880 futuri,
992 5792 1090 5881 quia
1125 5814 1187 5861 nes
1223 5790 1528 5881 Kunegundis
1555 5794 1678 5865 relicta
1704 5793 1835 5865 domini

283 5894 493 5998 Boleslai
519 5910 629 5983 felicis
656 5911 917 6000 reeordationis,
946 5912 1117 6001 quondam
1141 5912 1238 5985 ducis
1256 5912 1511 5985 Craeoviae
1538 5921 1574 5986 et
1600 5915 1835 5987 Sandomi-

282 6033 381 6104 riae
409 6031 549 6106 domina
575 6037 611 6101 et
637 6032 797 6122 princeps
824 6032 867 6103 de
894 6032 1111 6125 Sandeez,
1129 6035 1207 6123 piae
1225 6033 1513 6107 considerationis
1532 6036 1707 6107 intuentes
1724 6036 1834 6125 ocule,

281 6160 472 6243 ensemque
499 6152 680 6241 diligentia
706 6153 968 6244 perpendentes,
996 6154 1082 6225 nihil
1109 6154 1196 6227 adeo
1224 6155 1390 6243 prolicere
1414 6156 1449 6226 in
1468 6156 1527 6226 ille
1546 6158 1733 6228 novissime
1752 6179 1835 6229 exa-

281 6275 372 6345 mine
401 6272 569 6363 districte,
595 6294 658 6345 nnec
685 6294 786 6365 posse
813 6274 984 6365 placatum
1010 6275 1125 6346 lacere
1143 6274 1240 6344 illurn
1258 6275 1454 6347 districtum
1473 6278 1629 6367 iudicem,
1648 6279 1706 6368 qui
1726 6280 1835 6351 vitant

281 6394 384 6465 iustis
419 6401 455 6466 et
491 6400 637 6467 mertem
664 6396 780 6489 impiis
805 6396 880 6493 dat·¹
893 6403 1092 6486 aeternam,
1119 6385 1284 6487 qnantum
1312 6418 1419 6487 opera
1445 6399 1717 6491 misericordiae,
1745 6420 1837 6491 quae

342 6826 396 6883 θ’
430 6846 475 6905 (ι.
