4217 8059
1746 1508 1817 1581 331

267 1739 346 1790 nam
375 1719 595 1796 medietatem
624 1704 707 1789 eins
725 1706 870 1790 tollebat
897 1716 1100 1789 coenobium
1119 1716 1437 1789 -snuottmontatinm
1456 1716 1504 1788 de
1523 1714 1651 1789 Sancto
1663 1716 1818 1805 Andrea,

267 1840 412 1911 alteram
441 1860 524 1910 vero
552 1840 772 1911 medietatem
800 1840 912 1928 altare
939 1838 1058 1910 Sancti
1087 1837 1231 1910 Martini
1260 1840 1295 1910 iu
1311 1839 1468 1908 ecclesia
1496 1837 1732 1923 cracovienm
1759 1838 1820 1910 sed
1848 1850 1851 1854 ’

267 1961 477 2050 permutatio
504 1960 596 2031 tacta
618 1969 682 2050 est,
709 1966 745 2031 et
767 1959 851 2030 data
869 1959 1055 2031 medietate
1082 1959 1256 2049 decimae,
1284 1971 1396 2050 quam·
1414 1958 1535 2030 hahuit
1562 1959 1673 2030 altare
1693 1959 1818 2032 Sancti

266 2081 413 2153 hlartini
433 2082 466 2152 in
487 2082 569 2152 villa
596 2081 831 2152 Zadrosze
858 2081 1117 2175 procoenohio,
1145 2081 1311 2153 decimam
1339 2081 1373 2153 in
1394 2064 1685 2170 Wyelmosre
1707 2083 1821 2154 altore

266 2202 384 2274 Sancti
412 2202 555 2273 Martini
584 2204 762 2294 percipere
790 2204 924 2292 integre
951 2203 1083 2292 coepit,
1120 2206 1156 2273 et
1183 2202 1315 2274 ducunt
1340 2222 1416 2273 earu
1444 2184 1645 2274 emethones
1669 2205 1819 2297 propriis

265 2325 426 2394 curribus
453 2324 488 2393 in
516 2325 677 2396 horreum
714 2324 758 2394 ah
794 2324 956 2394 altaristn
991 2323 1191 2405 locandum,
1227 2329 1264 2394 et
1289 2314 1389 2394 valor
1423 2323 1497 2393 eius
1534 2324 1741 2396 aestimamr
1776 2326 1820 2396 ad

266 2445 390 2534 uiginti
418 2465 561 2516 marcus.
589 2446 676 2516 item
706 2446 787 2517 villa
814 2444 973 2537 praelata
999 2443 1255 2536 Wyelmosza
1279 2445 1348 2541 iam
1377 2450 1518 2516 nonest
1544 2447 1578 2516 in
1606 2430 1820 2536 proprietate

266 2573 303 2637 et
330 2568 548 2670 possessione
584 2567 794 2669 monamerii'
811 2567 933 2639 Sancti
958 2566 1139 2656 Andreae,
1170 2566 1231 2637 sed
1260 2587 1335 2665 earu
1363 2566 1521 2656 possidet
1542 2556 1819 2660 christophorus

267 2686 637 2777 Schaliranyecr
665 2672 938 2777 cumfratribus,
963 2687 1130 2759 dedomo
1150 2687 1459 2778 Antiquarum
1488 2686 1730 2778 Equorum,
1757 2709 1820 2795 per
1851 2730 1859 2743 κ

266 2809 482 2898 iniustitiam,
510 2810 708 2881 violentiam
736 2816 774 2881 et
799 2811 1046 2901 opressinuem.
1082 2807 1240 2880 Continet
1269 2826 1345 2879 cunr
1374 2808 1466 2879 villis
1494 2807 1718 2901 Miluulry.
1745 2811 1820 2884 Za-

142 2918 144 2922 ·
268 2929 474 3021 droszye

372 3051 590 3141 Notandum,
617 3052 709 3142 quo'd
736 3051 862 3123 Petrus
898 3042 1266 3157 Schalirnuyecz
1293 3051 1340 3123 de
1365 3051 1644 3142 Pyeszlrown
1681 3052 1821 3125 Sinala

268 3172 401 3262 senior,
437 3175 494 3263 qni
526 3173 593 3244 init
619 3173 793 3263 palatinus
809 3179 944 3264 expost
974 3171 1233 3263 Ormoviensis,
1254 3173 1350 3244 'dum
1377 3156 1471 3244 bona
1506 3162 1820 3267 sanctimonialium

268 3293 386 3365 Sancti
414 3294 576 3366 Andreae
610 3302 775 3386 tan'qnam
812 3287 1019 3395 procurator
1053 3295 1284 3397 gubernaret,
1321 3287 1510 3366 destitutus
1542 3296 1759 3386 aregimint
1785 3303 1820 3368 et
1898 3346 1910 3355 -

267 3400 391 3506 iratns',
428 3416 594 3488 confinxit
621 3436 658 3486 se
685 3417 825 3507 aliquot
854 3412 998 3487 centena
1034 3436 1230 3487 marcarum
1266 3414 1309 3487 de
1334 3415 1495 3508 propriis
1526 3416 1560 3487 iri
1574 3396 1819 3497 ¹¹necessitates

268 3537 580 3611 sanctimonialium
595 3536 811 3628 expendisse,
838 3542 874 3608 et
888 3537 933 3608 ob
951 3536 987 3608 id
1006 3537 1149 3628 propria
1167 3534 1333 3627 potentia,
1361 3552 1428 3627 qua
1441 3541 1524 3608 tnnc
1538 3536 1705 3628 pollebat,
1733 3537 1820 3609 duas

268 3656 369 3727 villas
391 3659 591 3730 monasterii
610 3661 727 3747 bonas,
755 3658 927 3736 uidelicet.
943 3656 1158 3753 Miluulrp
1184 3664 1220 3729 et
1246 3657 1532 3755 Wyelmosza
1559 3659 1732 3730 violenter
1759 3660 1821 3730 ab·

267 3779 404 3868 struxit,
430 3780 558 3851 et·sibi
586 3781 835 3885 appropriavit,
863 3789 959 3870 qnae·
978 3786 1015 3850 et
1041 3801 1063 3850 a
1090 3781 1163 3851 suis
1188 3780 1373 3871 nepotibus
1401 3779 1528 3850 iniuste
1556 3779 1757 3895 detinentur
1782 3781 1817 3851 in
1847 3859 1853 3873 ,
1986 3844 1989 3851 .

266 3901 355 3973 hanc
381 3900 489 3990 diem,
527 3920 590 3992 pro
617 3902 741 3992 quibus
776 3901 944 3973 moniales
979 3907 1160 3973 traxerunt
1188 3902 1224 3972 et.
1251 3906 1469 3992 praesentem
1497 3899 1667 3972 etlilium
1694 3907 1730 3999 et
1756 3923 1817 3974 ne·
1878 3994 1881 3999 ,
1921 3995 1929 4015 .
1966 3884 1992 3909 ⁴

267 4026 368 4111 potes
394 4023 430 4093 in
457 4023 512 4094 ius
539 4027 717 4094 terrestre.
852 4027 854 4033 '
1265 4116 1272 4121 .

260 4136 263 4142 ’
373 4142 684 4233 Szorirnszasnr,
712 4143 797 4214 villu-
821 4143 885 4214 suh
903 4143 1070 4233 parochia
1096 4143 1263 4214 ecclesiae
1290 4142 1332 4213 de
1361 4142 1580 4232 Mniuoga
1607 4143 1691 4232 sita,
1718 4166 1822 4236 qnam
1899 4152 1904 4161 '

268 4263 516 4336 Boleslaus
543 4264 745 4335 Pndicus
772 4264 841 4337 dux
870 4269 905 4335 ct
923 4264 1116 4340 monarcha
1129 4265 1227 4355 regni
1255 4262 1421 4334 Poloniae
1448 4265 1661 4334 monasterio
1688 4268 1817 4337 sancti·

268 4385 466 4471 monialium
495 4385 613 4458 Sancti
641 4386 803 4458 Andreae
830 4390 999 4478 perpetuo
1026 4385 1181 4457 donavit.
1207 4385 1246 4456 ln
1273 4404 1340 4475 qua
1367 4389 1449 4455 sunt
1476 4384 1593 4455 decem
1620 4385 1712 4456 lanei
1730 4376 1821 4457 crue-

158 4586 161 4591 ,
267 4507 447 4595 monotes,
484 4513 519 4578 et
547 4508 694 4599 quilibet
729 4507 833 4579 solvit
859 4506 903 4579 de
929 4504 1030 4578 laneo
1057 4526 1122 4597 pro
1149 4525 1254 4577 censu
1281 4526 1387 4576 unum
1413 4503 1603 4595 fertonem,
1642 4507 1726 4577 item
1753 4527 1820 4578 ova

267 4628 421 4717 triginta,
448 4627 560 4717 gallos
587 4628 694 4717 duos3
722 4648 841 4699 caseos
869 4648 936 4698 non
964 4627 1059 4704 dant.
1084 4626 1173 4698 item
1183 4627 1358 4697 'tuberone
1386 4647 1454 4697 non
1482 4632 1579 4714 sunt,
1601 4612 1711 4717 ndqne
1738 4627 1820 4698 hor-

268 4749 432 4820 tulaniae.
459 4750 544 4820 lteru
575 4750 754 4839 praedium
782 4746 940 4839 nonest,
967 4748 1028 4820 sed
1056 4756 1110 4820 est
1137 4738 1307 4837 scultetis,
1333 4747 1466 4819 habens
1494 4747 1580 4818 duos
1607 4747 1735 4838 laneos,
1762 4747 1822 4820 de-

270 4870 381 4945 cimat,
413 4870 577 4941 ecclesiae
605 4872 639 4941 in
668 4869 897 4959 Mninoga
935 4868 1022 4940 itero
1058 4871 1258 4940 cruethones
1285 4874 1321 4939 et
1349 4868 1481 4938 incolae
1518 4868 1643 4958 singuli
1681 4864 1821 4941 solvunt

269 4990 434 5063 decimam
472 4978 722 5086 manipularem
759 4991 924 5063 ecclesiae
949 4989 1149 5082 parochiali
1182 4991 1217 5061 iu
1246 4978 1501 5080 Mninogn,
1520 4995 1556 5061 et
1583 5008 1646 5081 per
1673 4980 1847 5095 quatuor!

268 5112 406 5200 ierngas
433 5113 643 5204 canapalent,
670 5119 706 5183 et
731 5118 896 5184 tenentur
922 5108 996 5183 earu
1024 5110 1153 5183 ducere
1178 5111 1214 5181 in
1233 5111 1396 5182 horreum
1416 5132 1437 5182 a
1455 5110 1603 5202 plebano
1629 5111 1822 5201 locandum,
1935 5092 1949 5117 ⁶

269 5238 307 5302 et
333 5233 431 5303 valor
456 5218 531 5305 eius
558 5223 762 5305 aestimatur
788 5219 833 5304 ad
859 5237 992 5323 septem
1020 5251 1164 5304 marcas.
1189 5209 1277 5303 Item
1296 5231 1457 5303 laborbnt
1483 5229 1641 5327 irurzpuy
1658 5253 1722 5323 pro
1742 5253 1823 5303 vere

270 5358 308 5422 et
334 5352 465 5442 hyeme.
491 5354 577 5427 item
607 5376 744 5450 osrzpep
772 5353 912 5426 solvunt
939 5352 1026 5425 duas
1053 5370 1234 5425 mensuras
1261 5353 1409 5444 siliginis
1427 5360 1462 5424 et
1480 5359 1553 5423 tres
1572 5373 1701 5424 avenne
1727 5373 1823 5424 men-

270 5494 373 5561 surae
400 5472 649 5548 cracoviensis.
677 5472 836 5547 Confluat
862 5495 939 5547 cunt
967 5474 1060 5547 viliis
1094 5473 1331 5565 Mninoga,
1359 5473 1653 5565 Wyelmosza.
1769 5510 1773 5515 ·

375 5594 643 5688 Szrrrnurow,
670 5597 822 5669 alienata
841 5651 1036 5667 ........

374 5716 579 5808 Bsnauorn,
606 5717 687 5789 villu
716 5718 780 5788 suh
798 5718 966 5808 parochia
992 5717 1157 5788 ecclesiae
1185 5715 1389 5806 collegiatae
1416 5713 1717 5786 Sbnrhimiriensis
1745 5716 1822 5806 situ,

259 5842 308 5923 et
332 5858 395 5929 per
421 5838 682 5911 Boleslanrn
710 5838 928 5910 Pudicnrn
956 5837 1078 5909 ducem
1115 5837 1325 5908 monasterio
1353 5834 1471 5908 Sancti
1499 5833 1661 5908 Andreae
1688 5835 1823 5926 donata,
1945 5865 1949 5872 ¹

270 5960 368 6029 cuins
404 5960 598 6050 proprietas
626 5961 670 6032 ad
696 5959 911 6051 praedictum
949 5958 1194 6030 monasterinm
1231 5957 1349 6029 Sancti
1382 5956 1544 6028 Andreae
1579 5956 1741 6047 pertinet.
1781 5955 1822 6026 ln

270 6100 340 6169 qua
366 6087 448 6151 snut
474 6081 592 6152 decem
619 6080 709 6152 lanei
747 6060 998 6168 cm'ethonales,
1034 6085 1070 6149 et
1098 6078 1243 6171 quilibet
1269 6078 1312 6149 de
1338 6079 1440 6149 laneo
1471 6078 1575 6147 solvit
1600 6062 1705 6147 unam
1732 6070 1823 6157 rr'mr-¹

209 6264 211 6268 Α
270 6220 353 6289 carr,
381 6201 564 6291 sexaginta
590 6220 666 6289 ονε,
692 6222 753 6272 sex
780 6201 900 6291 gallos
927 6221 1030 6271 unam
1058 6218 1254 6270 mensuram
1283 6198 1441 6288 siliginis,
1468 6197 1554 6268 duas
1582 6217 1714 6268 avenae
1741 6202 1823 6277 co'n'·⁴

269 6321 388 6412 iertns,
416 6328 566 6414 quatuor
591 6342 741 6412 grossos.
777 6323 865 6395 itero
892 6328 965 6393 tres
992 6320 1068 6392 dies
1095 6321 1143 6390 in·
1158 6325 1292 6391 aestate
1319 6319 1498 6405 laborant,
1527 6338 1635 6410 usqne
1663 6318 1707 6391 ad
1734 6300 1822 6393 urr-

153 6454 162 6477 ⁸
269 6444 513 6535 tholomaeum,
541 6443 666 6516 abinde
693 6465 799 6515 unum
826 6445 917 6516 diem
944 6445 981 6514 in
1008 6443 1212 6533 septimana,
1236 6461 1347 6532 nsque
1374 6438 1420 6512 ad
1446 6434 1627 6547 aestatem.
1654 6426 1743 6514 item
1768 6447 1823 6513 est
