4217 8059
779 2785 1303 2926 calcavimus

270 3116 388 3201 Ordo
420 3125 464 3200 al
497 3120 645 3224 religio
677 3122 855 3203 matrum
898 3121 1222 3205 Carmelltarum
1266 3125 1605 3228 mendicantium,
1638 3130 1717 3209 sub
1751 3151 1819 3210 re·

268 3256 361 3361 gula
397 3257 513 3338 Beati
547 3258 766 3362 Augustini
800 3263 1053 3364 virentium,
1093 3267 1163 3366 qul
1197 3288 1219 3344 a
1255 3264 1384 3345 Beato
1418 3263 1503 3345 Ello
1538 3267 1743 3369 prophete
1779 3270 1818 3347 ln
1957 3300 1974 3363 j

272 3394 426 3478 monie'
446 3395 630 3478 Carmeli
650 3400 692 3478 in
712 3398 946 3480 iudeorum
967 3403 1155 3506 ‘regione
1188 3402 1415 3505 habitante,
1446 3400 1586 3483 icatur
1617 3406 1819 3508 coepisse
1995 3414 2000 3421 '

267 3535 504 3638 exordium,
538 3560 560 3616 a
595 3559 679 3638 quo
712 3544 757 3619 at
781 3534 940 3619 ircim
971 3539 1165 3621 ordinem
1200 3538 1434 3645 praemium
1469 3540 1676 3644 professi,
1711 3539 1815 3622 Oar-

590 3675 754 3756 malltaa
785 3698 835 3758 aa
868 3679 1038 3783 vulgato
1072 3679 1241 3758 nomine
1273 3677 1497 3784 appellent.

371 3893 616 3967 Vnaursuaus
644 3894 839 3970 Sscnuuus
867 3894 1032 3971 Polouiae
1050 3919 1129 3990 rex,
1156 3905 1192 3970 et
1219 3897 1423 3990 Hedrigis
1449 3899 1571 3990 regina
1590 3921 1734 3972 consors
1752 3922 1815 3973 sua

212 3998 223 4053 ·.·
264 4013 451 4105 gloriosam
480 4015 543 4088 Dei
571 4017 775 4107 genitricem
794 4018 975 4110 Virginem
1002 4018 1153 4091 Mariam
1181 4019 1331 4091 Matrem
1359 4018 1604 4111 Redemptoris
1631 4028 1666 4092 et
1693 4021 1818 4092 festum

139 4186 141 4191 -
265 4134 498 4225 visitationis,
526 4158 595 4228 qua
623 4138 779 4210 visitavit
806 4138 1029 4229 Helisabeth,
1058 4139 1149 4230 quod
1177 4144 1260 4210 tunc
1286 4147 1453 4211 recenter·
1471 4148 1506 4212 et
1525 4134 1693 4233 nusquam
1722 4141 1818 4229 alias,
1944 4212 1978 4265 ,ν

264 4258 425 4329 scismate
452 4260 486 4329 in
514 4257 657 4329 ecclesia
692 4258 757 4330 Dei
784 4260 883 4330 anuis
918 4258 1166 4351 quadraginta,
1210 4260 1360 4349 peccatis
1395 4260 1572 4331 hominum
1599 4260 1819 4349 exigentibus
1901 4286 1933 4347 50,
2004 4274 2017 4345 ,¹

267 4379 386 4470 riguit,
413 4386 448 4450 et
476 4379 568 4469 quod
595 4379 777 4451 concilium
805 4378 1071 4450 constantiense
1096 4378 1256 4470 extinxit,
1282 4378 1499 4452 Urbanus
1526 4380 1621 4471 Papa
1648 4378 1818 4451 Sextus
1877 4280 1989 4585 μ’

266 4498 301 4569 in
329 4519 392 4569 sua
420 4499 618 4571 obedientia
645 4501 859 4587 nominatus,
888 4498 1019 4588 primus
1045 4498 1199 4570 instituit
1226 4504 1262 4571 et
1288 4500 1473 4572 celebriter
1500 4482 1614 4573 colere
1640 4520 1662 4570 a
1688 4499 1817 4590 po'pulo
1927 4516 1952 4551 '-··

265 4618 459 4708 mandavit,
496 4620 662 4709 singulari
690 4619 874 4691 devotione
900 4627 938 4690 et
966 4620 1060 4691 cultu
1086 4614 1313 4711 honoratum,¹
1346 4621 1509 4713 templum
1537 4618 1678 4712 Virgini
1706 4621 1816 4692 Bene-

265 4739 379 4829 dictae
407 4738 591 4829 praefatae,
618 4746 654 4810 et
681 4739 928 4810 monasterium
956 4747 1058 4811 extra
1083 4740 1205 4812 urbem
1231 4738 1509 4832 Graeomensem,
1536 4743 1572 4813 in
1599 4748 1699 4832 parte
1727 4742 1818 4813 occi-

264 4858 394 4930 dentali
427 4859 525 4929 iuxta
552 4859 738 4949 cardones,
774 4859 866 4950 quod
902 4859 1073 4931 haetenus
1105 4866 1250 4932 vocatur
1277 4850 1330 4932 all
1358 4861 1554 4951 Arenam
1591 4862 1818 4959 constitum,
1843 4836 1897 4883 ³¹

264 4999 431 5069 muroque
458 4979 584 5068 insigni
613 4980 798 5070 templum,
835 4979 926 5070 quod
953 4986 1067 5053 morte
1102 4978 1333 5073 Hedvigis
1360 4981 1502 5072 reginae
1538 4974 1816 5071 semiperfectum
1872 4964 1887 4999 ⁵

264 5100 448 5189 remansit,
474 5099 668 5190 fabricant,
695 5107 731 5172 et
757 5101 791 5171 in
819 5102 960 5172 titulum
987 5101 1209 5173 Visitstiouis
1246 5101 1375 5173 Beatae
1402 5101 1559 5193 Virginis
1595 5100 1731 5191 Mariae
1757 5101 1818 5171 ‹le-x
1866 5126 1873 5135 ·

265 5220 391 5311 (licant,
419 5221 462 5291 ad
490 5243 615 5293 norum
644 5244 780 5312 quoque
807 5223 1069 5313 monasterium,
1097 5222 1189 5313 quod
1216 5228 1253 5294 et
1279 5223 1447 5295 hacteuus
1474 5223 1511 5295 ill
1537 5234 1725 5314 cognomen
1755 5223 1817 5294 ob-

264 5341 362 5430 tinet,
390 5363 515 5412 novum
535 5342 689 5414 ordinem
709 5363 902 5434 novamque
921 5343 1135 5434 religionem,
1161 5363 1337 5434 uunquam
1355 5350 1459 5415 antea
1480 5344 1516 5414 in
1537 5341 1681 5413 Polonia
1707 5343 1814 5415 visam

265 5469 326 5533 aut
351 5470 473 5553 satam,
501 5483 563 5552 pro
591 5465 723 5535 honore
750 5465 898 5536 nominis
934 5464 1042 5537 (livini
1070 5469 1106 5536 et
1134 5440 1360 5555 amplitudine
1387 5462 1565 5552 religionis
1594 5463 1815 5550 christianae,
1868 5492 1889 5537 ,ν
1926 5542 1937 5549 ,,

226 5624 229 5628 -
265 5584 431 5674 regnique
467 5581 631 5654 Polouiae
668 5587 931 5657 conservatione
957 5593 994 5657 et
1019 5586 1111 5657 bono
1139 5591 1251 5674 statu,
1287 5605 1377 5655 anno
1410 5583 1549 5654 Domini
1580 5583 1677 5654 1397
1705 5581 1815 5655 intro-
1889 5656 1895 5673 ‚
1987 5656 1996 5668 ,

265 5704 403 5776 (locunt.
439 5703 503 5776 (lui
531 5705 664 5796 aliquos
691 5707 811 5777 hortos
839 5707 1021 5796 contiguos
1049 5713 1086 5777 et
1113 5705 1254 5794 vicinos,
1281 5726 1344 5795 pro
1371 5704 1532 5795 ampliori
1558 5701 1706 5774 fratrum
1734 5703 1815 5774 suls-

264 5826 425 5897 sistentia
443 5834 479 5897 et
497 5825 670 5917 suffragio,
700 5825 881 5898 conferunt
903 5834 939 5897 et
957 5826 1089 5897 donant
1115 5827 1150 5897 in
1178 5827 1439 5916 proprietatem.
1466 5823 1548 5895 Fuit
1566 5830 1678 5895 autem
1707 5822 1815 5894 eccle·

265 5948 317 6017 sia
343 5948 545 6018 monasterii
574 5946 720 6037 praelati
748 5946 899 6038 gloriose
927 5969 948 6018 a
973 5946 1206 6018 fundamentis
1233 5946 1388 6037 incepta,
1416 5946 1450 6016 in
1479 5946 1584 6016 choro
1613 5942 1749 6035 quidem
1777 5949 1814 6015 et

265 6068 423 6140 sacristia
451 6068 484 6140 in
512 6074 588 6139 toto
616 6068 787 6158 completa
814 6076 849 6138 et
877 6068 1045 6157 absoluta,
1074 6068 1108 6139 iu
1137 6087 1284 6158 corpore
1309 6084 1397 6140 vero·
1410 6065 1633 6137 fundamenta
1660 6072 1695 6135 et
1713 6064 1814 6137 initia

263 6189 397 6263 habeus
424 6188 573 6278 nobilia,
601 6210 685 6259 rura
711 6188 857 6260 fratrum
886 6190 1085 6260 monasterii
1114 6188 1282 6278 praefati,
1308 6187 1495 6276 largitione
1523 6190 1560 6259 et
1585 6185 1815 6274 elemosynis

265 6308 416 6381 fidelium
443 6316 688 6381 consummata.
1820 6398 1825 6413 Ι

369 6428 619 6502 Wrssrczua.
649 6430 853 6518 Intelligens¹
867 6428 992 6500 deinde
1012 6426 1291 6500 Vlsdislaus
1308 6427 1361 6499 Se
1372 6426 1549 6499 cuniis
1566 6424 1733 6497 Polouiae
1750 6444 1814 6497 rex

142 6568 205 6681 „
866 6610 882 6633 ‚
1298 6604 1335 6688 ,ζ
