4217 8059
343 1465 412 1537 118

332 1680 405 1742 tres
432 1669 553 1741 domus
580 1675 615 1739 et
641 1688 755 1758 areae,
782 1689 867 1759 quas
898 1668 1069 1760 quondam
1088 1666 1310 1739 Nicolaus
1338 1667 1504 1758 plebanus
1522 1665 1564 1739 de
1583 1665 1880 1739 Slaboscbou

334 1797 370 1861 et
395 1789 555 1863 venditor
590 1790 798 1860 decimarum
835 1791 1079 1880 episcopalium
1108 1791 1143 1859 in
1171 1788 1259 1859 clavi
1287 1789 1493 1878 Leloviensi,
1522 1788 1567 1858 ad
1593 1808 1670 1860 eum
1699 1789 1774 1859 iure
1802 1789 1882 1858 bae-

188 1850 230 1943 'S

201 1900 284 1971 ⁶5⁵ae
335 1908 500 1979 reditario
536 1907 736 1997 devolutae,
763 1910 962 1996 obtinebat;
998 1910 1057 1999 qui
1094 1928 1169 1980 cum
1198 1910 1233 1978 in
1261 1908 1406 1979 eeclesia
1432 1909 1556 1978 suain
1584 1907 1881 1978 Slaboscbow

334 2047 356 2098 a
381 2026 614 2119 praedonibus
640 2035 677 2098 et
701 2025 836 2098 iuribus
863 2033 1030 2099 nocturno
1057 2033 1213 2118 tempore
1240 2032 1383 2101 necatus
1408 2025 1549 2115 fuisset,
1576 2025 1619 2097 de
1646 2027 1742 2098 cuius
1770 2032 1880 2097 morte

335 2146 603 2237 Potoczsky
629 2147 896 2218 insimulabatur
921 2149 964 2218 de
992 2148 1098 2218 armis
1125 2147 1559 2239 Szrenyavvitarum,
1586 2146 1763 2217 Johannes
1781 2144 1882 2217 Gru-

336 2287 411 2338 scz
419 2267 535 2358 ynslr
543 2288 566 2356 y
592 2275 676 2337 tunc
702 2268 883 2357 episeopus
919 2251 1158 2339 cracoviensis
1195 2288 1354 2339 asserens
1380 2268 1448 2339 sibi
1475 2267 1669 2357 praelatum
1699 2268 1880 2356 plebanum

335 2388 370 2457 in
397 2386 695 2458 Slaboschov
722 2388 756 2456 io
783 2387 917 2476 magnis
943 2388 1085 2458 summis
1113 2388 1301 2476 obligatum
1322 2388 1537 2477 remansisse,
1551 2393 1627 2458 'tres
1646 2387 1765 2458 domos
1783 2406 1882 2475 prae-

334 2506 424 2577 latas
450 2506 486 2577 in
513 2506 767 2578 Gasimiria
800 2508 854 2577 sui
881 2508 967 2578 iuris
994 2526 1071 2578 esse
1098 2527 1275 2596 asserens,
1302 2508 1395 2596 ipsas
1423 2506 1587 2578 ecelesiae
1614 2506 1657 2578 de
1683 2504 1881 2595 Rupella

335 2631 502 2716 perpetuo
538 2627 698 2715 donavit3
735 2648 878 2716 quarum
906 2630 1066 2698 unasub
1093 2628 1259 2716 parocbia
1285 2628 1449 2698 ecclesiae
1476 2627 1509 2699 S.
1535 2627 1676 2716 Jacobi,
1704 2627 1738 2697 in
1766 2627 1882 2715 platea

335 2765 442 2835 prope
469 2753 615 2836 portam,
643 2767 710 2837 qua
737 2747 807 2818 itur
835 2748 869 2816 in
897 2746 1119 2835 Skatrina,
1147 2748 1238 2818 inter
1265 2747 1403 2818 domum
1430 2746 1598 2836 Hedvigis
1617 2745 1881 2817 Przeczsla-

335 2885 469 2937 nova
495 2886 537 2937 ex
563 2887 650 2955 una,
678 2873 715 2937 et
741 2867 834 2938 inter
860 2887 976 2938 aream
1005 2865 1217 2937 Andreae
1243 2868 1451 2956 carpentarii
1480 2868 1547 2937 sita
1573 2873 1627 2938 est
1654 2867 1812 2957 partibus
1840 2887 1880 2936 ea

337 2985 465 3076 altera,
493 2985 536 3056 de
572 3007 639 3076 qua
675 3006 738 3076 pro
773 3006 887 3057 annuo
923 3007 1028 3059 censu
1054 2987 1203 3058 solvitur
1229 2988 1439 3057 monasterio
1475 3008 1563 3058 unus
1598 2986 1757 3059 florenus.
1795 2986 1881 3057 Item

318 3096 487 3177 'secunda
521 3105 642 3177 domns
678 3108 713 3177 in
741 3107 861 3177 eodem
889 3107 1015 3197 oppido
1042 3106 1296 3196 Gasimiriensi,
1323 3114 1360 3179 ct
1387 3107 1421 3177 in
1449 3106 1568 3178 eadem
1595 3108 1730 3197 platea,
1757 3114 1793 3177 et
1820 3107 1883 3176 sub

335 3225 454 3296 eadem
482 3226 656 3316 parochia,
683 3227 781 3298 iuxta
807 3226 944 3298 domum
972 3229 1169 3298 immediate
1196 3228 1404 3317 descriptam
1431 3228 1509 3316 sita,
1537 3228 1571 3298 in
1601 3248 1669 3317 qua
1696 3247 1785 3298 nunc
1811 3248 1882 3296 mo-
2006 3252 2011 3257 ·

334 3351 436 3416 ratur
461 3344 614 3416 Mathias
641 3344 897 3436 Gaszorelr,
925 3368 1012 3437 quae
1048 3349 1153 3418 solvit
1180 3348 1388 3419 monasterio
1415 3366 1480 3437 pro
1507 3368 1620 3419 annuo
1649 3368 1753 3419 censu
1781 3369 1881 3417 unam

336 3485 495 3535 marcam.
536 3465 655 3537 Tertia
689 3473 804 3536 autem
838 3466 960 3538 domus
996 3488 1059 3556 per
1093 3466 1286 3557 praelatum
1321 3466 1515 3539 iohannem
1552 3465 1883 3559 Grusczynslrv

231 3620 237 3635 ·
335 3583 482 3674 donata,
510 3605 578 3656 non
614 3586 648 3655 in
677 3585 927 3658 Gasimiria
953 3587 1013 3658 sed
1041 3589 1077 3657 in
1105 3587 1249 3677 Nigra
1275 3587 1413 3676 villa,
1442 3589 1476 3657 in
1503 3585 1793 3679 Poluuszye,
1820 3587 1884 3657 sub

335 3704 498 3791 parocbia
524 3704 689 3775 ecclesiae
716 3704 833 3776 Sancti
860 3705 1025 3796 Stephani
1053 3708 1088 3777 in
1108 3705 1336 3779 cracovia
1362 3708 1530 3797 consistit,
1550 3707 1618 3779 sita
1635 3709 1729 3780 inter
1746 3708 1883 3778 domum

336 3822 470 3893 Nicolai
497 3844 539 3894 er
568 3845 635 3895 una
662 3830 698 3895 et
723 3845 840 3897 aream
869 3825 1032 3897 Stanislai
1060 3827 1229 3899 Koszel
1258 3829 1416 3918 partibus
1442 3848 1484 3899 ex
1513 3828 1643 3918 altera,
1671 3829 1767 3900 cuins
1796 3847 1884 3897 nunc

335 3942 549 4015 inhabitator
584 3949 654 4039 est,
672 3943 842 4036 Mirek,
878 3966 966 4036 quae
1002 3947 1106 4019 solvit
1140 3968 1205 4038 pro
1230 3968 1337 4020 censu
1363 3969 1477 4020 annuo
1503 3948 1652 4020 mediam
1678 3967 1883 4038 sexagenam

336 4082 401 4151 pro
427 4062 516 4135 festo
543 4063 660 4136 Sancti
687 4064 842 4149 Martini,
871 4069 1081 4139 monasterio
1109 4069 1144 4139 in
1172 4068 1354 4140 Skalka.

442 4181 594 4278 Bleolry.
625 4186 712 4258 Item
740 4188 805 4258 sub
832 4188 990 4259 terminis
1018 4189 1135 4279 oppidi
1163 4188 1440 4278 Kazimiriensis,
1467 4195 1503 4260 et
1529 4197 1629 4261 extra
1656 4190 1731 4260 eius
1758 4208 1908 4276 muros·

336 4304 434 4375 iuxta
469 4304 608 4377 fluvium
636 4306 800 4400 Wisla,
827 4317 882 4380 est
917 4310 1039 4381 hortus
1066 4311 1236 4400 optimae,
1264 4310 1298 4380 in
1327 4330 1394 4401 quo
1422 4310 1527 4399 panni
1554 4310 1637 4380 linei
1665 4309 1883 4397 dealbantur,

334 4427 399 4497 sub
434 4428 599 4516 parochia
633 4430 797 4501 ecclesiae
833 4429 866 4501 S.
892 4429 1032 4522 Jacobi,
1059 4439 1139 4521 post
1174 4431 1353 4503 ecclesiam
1381 4429 1414 4500 S.
1440 4430 1622 4502 Laurentii
1650 4431 1755 4519 situs,
1782 4449 1882 4519 quem

335 4543 471 4637 quidem
508 4547 634 4620 Petrus
670 4550 814 4641 Niger
850 4552 935 4624 civis
971 4551 1225 4623 Oasimirieusis
1254 4552 1474 4641 possidebat,
1501 4573 1592 4623 nunc
1618 4572 1701 4622 vero
1729 4549 1884 4640 possidet

335 4667 430 4744 illum
468 4668 592 4740 Lanlc
630 4670 735 4742 Peter
770 4673 887 4741 consul
916 4672 1070 4760 civisque
1097 4671 1354 4760 cracoviensis,
1382 4671 1424 4740 de
1453 4692 1520 4760 quo
1549 4693 1611 4760 pro
1639 4692 1752 4741 alanno
1781 4692 1884 4740 cerusa

337 4788 486 4860 solvitur
513 4792 722 4862 monasterio
750 4792 784 4860 in
814 4791 1020 4880 Rupella,
1047 4792 1082 4861 in
1110 4791 1200 4863 iesto
1226 4790 1259 4862 S.
1287 4791 1451 4862 Stanislai
1478 4791 1636 4860 inlliaio
1664 4811 1732 4860 una
1759 4811 1884 4875 marea,

335 4917 370 4977 et
397 4929 461 4997 pro
489 4911 664 4998 praetorio
692 4910 927 4982 Oasimiriensi
954 4910 1043 4981 duae
1071 4931 1216 5000 marcae,
1236 4918 1272 4981 et
1290 4912 1412 4982 hortus
1430 4909 1606 5000 praelatus
1626 4917 1680 4980 cst
1699 4910 1883 4997 contiguus

335 5028 437 5099 horto
465 5029 613 5119 Agnetis
640 5030 952 5103 Bouzucbowa
978 5032 1073 5103 dicto
1100 5031 1405 5123 Pobrzeszye.

439 5148 683 5221 Poaazaszva.
710 5151 797 5222 Item
825 5172 923 5223 secus
952 5152 1127 5224 Vislam
1155 5153 1251 5223 etin
1280 5153 1380 5242 rippa
1406 5153 1480 5223 eius
1508 5150 1572 5221 snb
1591 5150 1756 5239 parochia
1774 5150 1883 5220 ecele-

334 5270 407 5340 siae
434 5270 476 5342 de
502 5270 704 5362 Rupella
730 5281 785 5344 est
811 5273 941 5363 domus,
970 5274 1062 5344 inter
1089 5274 1225 5345 domum
1254 5273 1444 5344 Franconis
1471 5271 1655 5363 piscatoris
1679 5292 1724 5342 ex
1754 5292 1821 5342 una
1849 5278 1883 5341 et

333 5391 504 5463 lobannis
531 5394 715 5482 piscatoris
741 5378 899 5484 partibus
926 5414 967 5465 ex
995 5395 1108 5465 altera
1133 5395 1216 5482 sita3
1244 5392 1345 5484 quam
1365 5414 1456 5493 nuuc
1473 5393 1646 5464 inhabitat
1664 5393 1884 5481 Laurentius,

335 5533 424 5602 quae
450 5534 514 5603 pro
541 5534 655 5586 annuo
683 5535 787 5586 censu
814 5514 918 5586 solvit
943 5516 1154 5588 monasterio
1182 5514 1224 5586 dc
1251 5514 1423 5586 Skallra
1450 5520 1527 5585 octo
1553 5534 1705 5604 grossos.

441 5630 700 5708 Columbatlo.
727 5636 814 5707 Item
842 5636 886 5706 ad
913 5636 1090 5707 ecclesiam
1111 5636 1146 5707 in
1166 5634 1340 5707 Slralka
1366 5636 1542 5725 pertinent
1561 5636 1745 5706 nmmullae
1765 5635 1885 5705 dlamns

334 5755 370 5825 in
406 5755 534 5845 oppido
571 5754 807 5828 Gasimiriensi
842 5756 949 5847 sitae,
985 5757 1068 5828 item
1107 5756 1210 5828 villae
1245 5754 1566 5847 Pycliowicze,
1601 5756 1887 5847 liobyorapn,

334 5875 599 5969 Dambnilry,
625 5876 913 5968 Wolvarlky,
941 5876 1119 5968 Blonya
1147 5877 1473 5968 Pobrzezyc...

438 5995 700 6072 massonum.
728 6000 814 6071 ltem
842 5998 987 6087 singulis
1004 5998 1078 6070 lere
1104 5999 1239 6091 diebus,
1255 6006 1292 6071 et
1309 5999 1514 6090 praesertim
1534 5997 1655 6070 diebus
1674 5997 1887 6084 Veneris,

334 6120 378 6191 ad
406 6121 650 6192 monasterium
679 6120 712 6191 S.
739 6120 901 6192 Stanislai
930 6122 963 6190 in
993 6119 1279 6211 ltump'sllam
1305 6119 1537 6211 frequentant,
1557 6124 1592 6189 et
1620 6120 1730 6190 locum
1750 6120 1883 6209 passio·

334 6260 378 6311 ne
414 6241 611 6312 Beatissimi
647 6242 820 6333 pontilicis
857 6239 889 6311 S.
917 6241 1081 6312 Stanislai
1118 6230 1339 6313 nobilitatum
1375 6240 1543 6328 singulari
1571 6240 1755 6311 devotione
1784 6258 1886 6311 vene·

335 6367 474 6450 natur,
501 6369 538 6432 et
564 6360 758 6433 oblationes
794 6382 876 6433 suas
911 6368 1016 6451 atque
1053 6368 1136 6489 vot?
1159 6346 1198 6433 i'''
1269 6378 1392 6431 -suarn
1429 6360 1574 6450 quisque
1609 6360 1808 6430 facultatem
1836 6358 1885 6430 ibi

1136 6558 1148 6591 ἰ
1175 6546 1219 6599 ‚¹⁸³³
1240 6566 1265 6601 ‚¹
1290 6564 1347 6599 ’.ςίθι

1316 6600 1358 6635 {¹⁸5

1254 6642 1270 6679 r?
1280 6638 1296 6659 '¹
1311 6638 1324 6649 ν

1273 6718 1279 6725 ,
1293 6708 1299 6721 ο
