4217 8059
1743 1523 1816 1594 299

267 1724 412 1797 ecclesia
439 1724 539 1797 Beati
567 1724 772 1816 Clementis,
791 1697 836 1797 et
863 1746 938 1797 cnm
967 1724 1109 1797 decimis
1138 1727 1296 1798 omnibns
1324 1727 1368 1799 ad
1396 1726 1504 1817 ipsam
1533 1714 1712 1800 ecclesiam
1740 1750 1818 1819 per·

267 1847 477 1937 tinentibns,
512 1846 584 1918 tale
611 1854 749 1937 pactum
787 1866 901 1916 eoram
929 1847 1029 1935 nobis
1056 1868 1098 1918 ex
1125 1855 1274 1939 utraque
1308 1856 1409 1938 parte
1437 1849 1631 1938 firmantes,
1669 1850 1818 1940 quodsi

267 1968 391 2058 aliquis
427 1969 580 2057 ipsarum
617 1969 766 2058 partium
802 1966 892 2038 banc
927 1969 1218 2057 permutationem
1256 1967 1478 2059 infringeret,
1514 1969 1666 2041 dominio
1697 1977 1818 2042 nostro

267 2095 415 2178 quatuor
443 2108 576 2160 marcas
603 2089 685 2163 anri
707 2088 905 2178 persolvere
932 2095 1104 2179 teneatur,
1132 2089 1290 2180 apposito
1316 2088 1401 2179 hoc,
1439 2088 1530 2180 qnod
1559 2089 1718 2162 dominos
1745 2092 1818 2181 epi·
1896 2164 1901 2170 ,

268 2229 391 2299 scopus
417 2208 657 2280 cracoviensis
684 2208 917 2299 supradictam
945 2208 1083 2280 domum
1111 2210 1154 2282 de
1181 2208 1473 2301 Sthanyatk5
1511 2211 1545 2280 in
1574 2210 1732 2283 omnibns
1759 2211 1818 2281 de·

266 2327 407 2400 tendere
435 2335 471 2400 et
497 2330 666 2420 inspicere
693 2330 888 2421 tenebitur,
923 2336 994 2427 tam
1021 2331 1169 2401 interius
1197 2349 1298 2421 qnam
1326 2331 1488 2420 exterius,
1521 2331 1571 2401 ita
1599 2352 1699 2419 sane,
1727 2332 1819 2422 quod
1960 2422 1966 2428 ι

268 2450 398 2540 absque
425 2450 605 2521 voluntate
632 2448 761 2520 domini
789 2450 942 2541 episcopi
960 2449 1199 2522 cracoviensis
1228 2451 1668 2541 congregatiosaepedicti
1696 2471 1818 2523 coeno·

268 2570 315 2641 bii
343 2568 439 2640 nihil
456 2568 570 2640 iacere
597 2568 749 2659 audebit,
776 2590 839 2641 nec
866 2569 1116 2642 haereditatem
1144 2572 1294 2663 aliquam
1322 2570 1482 2660 vendere,
1512 2571 1566 2641 vel
1586 2592 1708 2661 emere,
1728 2592 1819 2643 com·

267 2694 411 2779 mutare,
438 2691 491 2760 rel
520 2690 718 2781 concedere,
746 2696 807 2762 aut
834 2684 1074 2782 qualicumque
1097 2691 1198 2762 modo
1227 2713 1246 2761 a
1275 2689 1376 2763 domo
1395 2691 1558 2780 alienare,
1587 2711 1649 2761 nee
1667 2692 1819 2763 abbatis-

268 2829 341 2883 sam
369 2812 580 2881 constituere
608 2819 668 2881 ant
695 2810 895 2899 destituere,
923 2831 986 2881 uec
1013 2800 1248 2902 praepositum
1276 2826 1445 2898 quemque
1473 2806 1626 2898 deicere,
1667 2831 1729 2883 nec
1756 2833 1819 2883 nu·

268 2950 399 3024 merum
428 2950 584 3007 sororum
610 2950 737 3019 augere
764 2928 819 2999 vel
845 2930 1015 3017 minuere,
1044 2927 1105 3000 sed
1133 2929 1223 3000 sicut
1250 2910 1418 2999 haeredes
1445 2934 1527 2999 tnnc
1555 2931 1819 3020 constituerunt,

268 3051 406 3142 qnando
434 3058 591 3140 sumptus
618 3048 745 3150 domus
776 3054 1082 3139 computaverunt,
1118 3048 1210 3138 quod
1236 3048 1382 3137 triginta
1417 3068 1555 3120 sorores
1590 3048 1716 3122 debent
1743 3070 1819 3122 esse

268 3179 304 3245 et
331 3192 399 3243 uon
426 3172 618 3264 panciores,
646 3171 713 3241 nisi
741 3169 879 3262 qnando
906 3162 1083 3242 abbatissa
1110 3170 1163 3241 uel
1194 3170 1414 3260 praepositus
1433 3169 1589 3242 'viderent
1618 3169 1755 3272 domum
1769 3166 1819 3243 ¹ab

269 3293 385 3384 aliqua
411 3299 511 3384 parte
539 3288 722 3382 prolicere,
757 3298 841 3363 tunc
868 3290 910 3362 de
937 3289 1117 3395 voluntate
1155 3290 1430 3380 supranominati
1459 3290 1612 3381 episcopi
1639 3304 1819 3363 numerum

269 3406 421 3504 ipsarum
435 3423 575 3502 ‘angere
603 3419 746 3503 possent
773 3411 952 3503 usquead
980 3411 1230 3502 quadraginta,
1266 3402 1327 3482 se'd
1355 3432 1423 3482 nou
1450 3412 1560 3500 ultra3
1587 3432 1688 3485 soror
1714 3412 1818 3483 etiam
1873 3488 1879 3505 ι

268 3532 364 3604 nnlla
389 3533 520 3624 absque
544 3533 726 3604 'voluntate
753 3532 883 3605 domini
910 3532 1063 3625 episcopi
1082 3531 1177 3604 exire
1204 3520 1394 3603 claustrum
1422 3531 1572 3626 audebit,
1598 3532 1665 3604 nisi
1685 3533 1719 3603 in
1738 3532 1818 3623 iuga

269 3672 500 3744 paganorum,
536 3661 597 3726 ant
610 3660 778 3745 'tempore
805 3652 924 3744 lamis,
960 3660 1102 3745 praeter
1128 3651 1361 3741 abbatissam,
1397 3672 1485 3744 quae
1521 3674 1584 3742 pro
1613 3654 1819 3726 necessitate

270 3773 391 3845 domus
418 3775 514 3846 exire
541 3770 692 3875 poterit3'
707 3775 857 3866 quinque
883 3752 1010 3847 iramm
1036 3772 1234 3846 sacerdotes
1261 3794 1338 3845 esse
1356 3771 1493 3864 debent,
1521 3774 1644 3865 quibus
1672 3794 1820 3865 praepo

270 3895 358 3966 sitos
385 3895 529 3985 singulis
557 3896 656 3967 annis
684 3896 825 3967 cuilibet
853 3914 1093 3986 permaneam
1121 3894 1257 3987 argenti
1294 3901 1357 3987 pro
1386 3894 1541 3967 restibus
1567 3896 1675 3985 dabit,
1701 3903 1738 3968 et
1763 3918 1819 3967 so·
1857 3969 1860 3972 ,

269 4016 407 4089 roribus
434 4016 613 4105 similiter,
649 4016 678 4087 si
706 4018 755 4088 ita
782 4015 903 4117 domus
931 4014 1088 4089 sufficere
1116 4010 1264 4109 poterit,
1298 4017 1327 4088 si
1355 4023 1470 4088 antem
1498 4017 1541 4088 de
1569 4017 1690 4105 ordine
1718 4017 1821 4089 Beati
1902 4074 1907 4081 .

270 4135 469 4227 Benedicti,
504 4138 655 4209 transire
692 4137 865 4209 voluerint
900 4137 1151 4210 de'²volnutate
1179 4144 1218 4208 et'
1242 4137 1403 4210 consilio·
1420 4137 1549 4209 domini
1577 4138 1747 4229 episcopi,
1775 4138 1819 4210 ad
1851 4226 1859 4235 δ

270 4258 425 4331 ordinem
454 4256 733 4330 Cisteroieusium
760 4258 969 4331 transibunt.
1008 4254 1082 4363 Nos
1110 4278 1193 4330 vero
1221 4236 1432 4329 memoratus
1461 4240 1703 4330 Gouradu's
1739 4259 1820 4348 dns,

271 4400 334 4469 pro
370 4379 522 4452 remedio
562 4386 782 4471 peccatorum
824 4385 1042 4467 nostrornm,
1083 4370 1199 4451 domu'i
1239 4378 1368 4449 Beatae
1404 4376 1539 4448 Mariae
1585 4377 1741 4469 Virginis
1777 4378 1820 4449 de
1937 4359 1950 4375 ⁸

270 4499 599 4590 Stbanpatbky
636 4496 875 4571 Gracoviensis
912 4498 1100 4587 dioecesis,
1136 4499 1283 4588 benigne
1319 4504 1355 4568 et
1385 4495 1578 4569 liberaliter
1613 4496 1819 4577 conferimus

270 4619 405 4717 plenam
434 4619 632 4691 libertatem
660 4620 727 4709 ita,
763 4625 803 4691 ut
831 4638 948 4692 omues
977 4620 1110 4691 incolae
1146 4618 1305 4691 villarum
1333 4618 1377 4689 ad
1405 4618 1515 4708 ipsam
1547 4618 1685 4689 domum
1698 4618 1820 4708 'perti-

271 4729 401 4832 nentes,
428 4761 492 4812 nec
520 4760 634 4813 coram
664 4741 827 4832 palatino,
854 4761 916 4814 neo
935 4761 1050 4812 coram
1070 4723 1267 4830 castellano,
1295 4760 1358 4810 nec
1376 4759 1492 4810 coram
1511 4737 1682 4811 iudicibus
1700 4756 1820 4810 eorum

272 4862 430 4952 citantur,
457 4862 511 4933 vel
540 4862 638 4933 citati
665 4850 907 4953 respondeant,
934 4883 999 4935 nec
1025 4872 1190 4933 droszom
1216 4860 1371 4951 solvant,
1398 4880 1509 4953 neque
1536 4858 1580 4930 ad
1608 4858 1735 4930 bellum
1764 4858 1820 4929 val

271 4982 315 5054 ad
343 4990 495 5055 castrum
523 4981 774 5055 aedificandum
801 4985 852 5055 ire
880 4970 1229 5076 compellantem-'sed
1249 4983 1277 5052 si
1296 4982 1373 5073 qrris
1392 4980 1557 5054 adversm
1585 5000 1644 5053 eos
1671 4980 1819 5072 aliquam

271 5124 407 5177 causam
436 5104 609 5194 babuerit,
637 5104 751 5195 sigillo
779 5110 898 5177 nostro
924 5102 1043 5176 littera
1071 5102 1224 5195 sigillata
1251 5102 1357 5191 citati,
1385 5121 1501 5173 coram
1528 5100 1629 5174 uobis
1656 5100 1819 5174 iudicium

272 5225 388 5296 subire
415 5226 635 5297 tenebuntur.
662 5224 913 5298 confirmamus
940 5225 1055 5313 etiam,
1096 5222 1188 5315 qnod
1216 5222 1373 5296 domiuus
1400 5222 1612 5295 Andreas
1639 5219 1820 5310 episcopus

272 5345 507 5437 saepedictus,
543 5367 624 5419 suas
651 5347 810 5438 proprias
844 5345 1082 5420 haereditates
1119 5351 1152 5416 et
1181 5344 1224 5416 de
1250 5364 1419 5417 consensu
1456 5351 1491 5416 et
1518 5345 1608 5413 bona
1639 5338 1818 5411 volontate

272 5463 416 5536 fratrum
444 5486 601 5557 snorum,
638 5466 753 5538 domui
781 5465 976 5558 saepefatae
1004 5465 1169 5556 contulit,
1205 5464 1557 5538 Brzeszni‘czam
1594 5458 1755 5530 videlicet
1781 5460 1817 5531 in

273 5587 347 5658 iure
373 5587 599 5662 theuthonico
618 5606 694 5660 cum
713 5570 864 5659 ecclesia
885 5586 988 5659 Beati
1016 5585 1123 5677 Petri,
1140 5593 1187 5658 'et
1205 5607 1281 5658 cnm
1309 5582 1449 5654 mulmis
1468 5580 1626 5651 omnibus
1644 5580 1688 5650 ad
1706 5579 1816 5670 ipsam

272 5707 450 5780 ecclesiam
478 5709 751 5800 pertinentibnS,
778 5728 854 5778 cum
881 5706 957 5780 loro
985 5707 1095 5780 libero
1123 5713 1159 5779 et
1184 5704 1349 5792 tabernis,
1376 5702 1427 5772 ita
1454 5698 1545 5791 quod
1573 5699 1688 5772 nullos
1715 5700 1819 5772 iudex

273 5948 492 6038 Lopyand
521 5971 597 6021 cum
626 5949 707 6039 sale,
735 5957 770 6019 et
797 5948 1047 6021 haereditatem
1078 5944 1336 6034 vincentii,
1372 5963 1461 6035 qnae
1488 5942 1710 6034 Bochnya
1736 5942 1820 6012 dici·

272 6076 339 6160 tur,
367 6068 534 6142 Bnkow
561 6076 597 6141 et
623 6068 1004 6157 Indoloscbicze,
1042 6066 1134 6157 qnod
1161 6065 1272 6137 frater
1298 6085 1380 6138 suus
1407 6063 1722 6135 Sratboslaus
1760 6063 1820 6132 bu·
1901 6130 1905 6135 .

272 6192 357 6280 buit,
386 6190 431 6261 W
441 6210 660 6283 ysznroze
686 6190 860 6279 totaliter,
887 6195 923 6259 et
950 6164 1117 6279 quidquid
1145 6186 1408 6256 commotaverit
1408 6205 1508 6276 ,pro
1536 6184 1714 6274 Sthany
1726 6183 1822 6252 atb-

272 6313 327 6402 ky
355 6313 480 6382 uterum
508 6309 624 6381 reddrt
650 6311 786 6398 domur
826 6308 1190 6380 Dobranowicze
1230 6311 1265 6376 et
1305 6240 1741 6393 Credantbowicze,
1781 6324 1822 6375 ac

272 6432 359 6505 duas
387 6435 565 6523 portiones
589 6430 682 6519 salis,
709 6450 796 6520 quae
824 6452 845 6501 a
871 6416 974 6519 uulgo
995 6425 1132 6524 poesim
1150 6434 1187 6497 et
1205 6448 1317 6496 emoza
1343 6430 1513 6498 vocantur
1539 6424 1584 6496 ad
1611 6423 1824 6514 Magnum

886 6508 925 6623 d
1675 6560 1705 6613 ι
