<?xml version="1.0" encoding="UTF-8"?>
<!DOCTYPE html PUBLIC "-//W3C//DTD XHTML 1.0 Transitional//EN"
    "http://www.w3.org/TR/xhtml1/DTD/xhtml1-transitional.dtd">
<html xmlns="http://www.w3.org/1999/xhtml" xml:lang="en" lang="en">
 <head>
  <title>
</title>
<meta http-equiv="Content-Type" content="text/html;charset=utf-8" />
  <meta name='ocr-system' content='tesseract 3.04.00' />
  <meta name='ocr-capabilities' content='ocr_page ocr_carea ocr_par ocr_line ocrx_word'/>
</head>
<body>
  <div class='ocr_page' id='page_1' title='image "./joannisdugoszse02dugoog_0070.png"; bbox 0 0 4217 8059; ppageno 0'>
   <div class='ocr_carea' id='block_1_1' title="bbox 326 1455 497 1545">
    <p class='ocr_par' dir='ltr' id='par_1_1' title="bbox 326 1455 497 1545">
     <span class='ocr_line' id='line_1_1' title="bbox 326 1455 497 1545; baseline -0.012 -21"><span class='ocrx_word' id='word_1_1' title='bbox 326 1455 497 1545; x_wconf 77' lang='lat' dir='ltr'>eo¹</span> 
     </span>
    </p>
   </div>
   <div class='ocr_carea' id='block_1_2' title="bbox 326 1613 1961 1869">
    <p class='ocr_par' dir='ltr' id='par_1_2' title="bbox 326 1613 1961 1869">
     <span class='ocr_line' id='line_1_2' title="bbox 327 1613 1876 1750; baseline -0.002 -19"><span class='ocrx_word' id='word_1_2' title='bbox 327 1660 509 1750; x_wconf 77' lang='lat' dir='ltr'>dequibus</span> <span class='ocrx_word' id='word_1_3' title='bbox 531 1658 669 1731; x_wconf 90' lang='lat' dir='ltr'>solvunt</span> <span class='ocrx_word' id='word_1_4' title='bbox 686 1665 724 1730; x_wconf 89' lang='lat' dir='ltr'>et</span> <span class='ocrx_word' id='word_1_5' title='bbox 742 1656 937 1731; x_wconf 86' lang='lat' dir='ltr'>conducunt</span> <span class='ocrx_word' id='word_1_6' title='bbox 953 1656 1119 1730; x_wconf 81' lang='lat' dir='ltr'>decimam</span> <span class='ocrx_word' id='word_1_7' title='bbox 1133 1613 1388 1749; x_wconf 82' lang='lat' dir='ltr'>manipularem</span> <span class='ocrx_word' id='word_1_8' title='bbox 1406 1674 1471 1746; x_wconf 87' lang='lat' dir='ltr'>pro</span> <span class='ocrx_word' id='word_1_9' title='bbox 1483 1655 1693 1728; x_wconf 87' lang='lat' dir='ltr'>monasterio</span> <span class='ocrx_word' id='word_1_10' title='bbox 1711 1665 1747 1726; x_wconf 90' lang='lat' dir='ltr'>et</span> <span class='ocrx_word' id='word_1_11' title='bbox 1760 1655 1876 1745; x_wconf 89' lang='lat' dir='ltr'>hospi-</span> 
     </span>
     <span class='ocr_line' id='line_1_3' title="bbox 326 1767 1961 1869; baseline -0.002 -19"><span class='ocrx_word' id='word_1_12' title='bbox 326 1779 388 1850; x_wconf 86' lang='lat' dir='ltr'>tali</span> <span class='ocrx_word' id='word_1_13' title='bbox 417 1777 705 1866; x_wconf 85' lang='lat' dir='ltr'>Sandomiriensi,</span> <span class='ocrx_word' id='word_1_14' title='bbox 732 1784 768 1850; x_wconf 90' lang='lat' dir='ltr'>et</span> <span class='ocrx_word' id='word_1_15' title='bbox 795 1777 893 1849; x_wconf 87' lang='lat' dir='ltr'>valor</span> <span class='ocrx_word' id='word_1_16' title='bbox 919 1778 994 1848; x_wconf 88' lang='lat' dir='ltr'>eiua</span> <span class='ocrx_word' id='word_1_17' title='bbox 1021 1778 1226 1869; x_wconf 86' lang='lat' dir='ltr'>aestimatur</span> <span class='ocrx_word' id='word_1_18' title='bbox 1251 1777 1296 1847; x_wconf 92' lang='lat' dir='ltr'>ad</span> <span class='ocrx_word' id='word_1_19' title='bbox 1323 1797 1426 1848; x_wconf 91' lang='lat' dir='ltr'>unam</span> <span class='ocrx_word' id='word_1_20' title='bbox 1454 1795 1612 1849; x_wconf 88' lang='lat' dir='ltr'>marcam.</span> <span class='ocrx_word' id='word_1_21' title='bbox 1855 1795 1858 1801; x_wconf 87' lang='lat'>·</span> <span class='ocrx_word' id='word_1_22' title='bbox 1959 1767 1961 1771; x_wconf 62' lang='grc'>’</span> 
     </span>
    </p>
   </div>
   <div class='ocr_carea' id='block_1_3' title="bbox 872 2184 1321 2269">
    <p class='ocr_par' dir='ltr' id='par_1_3' title="bbox 872 2184 1321 2269">
     <span class='ocr_line' id='line_1_4' title="bbox 872 2184 1321 2269; baseline -0.009 0"><span class='ocrx_word' id='word_1_23' title='bbox 872 2184 1321 2269; x_wconf 74' lang='lat' dir='ltr'>SLAVOOVIENSE.</span> 
     </span>
    </p>
   </div>
   <div class='ocr_carea' id='block_1_4' title="bbox 216 2385 1962 4533">
    <p class='ocr_par' dir='ltr' id='par_1_4' title="bbox 226 2385 1876 2848">
     <span class='ocr_line' id='line_1_5' title="bbox 428 2385 1875 2482; baseline -0.003 -18"><span class='ocrx_word' id='word_1_24' title='bbox 428 2391 630 2465; x_wconf 75' lang='lat' dir='ltr'>lohannes</span> <span class='ocrx_word' id='word_1_25' title='bbox 658 2390 782 2465; x_wconf 81' lang='lat' dir='ltr'>dictus</span> <span class='ocrx_word' id='word_1_26' title='bbox 812 2389 1075 2463; x_wconf 79' lang='lat' dir='ltr'>bluakatha</span> <span class='ocrx_word' id='word_1_27' title='bbox 1104 2391 1313 2482; x_wconf 74' lang='lat' dir='ltr'>episcopua</span> <span class='ocrx_word' id='word_1_28' title='bbox 1342 2385 1619 2462; x_wconf 72' lang='lat' dir='ltr'>cracoviensis</span> <span class='ocrx_word' id='word_1_29' title='bbox 1653 2389 1875 2460; x_wconf 80' lang='lat' dir='ltr'><strong>considerans</strong></span> 
     </span>
     <span class='ocr_line' id='line_1_6' title="bbox 248 2508 1874 2603; baseline -0.004 -19"><span class='ocrx_word' id='word_1_30' title='bbox 248 2540 249 2544; x_wconf 41' lang='lat'>¹</span> <span class='ocrx_word' id='word_1_31' title='bbox 324 2511 564 2603; x_wconf 80' lang='lat' dir='ltr'>hequentiam·</span> <span class='ocrx_word' id='word_1_32' title='bbox 584 2519 620 2583; x_wconf 91' lang='lat' dir='ltr'>et</span> <span class='ocrx_word' id='word_1_33' title='bbox 642 2509 904 2601; x_wconf 90' lang='lat' dir='ltr'>amplitudinem</span> <span class='ocrx_word' id='word_1_34' title='bbox 941 2510 1059 2601; x_wconf 83' lang='lat' dir='ltr'>oppidi</span> <span class='ocrx_word' id='word_1_35' title='bbox 1086 2511 1139 2581; x_wconf 91' lang='lat' dir='ltr'>sui</span> <span class='ocrx_word' id='word_1_36' title='bbox 1166 2509 1441 2598; x_wconf 84' lang='lat' dir='ltr'>Slarkoviensis,</span> <span class='ocrx_word' id='word_1_37' title='bbox 1468 2508 1562 2598; x_wconf 86' lang='lat' dir='ltr'>quod</span> <span class='ocrx_word' id='word_1_38' title='bbox 1597 2529 1641 2579; x_wconf 87' lang='lat' dir='ltr'>ea</span> <span class='ocrx_word' id='word_1_39' title='bbox 1667 2514 1874 2598; x_wconf 73' lang='lat' dir='ltr'>tempestate</span> 
     </span>
     <span class='ocr_line' id='line_1_7' title="bbox 325 2628 1876 2722; baseline -0.003 -19"><span class='ocrx_word' id='word_1_40' title='bbox 325 2638 468 2722; x_wconf 89' lang='lat' dir='ltr'>propter</span> <span class='ocrx_word' id='word_1_41' title='bbox 494 2633 625 2722; x_wconf 89' lang='lat' dir='ltr'>plumbi</span> <span class='ocrx_word' id='word_1_42' title='bbox 651 2631 801 2720; x_wconf 79' lang='lat' dir='ltr'>fodinae,</span> <span class='ocrx_word' id='word_1_43' title='bbox 836 2629 1038 2702; x_wconf 79' lang='lat' dir='ltr'>foecundam</span> <span class='ocrx_word' id='word_1_44' title='bbox 1074 2630 1302 2713; x_wconf 87' lang='lat' dir='ltr'>etassiduam</span> <span class='ocrx_word' id='word_1_45' title='bbox 1328 2649 1452 2700; x_wconf 86' lang='lat' dir='ltr'>venam</span> <span class='ocrx_word' id='word_1_46' title='bbox 1477 2629 1609 2719; x_wconf 87' lang='lat' dir='ltr'>plumbi</span> <span class='ocrx_word' id='word_1_47' title='bbox 1634 2628 1773 2700; x_wconf 88' lang='lat' dir='ltr'>fluentis</span> <span class='ocrx_word' id='word_1_48' title='bbox 1799 2636 1876 2699; x_wconf 91' lang='lat' dir='ltr'>erat</span> 
     </span>
     <span class='ocr_line' id='line_1_8' title="bbox 226 2736 1872 2848; baseline -0.004 -25"><span class='ocrx_word' id='word_1_49' title='bbox 226 2842 231 2848; x_wconf 23' lang='grc' dir='ltr'>Ι</span> <span class='ocrx_word' id='word_1_50' title='bbox 322 2749 491 2823; x_wconf 59' lang='lat' dir='ltr'>&amp;mosum</span> <span class='ocrx_word' id='word_1_51' title='bbox 518 2756 554 2822; x_wconf 90' lang='lat' dir='ltr'>et</span> <span class='ocrx_word' id='word_1_52' title='bbox 571 2752 723 2841; x_wconf 80' lang='lat' dir='ltr'>insigne,</span> <span class='ocrx_word' id='word_1_53' title='bbox 751 2749 897 2840; x_wconf 79' lang='lat' dir='ltr'>etapud</span> <span class='ocrx_word' id='word_1_54' title='bbox 924 2749 1011 2829; x_wconf 85' lang='lat' dir='ltr'>duas</span> <span class='ocrx_word' id='word_1_55' title='bbox 1038 2736 1198 2823; x_wconf 82' lang='lat' dir='ltr'>civitates</span> <span class='ocrx_word' id='word_1_56' title='bbox 1216 2749 1395 2839; x_wconf 73' lang='lat' dir='ltr'>capitales,</span> <span class='ocrx_word' id='word_1_57' title='bbox 1422 2747 1591 2820; x_wconf 83' lang='lat' dir='ltr'>videlicet</span> <span class='ocrx_word' id='word_1_58' title='bbox 1606 2747 1872 2820; x_wconf 80' lang='lat' dir='ltr'>&#39;Oracoriensem</span> 
     </span>
    </p>

    <p class='ocr_par' dir='ltr' id='par_1_5' title="bbox 216 2846 1877 3442">
     <span class='ocr_line' id='line_1_9' title="bbox 265 2846 1868 2960; baseline -0.002 -18"><span class='ocrx_word' id='word_1_59' title='bbox 265 2910 266 2915; x_wconf 62' lang='lat'><em>=</em></span> <span class='ocrx_word' id='word_1_60' title='bbox 325 2852 363 2942; x_wconf 86' lang='lat' dir='ltr'>et</span> <span class='ocrx_word' id='word_1_61' title='bbox 380 2871 689 2944; x_wconf 79' lang='lat' dir='ltr'>vratislaviensem</span> <span class='ocrx_word' id='word_1_62' title='bbox 717 2870 803 2942; x_wconf 88' lang='lat' dir='ltr'>adeo</span> <span class='ocrx_word' id='word_1_63' title='bbox 830 2846 1052 2943; x_wconf 87' lang='lat' dir='ltr'>nobilitatum</span> <span class='ocrx_word' id='word_1_64' title='bbox 1078 2876 1116 2941; x_wconf 91' lang='lat' dir='ltr'>et</span> <span class='ocrx_word' id='word_1_65' title='bbox 1133 2867 1331 2960; x_wconf 86' lang='lat' dir='ltr'>vulgatum,</span> <span class='ocrx_word' id='word_1_66' title='bbox 1358 2876 1450 2940; x_wconf 89' lang='lat' dir='ltr'>utet</span> <span class='ocrx_word' id='word_1_67' title='bbox 1468 2870 1503 2939; x_wconf 91' lang='lat' dir='ltr'>in</span> <span class='ocrx_word' id='word_1_68' title='bbox 1531 2868 1753 2941; x_wconf 74' lang='lat' dir='ltr'>cracoviensi</span> <span class='ocrx_word' id='word_1_69' title='bbox 1778 2874 1816 2939; x_wconf 87' lang='lat' dir='ltr'>et</span> <span class='ocrx_word' id='word_1_70' title='bbox 1833 2868 1868 2938; x_wconf 92' lang='lat' dir='ltr'>in</span> 
     </span>
     <span class='ocr_line' id='line_1_10' title="bbox 326 2982 1874 3080; baseline -0.003 -18"><span class='ocrx_word' id='word_1_71' title='bbox 326 2982 592 3068; x_wconf 85' lang='lat' dir='ltr'>Vratislarienai</span> <span class='ocrx_word' id='word_1_72' title='bbox 618 2993 705 3063; x_wconf 89' lang='lat' dir='ltr'>urbe</span> <span class='ocrx_word' id='word_1_73' title='bbox 723 2991 917 3062; x_wconf 85' lang='lat' dir='ltr'>habeantur</span> <span class='ocrx_word' id='word_1_74' title='bbox 944 2990 1098 3079; x_wconf 83' lang='lat' dir='ltr'>plateae,</span> <span class='ocrx_word' id='word_1_75' title='bbox 1126 3010 1214 3080; x_wconf 90' lang='lat' dir='ltr'>quae</span> <span class='ocrx_word' id='word_1_76' title='bbox 1245 3010 1288 3061; x_wconf 84' lang='lat' dir='ltr'>ex</span> <span class='ocrx_word' id='word_1_77' title='bbox 1306 2989 1590 3079; x_wconf 84' lang='lat' dir='ltr'>nomineoppidi</span> <span class='ocrx_word' id='word_1_78' title='bbox 1617 2987 1874 3061; x_wconf 83' lang='lat' dir='ltr'>Slavlreriensis</span> 
     </span>
     <span class='ocr_line' id='line_1_11' title="bbox 216 3108 1874 3213; baseline -0.002 -32"><span class='ocrx_word' id='word_1_79' title='bbox 216 3208 218 3213; x_wconf 13' lang='lat'><em>7</em></span> <span class='ocrx_word' id='word_1_80' title='bbox 324 3109 592 3195; x_wconf 85' lang='lat' dir='ltr'>Slavkovienses</span> <span class='ocrx_word' id='word_1_81' title='bbox 627 3111 859 3202; x_wconf 84' lang='lat' dir='ltr'>appellentur,</span> <span class='ocrx_word' id='word_1_82' title='bbox 909 3109 1131 3181; x_wconf 82' lang='lat' dir='ltr'>considerans</span> <span class='ocrx_word' id='word_1_83' title='bbox 1167 3110 1311 3200; x_wconf 87' lang='lat' dir='ltr'>insuper</span> <span class='ocrx_word' id='word_1_84' title='bbox 1348 3109 1603 3181; x_wconf 86' lang='lat' dir='ltr'>multitudinem</span> <span class='ocrx_word' id='word_1_85' title='bbox 1640 3108 1874 3198; x_wconf 75' lang='lat' dir='ltr'>languentium</span> 
     </span>
     <span class='ocr_line' id='line_1_12' title="bbox 325 3229 1877 3330; baseline -0.003 -27"><span class='ocrx_word' id='word_1_86' title='bbox 325 3251 511 3322; x_wconf 79' lang='lat' dir='ltr'>egenorum</span> <span class='ocrx_word' id='word_1_87' title='bbox 533 3239 570 3303; x_wconf 89' lang='lat' dir='ltr'>et</span> <span class='ocrx_word' id='word_1_88' title='bbox 586 3231 834 3303; x_wconf 89' lang='lat' dir='ltr'>miserabilium</span> <span class='ocrx_word' id='word_1_89' title='bbox 854 3242 1098 3320; x_wconf 86' lang='lat' dir='ltr'>personarum,</span> <span class='ocrx_word' id='word_1_90' title='bbox 1125 3229 1169 3302; x_wconf 92' lang='lat' dir='ltr'>ad</span> <span class='ocrx_word' id='word_1_91' title='bbox 1187 3230 1316 3303; x_wconf 92' lang='lat' dir='ltr'>dictum</span> <span class='ocrx_word' id='word_1_92' title='bbox 1334 3231 1497 3330; x_wconf 88' lang='lat' dir='ltr'>oppidum</span> <span class='ocrx_word' id='word_1_93' title='bbox 1516 3250 1559 3301; x_wconf 85' lang='lat' dir='ltr'>ex</span> <span class='ocrx_word' id='word_1_94' title='bbox 1577 3230 1814 3319; x_wconf 84' lang='lat' dir='ltr'>operariorum</span> <span class='ocrx_word' id='word_1_95' title='bbox 1837 3235 1877 3299; x_wconf 85' lang='lat' dir='ltr'>et</span> 
     </span>
     <span class='ocr_line' id='line_1_13' title="bbox 227 3348 1877 3442; baseline 0.001 -25"><span class='ocrx_word' id='word_1_96' title='bbox 227 3405 233 3417; x_wconf 94' lang='lat'><strong>.</strong></span> <span class='ocrx_word' id='word_1_97' title='bbox 324 3348 495 3424; x_wconf 79' lang='lat' dir='ltr'>fossorum</span> <span class='ocrx_word' id='word_1_98' title='bbox 514 3353 719 3442; x_wconf 86' lang='lat' dir='ltr'>pracsertim</span> <span class='ocrx_word' id='word_1_99' title='bbox 737 3371 880 3422; x_wconf 90' lang='lat' dir='ltr'>numero</span> <span class='ocrx_word' id='word_1_100' title='bbox 900 3358 1099 3440; x_wconf 88' lang='lat' dir='ltr'>congestam</span> <span class='ocrx_word' id='word_1_101' title='bbox 1118 3371 1212 3440; x_wconf 88' lang='lat' dir='ltr'>esse,</span> <span class='ocrx_word' id='word_1_102' title='bbox 1237 3358 1274 3421; x_wconf 91' lang='lat' dir='ltr'>et</span> <span class='ocrx_word' id='word_1_103' title='bbox 1291 3357 1387 3420; x_wconf 90' lang='lat' dir='ltr'>certa</span> <span class='ocrx_word' id='word_1_104' title='bbox 1403 3350 1623 3440; x_wconf 86' lang='lat' dir='ltr'>receptacula</span> <span class='ocrx_word' id='word_1_105' title='bbox 1640 3356 1744 3439; x_wconf 71' lang='lat' dir='ltr'>atque</span> <span class='ocrx_word' id='word_1_106' title='bbox 1762 3349 1877 3419; x_wconf 87' lang='lat' dir='ltr'>diver-</span> 
     </span>
    </p>

    <p class='ocr_par' dir='ltr' id='par_1_6' title="bbox 268 3470 1962 4533">
     <span class='ocr_line' id='line_1_14' title="bbox 279 3470 1876 3581; baseline -0.002 -38.027"><span class='ocrx_word' id='word_1_107' title='bbox 279 3561 289 3581; x_wconf 33' lang='lat'><strong>·</strong></span> <span class='ocrx_word' id='word_1_108' title='bbox 324 3473 420 3544; x_wconf 81' lang='lat' dir='ltr'>scria</span> <span class='ocrx_word' id='word_1_109' title='bbox 445 3491 514 3543; x_wconf 90' lang='lat' dir='ltr'>non</span> <span class='ocrx_word' id='word_1_110' title='bbox 532 3472 701 3543; x_wconf 86' lang='lat' dir='ltr'>baberent</span> <span class='ocrx_word' id='word_1_111' title='bbox 726 3470 1019 3558; x_wconf 88' lang='lat' dir='ltr'>recollectionem;</span> <span class='ocrx_word' id='word_1_112' title='bbox 1037 3488 1173 3560; x_wconf 70' lang='lat' dir='ltr'>eorum</span> <span class='ocrx_word' id='word_1_113' title='bbox 1199 3471 1258 3560; x_wconf 91' lang='lat' dir='ltr'>pia</span> <span class='ocrx_word' id='word_1_114' title='bbox 1275 3470 1512 3560; x_wconf 86' lang='lat' dir='ltr'>compassione</span> <span class='ocrx_word' id='word_1_115' title='bbox 1538 3475 1725 3559; x_wconf 90' lang='lat' dir='ltr'>permotus,</span> <span class='ocrx_word' id='word_1_116' title='bbox 1751 3489 1876 3559; x_wconf 92' lang='lat' dir='ltr'>procu-</span> 
     </span>
     <span class='ocr_line' id='line_1_15' title="bbox 323 3576 1875 3682; baseline -0.003 -21"><span class='ocrx_word' id='word_1_117' title='bbox 323 3576 478 3680; x_wconf 86' lang='lat' dir='ltr'>raturus,</span> <span class='ocrx_word' id='word_1_118' title='bbox 506 3588 754 3662; x_wconf 85' lang='lat' dir='ltr'>xenodochium</span> <span class='ocrx_word' id='word_1_119' title='bbox 782 3588 827 3660; x_wconf 92' lang='lat' dir='ltr'>ad</span> <span class='ocrx_word' id='word_1_120' title='bbox 845 3595 999 3680; x_wconf 90' lang='lat' dir='ltr'>portam,</span> <span class='ocrx_word' id='word_1_121' title='bbox 1026 3611 1096 3681; x_wconf 85' lang='lat' dir='ltr'>qua</span> <span class='ocrx_word' id='word_1_122' title='bbox 1121 3592 1193 3664; x_wconf 91' lang='lat' dir='ltr'>itur</span> <span class='ocrx_word' id='word_1_123' title='bbox 1219 3590 1481 3682; x_wconf 86' lang='lat' dir='ltr'>inBythom,</span> <span class='ocrx_word' id='word_1_124' title='bbox 1508 3590 1671 3678; x_wconf 76' lang='lat' dir='ltr'>instituit,</span> <span class='ocrx_word' id='word_1_125' title='bbox 1696 3588 1875 3659; x_wconf 90' lang='lat' dir='ltr'>eeclesiam</span> 
     </span>
     <span class='ocr_line' id='line_1_16' title="bbox 293 3692 1871 3814; baseline -0.003 -32"><span class='ocrx_word' id='word_1_126' title='bbox 293 3794 297 3801; x_wconf 24' lang='lat'><strong>¹</strong></span> <span class='ocrx_word' id='word_1_127' title='bbox 328 3728 468 3814; x_wconf 70' lang='lat' dir='ltr'>guoque</span> <span class='ocrx_word' id='word_1_128' title='bbox 482 3692 714 3801; x_wconf 86' lang='lat' dir='ltr'>parochialem</span> <span class='ocrx_word' id='word_1_129' title='bbox 732 3709 797 3790; x_wconf 89' lang='lat' dir='ltr'>auh</span> <span class='ocrx_word' id='word_1_130' title='bbox 811 3709 914 3780; x_wconf 89' lang='lat' dir='ltr'>titulo</span> <span class='ocrx_word' id='word_1_131' title='bbox 933 3711 1115 3794; x_wconf 84' lang='lat' dir='ltr'>ethonore</span> <span class='ocrx_word' id='word_1_132' title='bbox 1132 3710 1166 3783; x_wconf 80' lang='lat' dir='ltr'>S.</span> <span class='ocrx_word' id='word_1_133' title='bbox 1179 3710 1351 3783; x_wconf 87' lang='lat' dir='ltr'>Johannis</span> <span class='ocrx_word' id='word_1_134' title='bbox 1368 3710 1558 3800; x_wconf 85' lang='lat' dir='ltr'>Baptistae,</span> <span class='ocrx_word' id='word_1_135' title='bbox 1576 3716 1613 3781; x_wconf 89' lang='lat' dir='ltr'>et</span> <span class='ocrx_word' id='word_1_136' title='bbox 1625 3708 1871 3781; x_wconf 86' lang='lat' dir='ltr'>monasterium</span> 
     </span>
     <span class='ocr_line' id='line_1_17' title="bbox 324 3829 1871 3920; baseline -0.001 -20"><span class='ocrx_word' id='word_1_137' title='bbox 324 3829 471 3909; x_wconf 83' lang='lat' dir='ltr'>fratrum</span> <span class='ocrx_word' id='word_1_138' title='bbox 499 3830 805 3920; x_wconf 85' lang='lat' dir='ltr'>hospitalariorum</span> <span class='ocrx_word' id='word_1_139' title='bbox 822 3829 940 3913; x_wconf 82' lang='lat' dir='ltr'>Sancti</span> <span class='ocrx_word' id='word_1_140' title='bbox 966 3829 1117 3920; x_wconf 88' lang='lat' dir='ltr'>Spiritus</span> <span class='ocrx_word' id='word_1_141' title='bbox 1144 3830 1187 3903; x_wconf 92' lang='lat' dir='ltr'>de</span> <span class='ocrx_word' id='word_1_142' title='bbox 1213 3830 1370 3920; x_wconf 78' lang='lat' dir='ltr'>Saxis,</span> <span class='ocrx_word' id='word_1_143' title='bbox 1385 3850 1533 3902; x_wconf 86' lang='lat' dir='ltr'>-crucem</span> <span class='ocrx_word' id='word_1_144' title='bbox 1560 3830 1731 3919; x_wconf 88' lang='lat' dir='ltr'>duplicem</span> <span class='ocrx_word' id='word_1_145' title='bbox 1758 3829 1871 3900; x_wconf 90' lang='lat' dir='ltr'>albam</span> 
     </span>
     <span class='ocr_line' id='line_1_18' title="bbox 325 3946 1873 4040; baseline -0.001 -21"><span class='ocrx_word' id='word_1_146' title='bbox 325 3946 554 4021; x_wconf 87' lang='lat' dir='ltr'>deferentium</span> <span class='ocrx_word' id='word_1_147' title='bbox 596 3948 736 4039; x_wconf 89' lang='lat' dir='ltr'>fundat,</span> <span class='ocrx_word' id='word_1_148' title='bbox 780 3948 1046 4040; x_wconf 85' lang='lat' dir='ltr'>praedictaeque</span> <span class='ocrx_word' id='word_1_149' title='bbox 1092 3951 1257 4024; x_wconf 88' lang='lat' dir='ltr'>ecclesiae</span> <span class='ocrx_word' id='word_1_150' title='bbox 1293 3949 1410 4022; x_wconf 87' lang='lat' dir='ltr'>Sancti</span> <span class='ocrx_word' id='word_1_151' title='bbox 1445 3950 1617 4022; x_wconf 76' lang='lat' dir='ltr'>iohannis</span> <span class='ocrx_word' id='word_1_152' title='bbox 1654 3949 1873 4019; x_wconf 78' lang='lat' dir='ltr'>medicatam</span> 
     </span>
     <span class='ocr_line' id='line_1_19' title="bbox 326 4067 1962 4160; baseline 0 -21"><span class='ocrx_word' id='word_1_153' title='bbox 326 4069 444 4159; x_wconf 92' lang='lat' dir='ltr'>oppidi</span> <span class='ocrx_word' id='word_1_154' title='bbox 472 4068 743 4160; x_wconf 84' lang='lat' dir='ltr'>Slavcoviensis,</span> <span class='ocrx_word' id='word_1_155' title='bbox 777 4078 814 4142; x_wconf 90' lang='lat' dir='ltr'>et</span> <span class='ocrx_word' id='word_1_156' title='bbox 841 4070 993 4142; x_wconf 87' lang='lat' dir='ltr'>eiusdem</span> <span class='ocrx_word' id='word_1_157' title='bbox 1021 4071 1206 4159; x_wconf 83' lang='lat' dir='ltr'>suburbia,</span> <span class='ocrx_word' id='word_1_158' title='bbox 1231 4073 1277 4142; x_wconf 89' lang='lat' dir='ltr'>ab</span> <span class='ocrx_word' id='word_1_159' title='bbox 1303 4071 1450 4142; x_wconf 90' lang='lat' dir='ltr'>ecclesia</span> <span class='ocrx_word' id='word_1_160' title='bbox 1475 4068 1666 4160; x_wconf 87' lang='lat' dir='ltr'>parochiali</span> <span class='ocrx_word' id='word_1_161' title='bbox 1692 4067 1726 4140; x_wconf 87' lang='lat' dir='ltr'>S.</span> <span class='ocrx_word' id='word_1_162' title='bbox 1752 4067 1874 4139; x_wconf 85' lang='lat' dir='ltr'>Orucis</span> <span class='ocrx_word' id='word_1_163' title='bbox 1958 4132 1962 4139; x_wconf 89' lang='lat'>.</span> 
     </span>
     <span class='ocr_line' id='line_1_20' title="bbox 325 4186 1874 4285; baseline -0.001 -25"><span class='ocrx_word' id='word_1_164' title='bbox 325 4195 596 4279; x_wconf 86' lang='lat' dir='ltr'>sequestratam,</span> <span class='ocrx_word' id='word_1_165' title='bbox 628 4191 665 4260; x_wconf 90' lang='lat' dir='ltr'>in</span> <span class='ocrx_word' id='word_1_166' title='bbox 700 4191 896 4285; x_wconf 86' lang='lat' dir='ltr'>parochiam</span> <span class='ocrx_word' id='word_1_167' title='bbox 930 4198 970 4261; x_wconf 88' lang='lat' dir='ltr'>et</span> <span class='ocrx_word' id='word_1_168' title='bbox 1005 4191 1040 4261; x_wconf 92' lang='lat' dir='ltr'>in</span> <span class='ocrx_word' id='word_1_169' title='bbox 1076 4193 1130 4263; x_wconf 91' lang='lat' dir='ltr'>ius</span> <span class='ocrx_word' id='word_1_170' title='bbox 1164 4191 1363 4280; x_wconf 84' lang='lat' dir='ltr'>sepulturae</span> <span class='ocrx_word' id='word_1_171' title='bbox 1394 4191 1593 4279; x_wconf 88' lang='lat' dir='ltr'>constituit,</span> <span class='ocrx_word' id='word_1_172' title='bbox 1629 4186 1874 4278; x_wconf 81' lang='lat' dir='ltr'>incipiendoa</span> 
     </span>
     <span class='ocr_line' id='line_1_21' title="bbox 325 4307 1874 4404; baseline 0 -27"><span class='ocrx_word' id='word_1_173' title='bbox 325 4328 425 4379; x_wconf 90' lang='lat' dir='ltr'>muro</span> <span class='ocrx_word' id='word_1_174' title='bbox 451 4308 587 4398; x_wconf 90' lang='lat' dir='ltr'>lapideo</span> <span class='ocrx_word' id='word_1_175' title='bbox 605 4310 748 4400; x_wconf 88' lang='lat' dir='ltr'>hospitii</span> <span class='ocrx_word' id='word_1_176' title='bbox 774 4309 993 4381; x_wconf 90' lang='lat' dir='ltr'>Bertoldi</span> <span class='ocrx_word' id='word_1_177' title='bbox 1018 4311 1182 4400; x_wconf 87' lang='lat' dir='ltr'>pistoris,</span> <span class='ocrx_word' id='word_1_178' title='bbox 1209 4309 1391 4404; x_wconf 77' lang='lat' dir='ltr'>usquead</span> <span class='ocrx_word' id='word_1_179' title='bbox 1408 4308 1546 4380; x_wconf 85' lang='lat' dir='ltr'>domam</span> <span class='ocrx_word' id='word_1_180' title='bbox 1569 4307 1788 4384; x_wconf 82' lang='lat' dir='ltr'>Hermani</span> <span class='ocrx_word' id='word_1_181' title='bbox 1815 4309 1874 4397; x_wconf 84' lang='lat' dir='ltr'>qui</span> 
     </span>
     <span class='ocr_line' id='line_1_22' title="bbox 323 4428 1871 4533; baseline -0.001 -35"><span class='ocrx_word' id='word_1_182' title='bbox 323 4435 401 4499; x_wconf 88' lang='lat' dir='ltr'>crat</span> <span class='ocrx_word' id='word_1_183' title='bbox 434 4449 542 4518; x_wconf 88' lang='lat' dir='ltr'>gener</span> <span class='ocrx_word' id='word_1_184' title='bbox 575 4428 746 4502; x_wconf 79' lang='lat' dir='ltr'>lobannis</span> <span class='ocrx_word' id='word_1_185' title='bbox 780 4429 866 4502; x_wconf 90' lang='lat' dir='ltr'>dicti</span> <span class='ocrx_word' id='word_1_186' title='bbox 895 4430 1111 4522; x_wconf 78' lang='lat' dir='ltr'>Divitis„</span> <span class='ocrx_word' id='word_1_187' title='bbox 1140 4451 1184 4503; x_wconf 84' lang='lat' dir='ltr'>ex</span> <span class='ocrx_word' id='word_1_188' title='bbox 1211 4431 1373 4533; x_wconf 89' lang='lat' dir='ltr'>opposito</span> <span class='ocrx_word' id='word_1_189' title='bbox 1394 4448 1482 4501; x_wconf 56' lang='lat' dir='ltr'>&gt;vero</span> <span class='ocrx_word' id='word_1_190' title='bbox 1518 4449 1627 4518; x_wconf 85' lang='lat' dir='ltr'>usqne</span> <span class='ocrx_word' id='word_1_191' title='bbox 1662 4428 1706 4509; x_wconf 86' lang='lat' dir='ltr'>ad</span> <span class='ocrx_word' id='word_1_192' title='bbox 1734 4428 1871 4499; x_wconf 64' lang='lat' dir='ltr'>marum</span> 
     </span>
    </p>
   </div>
   <div class='ocr_carea' id='block_1_5' title="bbox 231 4526 2024 4640">
    <p class='ocr_par' dir='ltr' id='par_1_7' title="bbox 231 4525 2024 4640">
     <span class='ocr_line' id='line_1_23' title="bbox 231 4526 2024 4640; baseline 0.001 -23"><span class='ocrx_word' id='word_1_193' title='bbox 231 4583 233 4588; x_wconf 94' lang='lat'>·</span> <span class='ocrx_word' id='word_1_194' title='bbox 326 4547 572 4635; x_wconf 77' lang='lat' dir='ltr'>Nicolaidicti</span> <span class='ocrx_word' id='word_1_195' title='bbox 599 4549 643 4631; x_wconf 87' lang='lat' dir='ltr'>de</span> <span class='ocrx_word' id='word_1_196' title='bbox 670 4537 976 4640; x_wconf 59' lang='lat' dir='ltr'>G&#39;oliczberle,</span> <span class='ocrx_word' id='word_1_197' title='bbox 1012 4558 1048 4622; x_wconf 89' lang='lat' dir='ltr'>et</span> <span class='ocrx_word' id='word_1_198' title='bbox 1074 4551 1200 4623; x_wconf 87' lang='lat' dir='ltr'>abinde</span> <span class='ocrx_word' id='word_1_199' title='bbox 1237 4571 1298 4640; x_wconf 88' lang='lat' dir='ltr'>per</span> <span class='ocrx_word' id='word_1_200' title='bbox 1325 4551 1494 4620; x_wconf 86' lang='lat' dir='ltr'>directum</span> <span class='ocrx_word' id='word_1_201' title='bbox 1525 4549 1699 4621; x_wconf 76' lang='lat' dir='ltr'>adalram</span> <span class='ocrx_word' id='word_1_202' title='bbox 1734 4548 1901 4634; x_wconf 81' lang='lat' dir='ltr'>domum</span> <span class='ocrx_word' id='word_1_203' title='bbox 2022 4526 2024 4528; x_wconf 44' lang='grc'><strong>’</strong></span> 
     </span>
    </p>
   </div>
   <div class='ocr_carea' id='block_1_6' title="bbox 267 4653 1922 5360">
    <p class='ocr_par' dir='ltr' id='par_1_8' title="bbox 267 4653 1922 5360">
     <span class='ocr_line' id='line_1_24' title="bbox 323 4653 1872 4760; baseline -0.001 -23"><span class='ocrx_word' id='word_1_204' title='bbox 323 4668 437 4740; x_wconf 89' lang='lat' dir='ltr'>dictae</span> <span class='ocrx_word' id='word_1_205' title='bbox 464 4653 618 4758; x_wconf 83' lang='lat' dir='ltr'>plateae,</span> <span class='ocrx_word' id='word_1_206' title='bbox 645 4676 681 4742; x_wconf 91' lang='lat' dir='ltr'>et</span> <span class='ocrx_word' id='word_1_207' title='bbox 699 4690 742 4742; x_wconf 83' lang='lat' dir='ltr'>ex</span> <span class='ocrx_word' id='word_1_208' title='bbox 761 4670 907 4743; x_wconf 79' lang='lat' dir='ltr'>adverso</span> <span class='ocrx_word' id='word_1_209' title='bbox 925 4690 989 4760; x_wconf 90' lang='lat' dir='ltr'>per</span> <span class='ocrx_word' id='word_1_210' title='bbox 1005 4671 1159 4760; x_wconf 82' lang='lat' dir='ltr'>plateam</span> <span class='ocrx_word' id='word_1_211' title='bbox 1177 4671 1222 4740; x_wconf 91' lang='lat' dir='ltr'>ad</span> <span class='ocrx_word' id='word_1_212' title='bbox 1240 4670 1377 4741; x_wconf 87' lang='lat' dir='ltr'>domum</span> <span class='ocrx_word' id='word_1_213' title='bbox 1397 4669 1599 4740; x_wconf 82' lang='lat' dir='ltr'>Lobszin</span> <span class='ocrx_word' id='word_1_214' title='bbox 1626 4676 1663 4739; x_wconf 90' lang='lat' dir='ltr'>et</span> <span class='ocrx_word' id='word_1_215' title='bbox 1681 4667 1872 4755; x_wconf 87' lang='lat' dir='ltr'>Michaelis,</span> 
     </span>
     <span class='ocr_line' id='line_1_25' title="bbox 319 4787 1874 4894; baseline -0.002 -34"><span class='ocrx_word' id='word_1_216' title='bbox 319 4808 411 4881; x_wconf 73' lang='lat' dir='ltr'>guae</span> <span class='ocrx_word' id='word_1_217' title='bbox 438 4787 646 4860; x_wconf 83' lang='lat' dir='ltr'>Schathowa</span> <span class='ocrx_word' id='word_1_218' title='bbox 672 4790 789 4878; x_wconf 91' lang='lat' dir='ltr'>platea</span> <span class='ocrx_word' id='word_1_219' title='bbox 815 4791 1023 4878; x_wconf 80' lang='lat' dir='ltr'>nominatur,</span> <span class='ocrx_word' id='word_1_220' title='bbox 1048 4787 1229 4879; x_wconf 82' lang='lat' dir='ltr'>contigeris</span> <span class='ocrx_word' id='word_1_221' title='bbox 1255 4788 1413 4894; x_wconf 28' lang='lat' dir='ltr'>plateam,</span> <span class='ocrx_word' id='word_1_222' title='bbox 1432 4788 1700 4860; x_wconf 86' lang='lat' dir='ltr'>Maszkonis</span> <span class='ocrx_word' id='word_1_223' title='bbox 1727 4788 1770 4860; x_wconf 90' lang='lat' dir='ltr'>ad</span> <span class='ocrx_word' id='word_1_224' title='bbox 1789 4789 1874 4858; x_wconf 91' lang='lat' dir='ltr'>aini-</span> 
     </span>
     <span class='ocr_line' id='line_1_26' title="bbox 323 4906 1922 4998; baseline 0.001 -22"><span class='ocrx_word' id='word_1_225' title='bbox 323 4913 431 4977; x_wconf 87' lang='lat' dir='ltr'>stram</span> <span class='ocrx_word' id='word_1_226' title='bbox 459 4928 580 4980; x_wconf 86' lang='lat' dir='ltr'>versus</span> <span class='ocrx_word' id='word_1_227' title='bbox 607 4907 874 4993; x_wconf 87' lang='lat' dir='ltr'>Prankasch</span> <span class='ocrx_word' id='word_1_228' title='bbox 912 4909 960 4980; x_wconf 93' lang='lat' dir='ltr'>ihi</span> <span class='ocrx_word' id='word_1_229' title='bbox 987 4930 1088 4981; x_wconf 90' lang='lat' dir='ltr'>suum</span> <span class='ocrx_word' id='word_1_230' title='bbox 1120 4909 1245 4980; x_wconf 85' lang='lat' dir='ltr'>finiens</span> <span class='ocrx_word' id='word_1_231' title='bbox 1270 4906 1433 4998; x_wconf 89' lang='lat' dir='ltr'>limitem,</span> <span class='ocrx_word' id='word_1_232' title='bbox 1469 4917 1713 4981; x_wconf 74' lang='lat' dir='ltr'>causantem</span> <span class='ocrx_word' id='word_1_233' title='bbox 1739 4908 1872 4981; x_wconf 82' lang='lat' dir='ltr'>Pran-</span> <span class='ocrx_word' id='word_1_234' title='bbox 1920 4947 1922 4950; x_wconf 81' lang='grc'><em>·</em></span> 
     </span>
     <span class='ocr_line' id='line_1_27' title="bbox 322 5026 1870 5120; baseline 0.002 -25"><span class='ocrx_word' id='word_1_235' title='bbox 322 5026 431 5096; x_wconf 82' lang='lat' dir='ltr'>hara</span> <span class='ocrx_word' id='word_1_236' title='bbox 458 5027 606 5116; x_wconf 80' lang='lat' dir='ltr'>plateam</span> <span class='ocrx_word' id='word_1_237' title='bbox 625 5028 805 5100; x_wconf 88' lang='lat' dir='ltr'>ducentem</span> <span class='ocrx_word' id='word_1_238' title='bbox 837 5050 959 5101; x_wconf 88' lang='lat' dir='ltr'>versus</span> <span class='ocrx_word' id='word_1_239' title='bbox 987 5029 1190 5120; x_wconf 83' lang='lat' dir='ltr'>Bytbom.</span> <span class='ocrx_word' id='word_1_240' title='bbox 1229 5029 1269 5100; x_wconf 91' lang='lat' dir='ltr'>In</span> <span class='ocrx_word' id='word_1_241' title='bbox 1298 5029 1414 5101; x_wconf 87' lang='lat' dir='ltr'>dotem</span> <span class='ocrx_word' id='word_1_242' title='bbox 1433 5029 1752 5120; x_wconf 86' lang='lat' dir='ltr'>quoqueeccleaiae</span> <span class='ocrx_word' id='word_1_243' title='bbox 1769 5045 1870 5117; x_wconf 89' lang='lat' dir='ltr'>prae-</span> 
     </span>
     <span class='ocr_line' id='line_1_28' title="bbox 267 5130 1873 5251; baseline 0.002 -35"><span class='ocrx_word' id='word_1_244' title='bbox 267 5130 270 5135; x_wconf 61' lang='grc'>’</span> <span class='ocrx_word' id='word_1_245' title='bbox 323 5145 415 5216; x_wconf 82' lang='lat' dir='ltr'>fatae</span> <span class='ocrx_word' id='word_1_246' title='bbox 451 5152 497 5239; x_wconf 90' lang='lat' dir='ltr'>et</span> <span class='ocrx_word' id='word_1_247' title='bbox 513 5149 724 5219; x_wconf 87' lang='lat' dir='ltr'>monasterio</span> <span class='ocrx_word' id='word_1_248' title='bbox 746 5149 943 5239; x_wconf 69' lang='lat' dir='ltr'>&#39;hospitalis</span> <span class='ocrx_word' id='word_1_249' title='bbox 979 5149 1015 5220; x_wconf 93' lang='lat' dir='ltr'>in</span> <span class='ocrx_word' id='word_1_250' title='bbox 1041 5151 1220 5240; x_wconf 87' lang='lat' dir='ltr'>primaeva</span> <span class='ocrx_word' id='word_1_251' title='bbox 1254 5151 1328 5220; x_wconf 92' lang='lat' dir='ltr'>eius</span> <span class='ocrx_word' id='word_1_252' title='bbox 1354 5149 1570 5251; x_wconf 85' lang='lat' dir='ltr'>fundatione,</span> <span class='ocrx_word' id='word_1_253' title='bbox 1597 5156 1693 5220; x_wconf 85' lang='lat' dir='ltr'>certa</span> <span class='ocrx_word' id='word_1_254' title='bbox 1718 5149 1811 5220; x_wconf 90' lang='lat' dir='ltr'>bona</span> <span class='ocrx_word' id='word_1_255' title='bbox 1836 5156 1873 5218; x_wconf 85' lang='lat' dir='ltr'>et</span> 
     </span>
     <span class='ocr_line' id='line_1_29' title="bbox 320 5266 1872 5360; baseline 0.001 -24"><span class='ocrx_word' id='word_1_256' title='bbox 320 5266 487 5348; x_wconf 20' lang='lat' dir='ltr'>*introitus</span> <span class='ocrx_word' id='word_1_257' title='bbox 514 5266 693 5339; x_wconf 88' lang='lat' dir='ltr'>demensa</span> <span class='ocrx_word' id='word_1_258' title='bbox 719 5269 907 5359; x_wconf 90' lang='lat' dir='ltr'>episcopali</span> <span class='ocrx_word' id='word_1_259' title='bbox 934 5269 1156 5341; x_wconf 75' lang='lat' dir='ltr'>cracoviensi</span> <span class='ocrx_word' id='word_1_260' title='bbox 1182 5290 1246 5360; x_wconf 92' lang='lat' dir='ltr'>per</span> <span class='ocrx_word' id='word_1_261' title='bbox 1262 5290 1325 5341; x_wconf 91' lang='lat' dir='ltr'>nos</span> <span class='ocrx_word' id='word_1_262' title='bbox 1343 5269 1488 5355; x_wconf 85' lang='lat' dir='ltr'>inferius</span> <span class='ocrx_word' id='word_1_263' title='bbox 1514 5269 1753 5356; x_wconf 86' lang='lat' dir='ltr'>describenda,</span> <span class='ocrx_word' id='word_1_264' title='bbox 1781 5289 1872 5338; x_wconf 89' lang='lat' dir='ltr'>anuo</span> 
     </span>
    </p>
   </div>
   <div class='ocr_carea' id='block_1_7' title="bbox 322 5385 1980 5480">
    <p class='ocr_par' dir='ltr' id='par_1_9' title="bbox 322 5385 1980 5480">
     <span class='ocr_line' id='line_1_30' title="bbox 322 5385 1980 5480; baseline 0.001 -23"><span class='ocrx_word' id='word_1_265' title='bbox 322 5385 461 5457; x_wconf 86' lang='lat' dir='ltr'>Domini</span> <span class='ocrx_word' id='word_1_266' title='bbox 483 5389 590 5459; x_wconf 76' lang='lat'>-1298</span> <span class='ocrx_word' id='word_1_267' title='bbox 627 5394 726 5460; x_wconf 83' lang='lat' dir='ltr'>sexta</span> <span class='ocrx_word' id='word_1_268' title='bbox 752 5390 885 5461; x_wconf 88' lang='lat' dir='ltr'>decima</span> <span class='ocrx_word' id='word_1_269' title='bbox 911 5389 1055 5461; x_wconf 86' lang='lat' dir='ltr'>Kalend.</span> <span class='ocrx_word' id='word_1_270' title='bbox 1091 5390 1177 5461; x_wconf 83' lang='lat' dir='ltr'>lolii</span> <span class='ocrx_word' id='word_1_271' title='bbox 1203 5390 1328 5480; x_wconf 88' lang='lat' dir='ltr'>donat,</span> <span class='ocrx_word' id='word_1_272' title='bbox 1354 5390 1514 5461; x_wconf 89' lang='lat' dir='ltr'>inscribit</span> <span class='ocrx_word' id='word_1_273' title='bbox 1548 5398 1585 5460; x_wconf 91' lang='lat' dir='ltr'>et</span> <span class='ocrx_word' id='word_1_274' title='bbox 1611 5389 1810 5478; x_wconf 75' lang='lat' dir='ltr'>consignat,</span> <span class='ocrx_word' id='word_1_275' title='bbox 1836 5394 1874 5459; x_wconf 87' lang='lat' dir='ltr'>et</span> <span class='ocrx_word' id='word_1_276' title='bbox 1972 5389 1980 5403; x_wconf 63' lang='lat'>¹</span> 
     </span>
    </p>
   </div>
   <div class='ocr_carea' id='block_1_8' title="bbox 291 5509 1977 6202">
    <p class='ocr_par' dir='ltr' id='par_1_10' title="bbox 291 5509 1977 6202">
     <span class='ocr_line' id='line_1_31' title="bbox 322 5509 1872 5600; baseline -0.001 -21"><span class='ocrx_word' id='word_1_277' title='bbox 322 5509 479 5597; x_wconf 85' lang='lat' dir='ltr'>quamvis</span> <span class='ocrx_word' id='word_1_278' title='bbox 514 5509 722 5600; x_wconf 87' lang='lat' dir='ltr'>praefatum.</span> <span class='ocrx_word' id='word_1_279' title='bbox 742 5513 988 5581; x_wconf 85' lang='lat' dir='ltr'>monasterium</span> <span class='ocrx_word' id='word_1_280' title='bbox 1022 5510 1278 5587; x_wconf 85' lang='lat' dir='ltr'>Slawkoviense</span> <span class='ocrx_word' id='word_1_281' title='bbox 1314 5512 1411 5582; x_wconf 86' lang='lat' dir='ltr'>venis</span> <span class='ocrx_word' id='word_1_282' title='bbox 1446 5511 1579 5600; x_wconf 92' lang='lat' dir='ltr'>plumbi</span> <span class='ocrx_word' id='word_1_283' title='bbox 1604 5509 1872 5584; x_wconf 78' lang='lat' dir='ltr'>foecunditatem</span> 
     </span>
     <span class='ocr_line' id='line_1_32' title="bbox 323 5610 1868 5725; baseline 0.001 -28"><span class='ocrx_word' id='word_1_284' title='bbox 323 5647 419 5698; x_wconf 91' lang='lat' dir='ltr'>suam</span> <span class='ocrx_word' id='word_1_285' title='bbox 440 5627 693 5725; x_wconf 82' lang='lat' dir='ltr'>deferentibus,</span> <span class='ocrx_word' id='word_1_286' title='bbox 713 5646 791 5703; x_wconf 72' lang='lat' dir='ltr'>una</span> <span class='ocrx_word' id='word_1_287' title='bbox 802 5631 1025 5721; x_wconf 88' lang='lat' dir='ltr'>cum-oppido</span> <span class='ocrx_word' id='word_1_288' title='bbox 1045 5630 1285 5702; x_wconf 83' lang='lat' dir='ltr'>Slavkoviensi</span> <span class='ocrx_word' id='word_1_289' title='bbox 1302 5610 1346 5702; x_wconf 79' lang='lat' dir='ltr'>ef</span> <span class='ocrx_word' id='word_1_290' title='bbox 1362 5633 1437 5702; x_wconf 86' lang='lat' dir='ltr'>eiua</span> <span class='ocrx_word' id='word_1_291' title='bbox 1455 5631 1663 5703; x_wconf 86' lang='lat' dir='ltr'>suburbanis</span> <span class='ocrx_word' id='word_1_292' title='bbox 1681 5631 1717 5700; x_wconf 89' lang='lat' dir='ltr'>iu</span> <span class='ocrx_word' id='word_1_293' title='bbox 1735 5629 1868 5699; x_wconf 83' lang='lat' dir='ltr'>dierum</span> 
     </span>
     <span class='ocr_line' id='line_1_33' title="bbox 323 5748 1871 5842; baseline 0.001 -26"><span class='ocrx_word' id='word_1_294' title='bbox 323 5766 523 5836; x_wconf 89' lang='lat' dir='ltr'>processum</span> <span class='ocrx_word' id='word_1_295' title='bbox 551 5748 756 5821; x_wconf 88' lang='lat' dir='ltr'>destitutum</span> <span class='ocrx_word' id='word_1_296' title='bbox 782 5748 888 5821; x_wconf 89' lang='lat' dir='ltr'>fuerit</span> <span class='ocrx_word' id='word_1_297' title='bbox 913 5759 950 5823; x_wconf 92' lang='lat' dir='ltr'>et</span> <span class='ocrx_word' id='word_1_298' title='bbox 968 5751 1193 5839; x_wconf 83' lang='lat' dir='ltr'>exinanitum,</span> <span class='ocrx_word' id='word_1_299' title='bbox 1219 5758 1256 5822; x_wconf 89' lang='lat' dir='ltr'>et</span> <span class='ocrx_word' id='word_1_300' title='bbox 1273 5752 1317 5821; x_wconf 89' lang='lat' dir='ltr'>ad</span> <span class='ocrx_word' id='word_1_301' title='bbox 1336 5751 1499 5842; x_wconf 90' lang='lat' dir='ltr'>oppidum</span> <span class='ocrx_word' id='word_1_302' title='bbox 1519 5752 1651 5840; x_wconf 89' lang='lat' dir='ltr'>regium</span> <span class='ocrx_word' id='word_1_303' title='bbox 1676 5749 1871 5825; x_wconf 81' lang='lat' dir='ltr'>illruacb</span> 
     </span>
     <span class='ocr_line' id='line_1_34' title="bbox 291 5865 1871 5964; baseline 0 -26"><span class='ocrx_word' id='word_1_304' title='bbox 291 5865 420 5959; x_wconf 33' lang='lat' dir='ltr'>‚faeta</span> <span class='ocrx_word' id='word_1_305' title='bbox 439 5866 545 5940; x_wconf 89' lang='lat' dir='ltr'>fuerit</span> <span class='ocrx_word' id='word_1_306' title='bbox 571 5868 644 5938; x_wconf 91' lang='lat' dir='ltr'>eius</span> <span class='ocrx_word' id='word_1_307' title='bbox 671 5872 871 5961; x_wconf 87' lang='lat' dir='ltr'>conversio,</span> <span class='ocrx_word' id='word_1_308' title='bbox 906 5891 969 5942; x_wconf 89' lang='lat' dir='ltr'>nos</span> <span class='ocrx_word' id='word_1_309' title='bbox 992 5876 1112 5964; x_wconf 66' lang='lat' dir='ltr'>⁴tamen</span> <span class='ocrx_word' id='word_1_310' title='bbox 1139 5869 1375 5943; x_wconf 91' lang='lat' dir='ltr'>fundationem</span> <span class='ocrx_word' id='word_1_311' title='bbox 1411 5879 1447 5941; x_wconf 91' lang='lat' dir='ltr'>et</span> <span class='ocrx_word' id='word_1_312' title='bbox 1473 5871 1686 5942; x_wconf 86' lang='lat' dir='ltr'>dotationem</span> <span class='ocrx_word' id='word_1_313' title='bbox 1721 5868 1871 5959; x_wconf 84' lang='lat' dir='ltr'>praefati</span> 
     </span>
     <span class='ocr_line' id='line_1_35' title="bbox 322 5967 1977 6081; baseline 0.001 -24"><span class='ocrx_word' id='word_1_314' title='bbox 322 5967 522 6060; x_wconf 72' lang='lat' dir='ltr'>nonasterii</span> <span class='ocrx_word' id='word_1_315' title='bbox 557 5996 593 6058; x_wconf 89' lang='lat' dir='ltr'>et</span> <span class='ocrx_word' id='word_1_316' title='bbox 616 5990 693 6061; x_wconf 91' lang='lat' dir='ltr'>eius</span> <span class='ocrx_word' id='word_1_317' title='bbox 730 5992 821 6063; x_wconf 86' lang='lat' dir='ltr'>bon‘a</span> <span class='ocrx_word' id='word_1_318' title='bbox 855 5991 986 6071; x_wconf 88' lang='lat' dir='ltr'>dotalia</span> <span class='ocrx_word' id='word_1_319' title='bbox 1020 5992 1259 6081; x_wconf 89' lang='lat' dir='ltr'>inpraesenti</span> <span class='ocrx_word' id='word_1_320' title='bbox 1291 5993 1441 6081; x_wconf 62' lang='lat' dir='ltr'>remstro</span> <span class='ocrx_word' id='word_1_321' title='bbox 1467 5991 1665 6063; x_wconf 86' lang='lat' dir='ltr'>describere</span> <span class='ocrx_word' id='word_1_322' title='bbox 1692 5989 1871 6076; x_wconf 84' lang='lat' dir='ltr'>voluimus,</span> <span class='ocrx_word' id='word_1_323' title='bbox 1974 6072 1977 6076; x_wconf 30' lang='grc'><strong>,</strong></span> 
     </span>
     <span class='ocr_line' id='line_1_36' title="bbox 320 6092 1870 6202; baseline 0.003 -25"><span class='ocrx_word' id='word_1_324' title='bbox 320 6107 614 6185; x_wconf 86' lang='lat' dir='ltr'>oblitterationem</span> <span class='ocrx_word' id='word_1_325' title='bbox 649 6108 753 6182; x_wconf 87' lang='lat' dir='ltr'>officii</span> <span class='ocrx_word' id='word_1_326' title='bbox 788 6119 825 6181; x_wconf 91' lang='lat' dir='ltr'>et</span> <span class='ocrx_word' id='word_1_327' title='bbox 861 6111 1013 6183; x_wconf 89' lang='lat' dir='ltr'>muneris</span> <span class='ocrx_word' id='word_1_328' title='bbox 1048 6119 1118 6182; x_wconf 74' lang='lat' dir='ltr'>mm</span> <span class='ocrx_word' id='word_1_329' title='bbox 1155 6113 1317 6202; x_wconf 85' lang='lat' dir='ltr'>insignis,</span> <span class='ocrx_word' id='word_1_330' title='bbox 1353 6111 1444 6201; x_wconf 85' lang='lat' dir='ltr'>qnod</span> <span class='ocrx_word' id='word_1_331' title='bbox 1482 6111 1658 6200; x_wconf 87' lang='lat' dir='ltr'>praefatus</span> <span class='ocrx_word' id='word_1_332' title='bbox 1692 6092 1870 6198; x_wconf 84' lang='lat' dir='ltr'>Jchannes</span> 
     </span>
    </p>
   </div>
   <div class='ocr_carea' id='block_1_9' title="bbox 166 6209 1872 6329">
    <p class='ocr_par' dir='ltr' id='par_1_11' title="bbox 166 6209 1872 6329">
     <span class='ocr_line' id='line_1_37' title="bbox 166 6209 1872 6329; baseline 0.006 -35"><span class='ocrx_word' id='word_1_333' title='bbox 166 6265 171 6273; x_wconf 44' lang='grc' dir='ltr'><strong>ι</strong></span> <span class='ocrx_word' id='word_1_334' title='bbox 321 6225 572 6302; x_wconf 83' lang='lat' dir='ltr'>Maskatha</span> <span class='ocrx_word' id='word_1_335' title='bbox 597 6231 779 6320; x_wconf 85' lang='lat' dir='ltr'>episcopus</span> <span class='ocrx_word' id='word_1_336' title='bbox 810 6230 1049 6329; x_wconf 79' lang='lat' dir='ltr'>Gracoviensis</span> <span class='ocrx_word' id='word_1_337' title='bbox 1077 6234 1286 6309; x_wconf 80' lang='lat' dir='ltr'>monasterio</span> <span class='ocrx_word' id='word_1_338' title='bbox 1313 6240 1349 6302; x_wconf 89' lang='lat' dir='ltr'>et</span> <span class='ocrx_word' id='word_1_339' title='bbox 1374 6209 1596 6321; x_wconf 80' lang='lat' dir='ltr'>pauperibus</span> <span class='ocrx_word' id='word_1_340' title='bbox 1610 6231 1743 6304; x_wconf 74' lang='lat' dir='ltr'>Christi</span> <span class='ocrx_word' id='word_1_341' title='bbox 1769 6250 1872 6321; x_wconf 84' lang='lat' dir='ltr'>praa·</span> 
     </span>
    </p>
   </div>
   <div class='ocr_carea' id='block_1_10' title="bbox 321 6350 1092 6440">
    <p class='ocr_par' dir='ltr' id='par_1_12' title="bbox 321 6350 1092 6440">
     <span class='ocr_line' id='line_1_38' title="bbox 321 6350 1092 6440; baseline 0.004 -20"><span class='ocrx_word' id='word_1_342' title='bbox 321 6350 479 6438; x_wconf 87' lang='lat' dir='ltr'>stiterat,</span> <span class='ocrx_word' id='word_1_343' title='bbox 506 6372 569 6440; x_wconf 89' lang='lat' dir='ltr'>pro</span> <span class='ocrx_word' id='word_1_344' title='bbox 588 6359 708 6423; x_wconf 86' lang='lat' dir='ltr'>nostra</span> <span class='ocrx_word' id='word_1_345' title='bbox 734 6350 898 6424; x_wconf 86' lang='lat' dir='ltr'>facultate</span> <span class='ocrx_word' id='word_1_346' title='bbox 925 6354 1092 6424; x_wconf 84' lang='lat' dir='ltr'>aversuri.</span> 
     </span>
    </p>
   </div>
   <div class='ocr_carea' id='block_1_11' title="bbox 0 0 2114 8054">
    <p class='ocr_par' dir='ltr' id='par_1_13' title="bbox 0 0 2114 8054">
     <span class='ocr_line' id='line_1_39' title="bbox 0 0 2114 8054; baseline 0 0"><span class='ocrx_word' id='word_1_347' title='bbox 0 0 2114 8054; x_wconf 95' lang='lat' dir='ltr'> </span> 
     </span>
    </p>
   </div>
  </div>
 </body>
</html>
