4217 8059
336 1647 513 1717 favoribus
541 1645 611 1731 nsi,
639 1644 804 1733 plurimas
831 1643 907 1713 loco
935 1642 1003 1730 illi,
1035 1649 1072 1712 et
1099 1641 1261 1711 universo
1289 1640 1403 1710 ordini
1430 1639 1604 1729 praefato,
1633 1662 1695 1729 per
1721 1642 1885 1711 universa

336 1769 477 1838 climata
503 1766 620 1836 mundi
648 1765 789 1852 diffuso,
817 1763 1038 1833 contulerunt
1065 1761 1317 1851 indulgentias,
1355 1761 1553 1850 libertates,
1590 1762 1823 1851 exemptiones
1850 1766 1886 1832 et

338 1890 589 1975 immunitates,
618 1906 704 1975 quae
731 1906 799 1955 non
827 1884 929 1972 alibi,
966 1904 1068 1973 quam
1096 1883 1131 1951 in
1158 1883 1233 1952 loco
1261 1881 1417 1972 praefato
1446 1882 1663 1973 originaliter
1690 1883 1754 1954 sub
1781 1882 1885 1953 bullis

337 2008 536 2101 apostolicis
573 2007 809 2093 eontinentur,
846 2005 977 2075 ordinis
1005 2012 1040 2075 et
1067 2004 1135 2075 loci
1163 2003 1402 2075 excellentiam
1430 2011 1466 2075 et
1492 2004 1771 2094 praerogativam
1798 2009 1886 2074 atte-

336 2131 518 2203 stantibus.
563 2128 686 2216 Coepit
712 2132 826 2197 autem
854 2126 939 2197 ordo
977 2126 1050 2215 ipse
1078 2126 1225 2214 primum
1259 2125 1350 2213 apud
1378 2124 1728 2215 Hyerosolimitanam
1755 2126 1886 2212 urbem,

337 2255 418 2325 dum
447 2256 561 2322 ortum
580 2254 616 2320 et
652 2248 869 2337 sepulchrum
898 2246 1029 2318 Christi
1057 2247 1227 2336 duplicem
1251 2244 1526 2317 Christianorum
1554 2251 1702 2335 portum,
1731 2247 1789 2336 qui
1807 2247 1887 2315 hac-

338 2382 440 2445 tenus
459 2393 527 2442 non
546 2372 620 2442 sine
639 2369 767 2440 saeculi
795 2369 907 2439 nostri
925 2375 962 2438 et
980 2367 1107 2438 aetatis
1135 2366 1277 2437 crimine
1305 2372 1340 2437 et
1366 2366 1533 2438 dedecore
1561 2373 1738 2457 perpetuo,
1765 2388 1887 2437 canum

336 2495 490 2564 calcatur
516 2490 680 2580 pedibus,
708 2510 825 2578 reges,
853 2488 1045 2578 principes,
1074 2487 1257 2577 optimates
1285 2493 1321 2558 et
1347 2488 1475 2559 milites
1502 2493 1663 2559 tenerent
1689 2487 1887 2575 christiani,

338 2623 374 2687 et
401 2613 647 2706 amplissimam
675 2609 746 2680 illic
763 2629 826 2699 pro
845 2597 1110 2698 eatempestate
1128 2609 1260 2679 habens
1288 2607 1413 2698 dotem,
1441 2608 1612 2698 hospitale
1640 2608 1711 2679 illic
1737 2607 1889 2679 habebat

339 2738 491 2826 insigne,
528 2735 562 2804 in
591 2752 658 2822 quo
686 2737 719 2801 et
747 2730 874 2800 milites
910 2735 1254 2829 propugnatoresque
1290 2729 1371 2800 fidei
1403 2735 1439 2800 et
1464 2730 1642 2820 religionis
1679 2730 1887 2801 christianae

339 2858 554 2944 habitabant,
582 2859 617 2924 et
635 2852 810 2942 peregrini
829 2872 871 2921 ex
890 2851 1132 2922 transmarinis
1159 2850 1318 2939 partibus
1339 2851 1382 2921 ad
1401 2851 1633 2927 defensionem
1660 2858 1775 2923 terrae
1804 2851 1888 2922 San-

339 2987 416 3051 ctae
444 2975 676 3060 advenientes,
703 2994 779 3043 cum
807 2972 937 3060 pietate
964 2972 1266 3061 recolligebantur,
1293 2972 1332 3041 in
1357 2994 1424 3062 quo
1444 2979 1479 3045 et
1498 2972 1695 3062 patriarcha
1713 2973 1748 3042 in
1768 2972 1889 3043 ordine

315 3094 460 3177 ¹eodem
487 3096 682 3168 habebatur
700 3114 763 3182 pro
783 3094 906 3182 capite,
934 3094 1050 3164 multis
1077 3092 1300 3165 facultatibus
1328 3093 1538 3182 Apostolicis
1567 3093 1736 3182 suffultus
1766 3100 1802 3165 et
1820 3091 1890 3163 fra-

217 3264 219 3269 ·
340 3229 411 3294 tres
440 3218 578 3309 plurimi
606 3236 668 3305 pro
688 3215 861 3302 membris,
890 3215 981 3285 inter
1009 3236 1095 3304 quos
1122 3215 1226 3285 etiam
1254 3215 1410 3286 nonnulli
1437 3214 1564 3285 milites
1592 3215 1626 3284 in
1655 3214 1889 3286 defensionem

269 3346 273 3357 '
339 3341 490 3413 civitatis
518 3343 553 3409 et
580 3343 696 3409 terrae
732 3335 879 3417 Sanctae
914 3335 1129 3406 fovebantur.
1170 3334 1301 3406 Verum
1328 3356 1404 3408 cum
1433 3335 1652 3426 exigentibus
1680 3335 1890 3407 facinoribus

238 3500 241 3511 ·
342 3461 609 3534 christianorum
647 3456 768 3526 civitas
804 3454 933 3543 inclyta
968 3454 1275 3545 Hyerusalem
1312 3464 1346 3526 et
1376 3457 1453 3528 loca
1480 3477 1580 3528 sacra
1619 3479 1682 3547 per
1709 3457 1889 3548 Agerenos

343 3587 447 3672 capta
474 3579 579 3667 foret,
621 3583 657 3648 et
683 3576 867 3646 barbarica
895 3576 1060 3664 spurcitie
1088 3574 1245 3662 foedata,
1282 3579 1597 3669 monasteriumque
1626 3579 1819 3669 praefatum
1846 3578 1890 3650 ab

342 3702 513 3794 ligarenis
536 3688 628 3769 ‘una'
645 3719 721 3768 cum
750 3695 1043 3768 inhabitatoribus
1080 3703 1115 3769 et
1141 3697 1315 3786 lapidibus
1351 3700 1540 3771 sanctuarii
1572 3700 1732 3788 deletum,
1760 3722 1892 3772 summa

342 3833 378 3896 et
406 3828 527 3894 vertex
554 3819 686 3891 ordims
714 3817 862 3908 praefati
890 3818 925 3889 in
954 3818 1213 3910 Myechoviensi
1250 3821 1460 3893 monasterio
1488 3822 1611 3892 relicta
1637 3822 1820 3912 remansit,
1856 3827 1892 3893 et

341 3946 377 4016 in
404 3945 494 4014 hanc
521 3941 612 4012 diem
639 3938 757 4011 lavore
785 3938 902 4010 divino
930 3946 1142 4029 perseverat,
1170 3941 1225 4011 eui
1253 3940 1358 4012 etiam
1386 3942 1502 4014 omnia
1519 3942 1732 4014 monasteria
1759 3942 1891 4014 ordinis

342 4063 489 4156 praefati
525 4063 560 4132 in
588 4061 770 4149 Poloniae,
807 4059 1008 4150 Hungariae
1035 4066 1072 4131 et
1098 4060 1285 4133 Bohemiae
1320 4064 1438 4153 regnis
1475 4063 1700 4136 consistentia
1736 4065 1892 4153 subsunt,

343 4189 467 4275 parent
495 4188 531 4254 et
557 4182 740 4270 obediunt,
768 4201 789 4251 a
816 4182 1014 4271 praeposito
1042 4181 1303 4272 Mpechoviensi
1339 4186 1554 4273 provisiones
1582 4193 1618 4257 et
1644 4186 1892 4274 institutiones,

344 4306 655 4394 destitutionesque
696 4303 848 4373 locorum
877 4309 912 4374 et
939 4302 1149 4374 charismata
1176 4304 1376 4394 suscipiunt.
1422 4306 1527 4378 Cuius
1564 4307 1701 4398 quidem
1728 4307 1893 4398 Myecho-

343 4428 472 4498 niensis
499 4425 701 4496 monasterii
729 4425 861 4512 primus
880 4430 916 4495 et
933 4424 1135 4515 principalis
1161 4424 1228 4496 fuit
1252 4425 1424 4518 fundator,
1451 4428 1577 4501 nobilis
1604 4435 1640 4529 et
1666 4428 1812 4519 insignis
1839 4450 1894 4498 sa-

343 4554 444 4637 trapa
471 4552 507 4617 et
533 4546 631 4616 miles
666 4543 689 4616 J
699 4546 839 4617 aksza
866 4545 917 4617 -de
953 4546 1186 4636 Myecbow
1222 4569 1265 4618 ex
1291 4548 1456 4620 Poloniae
1492 4553 1589 4623 ortus
1625 4572 1751 4641 reguo,
1787 4555 1823 4620 et
1850 4549 1892 4620 de

344 4668 508 4758 prosapia
533 4666 642 4737 nobili
660 4665 823 4738 Poloniae
851 4668 998 4738 militum
1027 4666 1194 4756 originem
1223 4667 1360 4738 ducens.
1388 4669 1454 4757 Qui
1473 4670 1570 4742 cuins
1592 4671 1753 4761 familiae,
1772 4671 1893 4742 domus

344 4796 381 4858 et
406 4787 544 4880 generis
571 4785 684 4873 fuerit,
713 4793 815 4856 etex
842 4807 910 4875 qua
937 4786 1119 4857 nobilitate
1146 4789 1299 4877 genitus,
1334 4789 1416 4860 licet
1443 4789 1598 4860 nonnulli
1624 4790 1722 4862 illum
1749 4798 1894 4881 propter

344 4929 467 4980 nomen
495 4903 518 4976 J
528 4905 667 4975 alrsza
700 4904 742 4975 de
771 4903 1031 4977 Griffonum
1068 4907 1169 4978 domo
1195 4929 1304 4998 genus
1332 4911 1500 4999 traxisse,
1532 4906 1599 5002 'per
1626 4911 1735 4983 solam
1771 4914 1888 4985 conie-

346 5036 487 5115 cturam,
515 5026 692 5096 fallibilem
719 5032 834 5096 tamen
853 5033 889 5097 et
906 5033 1052 5117 tenuem,
1080 5051 1155 5099 curn
1175 5030 1264 5100 etin
1283 5031 1360 5101 aliis
1379 5031 1538 5115 domibus
1564 5038 1602 5104 et
1628 5031 1768 5107 familiis
1794 5038 1892 5125 regni

346 5150 507 5221 Poloniae
536 5147 570 5217 id
599 5147 710 5235 ipsum
739 5168 873 5237 quoque
901 5149 1096 5236 reperiatur
1127 5172 1270 5239 nomen,
1307 5158 1484 5244 asserant,
1520 5153 1690 5226 incertum
1717 5156 1893 5227 babemus.

348 5270 380 5340 ls
409 5270 525 5359 itaque
552 5267 575 5337 J
585 5268 730 5339 aksza
763 5267 862 5339 miles
889 5267 1085 5358 polonicus,
1112 5291 1189 5341 cum
1216 5272 1352 5362 etipse
1380 5292 1457 5369 cum
1484 5276 1632 5347 caeteris
1658 5276 1829 5349 militibus
1857 5282 1893 5347 et

347 5388 663 5480 propugnatoribus
699 5386 921 5476 orthodoxis,
957 5388 993 5458 in
1021 5389 1253 5469 defensionem
1281 5393 1415 5475 Terrae,
1437 5392 1585 5468 Sanctae
1621 5392 1655 5466 H
1663 5399 1894 5488 yerosoli-

347 5532 455 5580 mam
483 5509 690 5598 advenisset,
718 5509 782 5580 sub
809 5514 973 5599 tempore,
1001 5532 1068 5600 quo
1096 5511 1255 5583 militiam
1281 5535 1377 5585 suam
1405 5535 1482 5587 cum
1509 5516 1587 5589 aliis
1614 5517 1779 5590 Poloniae
1806 5519 1895 5590 mili-

262 5639 268 5647 ’
347 5631 441 5703 tibus
469 5630 539 5700 illic
566 5631 731 5719 exercuit,
757 5629 925 5720 grandem
952 5630 1172 5703 devotionem
1199 5634 1243 5704 ad
1270 5637 1425 5707 ordinem
1453 5644 1489 5709 et
1515 5639 1718 5730 religionem
1744 5639 1893 5712 fratrum

347 5752 518 5824 Dominici
542 5752 722 5840 Sepulchri
749 5752 1058 5842 Hyerosolimitani
1081 5774 1123 5823 ex
1142 5756 1365 5827 conversione
1392 5758 1565 5850 diuturna,
1592 5767 1629 5832 et
1656 5783 1698 5831 ex
1725 5760 1798 5833 vita
1824 5762 1895 5835 fra-

347 5880 439 5945 trum
467 5873 628 5962 religiose
656 5873 747 5962 apud
774 5872 1081 5962 Hyerusalem
1108 5880 1195 5964 acta,
1223 5879 1390 5967 concepit,
1417 5877 1497 5953 dnm
1516 5883 1719 5953 monasterii
1746 5884 1895 5973 praefati

349 5993 658 6083 Hyerosolimitani
685 5994 794 6067 frater
813 5993 1005 6066 Monachus
1032 5997 1180 6086 nomine,
1207 5995 1298 6070 foret
1325 6000 1533 6088 patriarcba.
1561 6002 1627 6092 Qui
1653 6005 1688 6074 in
1715 6004 1895 6077 Poloniam

333 6101 526 6205 'reversum
562 6115 722 6186 ardorem
750 6115 944 6187 devotionis
971 6116 1162 6207 effundens,
1200 6117 1378 6192 Christum
1405 6122 1604 6210 patrimonii
1632 6127 1685 6196 sui
1712 6127 1894 6200 haeredem

346 6236 551 6326 relicturus,
587 6238 622 6306 in
651 6236 791 6327 villagio
819 6238 1001 6329 principali
1029 6241 1229 6329 patrimonii
1256 6243 1310 6340 sui
1335 6242 1376 6312 M
1384 6245 1588 6337 yech0W,
1625 6249 1716 6338 quod
1743 6270 1832 6321 nunc
1860 6251 1894 6321 in

348 6357 552 6446 populosum
589 6358 751 6449 oppidum
788 6359 943 6431 videmus
979 6362 1193 6450 excrevisse,
1230 6361 1272 6434 de
1308 6385 1477 6438 consensu
1513 6372 1549 6439 et
1575 6370 1715 6464 speciali
1752 6369 1896 6441 scientia
