4217 8059
578 1461 746 1545 390,

575 1667 810 1739 radice
862 1686 991 1757 per
1041 1665 1532 1739 monasterium
1567 1664 1812 1736 locata
1866 1668 1990 1736 est.
2043 1663 2125 1735 In
2180 1683 2317 1754 qua
2338 1668 2515 1735 -sunt
2549 1662 2728 1733 lanei
2766 1661 3251 1752 cmetbonales,
3284 1665 3358 1733 et
3391 1659 3687 1752 quilibet

574 1807 702 1877 pro
756 1808 986 1859 annuo
1037 1807 1248 1858 censu
1301 1775 1512 1858 solvit
1564 1841 1579 1855 .
1618 1840 1633 1856 .
1670 1841 1720 1873 .,
1772 1787 1936 1857 item
1994 1806 2161 1875 ova,
2215 1785 2381 1857 item
2437 1804 2694 1872 caseoS‚
2746 1784 2913 1855 item
2964 1783 3227 1874 gallos3
3257 1783 3448 1856 ‘item
3518 1787 3686 1865 sunt

575 1908 681 1993 ibi¹
727 1907 905 1979 duae
932 1900 1295 1979 ‘tabernae
1364 1907 1701 1979 habentes
1773 1926 2014 1996 agroS,
2069 1913 2140 1976 et
2197 1905 2548 1995 quaelibet
2601 1903 2811 1977 solvit
2861 1923 3067 1977 unam
3120 1908 3461 1994 marcam,
3512 1904 3684 1977 item

583 2086 595 2098 .
635 2086 648 2098 .
687 2048 708 2098 .*
867 2028 1056 2118 seph
1112 2029 1276 2098 item
1332 2032 1437 2099 est
1491 2027 1587 2099 ibi
1640 2026 2137 2115 molendinum,
2189 2026 2276 2097 de
2331 2047 2466 2116 quo
2520 2025 2888 2097 solvuntur
2940 2045 3301 2097 mensurae
3354 2045 3483 2115 pro
3537 2046 3687 2096 mo-

391 2147 404 2157 '
453 2169 454 2200 ¹
579 2150 907 2246 nantario.
960 2150 1136 2218 Item
1192 2150 1523 2219 scoltetus
1576 2153 1686 2218 est
1737 2146 1869 2236 ibi,-
1924 2147 2191 2219 habens
2229 2200 2245 2216 .
2283 2201 2297 2215 .
2336 2201 2352 2217 .
2406 2146 2579 2217 Item
2634 2146 2905 2218 decima
2956 2146 3337 2236 pecunialis
3372 2146 3687 2217 solvitur

573 2270 663 2346 ‚de
715 2270 1036 2346 amnibus
1092 2270 1280 2358 agris
1336 2254 1749 2339 monasterio
1802 2266 2442 2359 Coprzywniczensi
2497 2287 2623 2356 per
2675 2287 2796 2339 sex
2832 2286 3121 2357 grossos
3156 2271 3229 2337 et
3264 2321 3281 2336 .
3318 2320 3333 2336 .
3371 2320 3388 2337 .
3423 2287 3549 2357 per
3577 2320 3594 2337 .
3622 2320 3639 2336 .
3668 2320 3684 2335 .

515 2348 875 2466 *aterum
932 2410 1352 2482 granam-um,
1405 2396 1527 2460 aut
1578 2409 1704 2479 per
1756 2395 1913 2460 octo
1970 2389 2373 2460 communis.
2427 2387 2747 2460 Confluat
2801 2407 2955 2459 cum
3009 2387 3195 2459 villis
3232 2442 3248 2458 .
3286 2441 3302 2458 .
3340 2442 3357 2458 .

712 2522 714 2525 ’
787 2510 1092 2591 Nrszffl
1152 2510 1438 2599 Lassa,
1492 2510 1656 2581 villa
1709 2511 1839 2581 sub
1879 2508 2221 2599 'parochia
2271 2509 2604 2606 ecclesiae
2657 2508 2743 2580 de
2780 2561 3012 2580 .....
3067 2509 3225 2598 sita,
3275 2509 3470 2581 cuius
3524 2529 3687 2600 pro-

453 2686 454 2712 }
551 2634 860 2722 prietes„
899 2638 972 2702 et
1028 2630 1398 2702 dominium
1454 2629 1543 2700 ad
1597 2630 2090 2701 monasterium
2149 2628 2804 2721 Goprzywniczense
2857 2630 3179 2720 pertinet.
3232 2629 3312 2700 In
3348 2649 3489 2720 qua
3522 2634 3689 2701 sunt

453 2723 454 2788 3
579 2753 767 2830 lanei
819 2754 1284 2822 cmetlwnales
1308 2806 1322 2838 ‚,
1375 2757 1448 2823 et
1500 2752 1586 2822 de
1640 2751 1958 2823 omnibus
2021 2750 2319 2823 solvitur
2371 2750 2456 2823 de
2510 2771 2722 2823 censu
2777 2771 3006 2823 annuo
3045 2805 3062 2820 .
3100 2804 3115 2820 .
3153 2805 3168 2820 .
3206 2804 3261 2839 ,‚
3313 2751 3481 2823 item
3535 2771 3689 2838 ova,

575 2874 743 2971 'item
819 2874 996 2942 casei
1020 2926 1036 2958 Ἴ,
1112 2874 1268 2942 item
1344 2871 1526 2961 galli.
1598 2870 1770 2941 Item
1844 2870 2113 2943 decima
2176 2871 2564 2962 ,pecunialis
2618 2871 2935 2947 solvitur
2987 2870 3074 2942 de
3127 2871 3445 2943 omnibus
3496 2871 3688 2960 agris

581 2993 1006 3065 monasterio
1085 2991 1722 3083 Goprzywniczensi
1743 3047 1760 3080 ,
1831 2972 1940 3062 de'
1990 2991 2301 3082 quolibet
2372 2991 2570 3062 laneo
2644 3012 2771 3082 per
2842 3013 2963 3064 sex
3032 2973 3317 3082 grossos
3385 2990 3689 3063 latorum

577 3131 979 3202 grossorum
1032 3111 1505 3202 Pragensium‚
1559 3118 1681 3183 aut
1733 3132 1860 3202 per
1911 3119 2070 3185 octo
2124 3132 2406 3202 grossos
2456 3115 2859 3185 communis.
2912 3101 3234 3185 Confluat
3287 3132 3441 3185 cum
3497 3111 3684 3184 villis

787 3354 1258 3444 Zsoorszmi,
1312 3352 1479 3426 villa
1531 3354 1660 3426 sub
1714 3354 2048 3444 parocbia
2095 3354 2430 3425 ecclesiae
2483 3353 2571 3425 de
2609 3408 2624 3424 .
2661 3408 2678 3425 .
2715 3410 2731 3425 .
2768 3409 2783 3425 .
2821 3355 2991 3444 sita,
3047 3355 3242 3427 cuius
3295 3355 3689 3446 proprietas

581 3475 671 3565 ad
723 3475 1126 3546 coenobium
1183 3475 1488 3565 pertinet
1542 3473 2216 3566 Coprzywniczense.
2271 3475 2349 3546 In
2405 3494 2543 3565 qua
2596 3481 2759 3547 sunt
2813 3475 2994 3547 lanei
3046 3473 3557 3563 cmetlionales3
3612 3480 3688 3547 et

580 3597 669 3669 de
703 3596 1059 3685 omnibus,
1111 3594 1516 3683 singillatim
1570 3596 1658 3666 de
1712 3595 2024 3685 quolibet
2077 3596 2373 3667 solvitur
2427 3615 2555 3685 pro
2609 3582 2818 3667 censu
2872 3616 3100 3668 annuo
3138 3651 3153 3666 .
3191 3651 3207 3666 .
3244 3619 3299 3683 .;
3353 3597 3518 3668 item
3572 3601 3687 3669 est

583 3718 681 3788 ibi
733 3717 1050 3803 scoltetia
1119 3717 1383 3788 liabens
1454 3717 1628 3788 duos
1680 3717 1950 3805 laneoS,
2007 3718 2171 3788 item
2226 3738 2435 3788 unum
2496 3714 2959 3789 molendinum
2982 3772 2999 3804 ‚
3052 3718 3238 3807 quod
3291 3716 3503 3788 solvit
3554 3718 3690 3789 sibi

583 3843 731 3909 tres
803 3852 1106 3926 marcas,
1170 3844 1295 3908 aut
1365 3837 1721 3909 duodecim
1791 3858 2093 3927 grossos,
2183 3837 2356 3908 Item
2431 3838 2828 3909 cmethones
2896 3843 3102 3910 arant
3171 3845 3245 3927 et
3312 3838 3692 3929 disponunt

585 3958 867 4046 digeria,
922 3966 1062 4031 tam
1120 3978 1247 4048 pro
1301 3962 1583 4047 aestate,
1638 3979 1840 4049 quam
1897 3935 2024 4048 pro
2079 3959 2341 4049 hyeme.
2395 3959 2571 4030 Item
2623 3959 2894 4031 decima
2928 3960 3308 4050 pecunialis
3345 3959 3433 4030 de
3466 3961 3689 4034 omni-

586 4080 716 4151 bus
769 4079 957 4178 agris
1012 4078 1307 4163 solvitur
1358 4080 1596 4152 abbati
1650 4078 2307 4170 Coprzywniczensi.
2361 4078 2689 4153 Confluat
2731 4100 2888 4152 cum
2943 4081 3180 4164 villis.
3219 4136 3235 4150 .
3272 4134 3288 4150 .
3768 4060 3775 4067 ’

792 4200 1217 4287 ΡΒΥΒΤΑΤΠ,
1275 4200 1620 4291 oppidum,
1674 4202 1744 4272 in
1799 4221 1934 4291 quo
1985 4206 2098 4272 est
2142 4202 2444 4277 ‚ecclesia
2496 4202 2915 4292 parochialis
2969 4182 3234 4292 lig‘nea,
3288 4203 3483 4275 cuius
3537 4204 3691 4275 uui-

583 4343 708 4393 cus
760 4327 868 4391 est
920 4321 1212 4391 collator
1263 4326 1335 4391 et
1389 4302 1721 4411 patronus
1775 4322 1991 4393 abbas
2045 4329 2120 4393 et
2172 4328 2550 4394 conventus
2605 4321 3298 4415 Coprzywniczensis,
3332 4323 3518 4415 quod
3550 4326 3693 4411 etsi

588 4441 929 4532 quondam
1012 4440 1222 4512 fuerit
1301 4442 1565 4530 regium
1585 4496 1603 4531 ‚
1682 4442 1752 4511 in
1834 4447 2090 4514 sortem
2162 4449 2403 4514 -tamen
2485 4451 2882 4535 perpetuam
2975 4445 3307 4515 coenobio
3385 4443 3693 4536 Ooprzy-

586 4563 970 4651 wniczensi‚
1025 4562 1191 4633 dato
1246 4563 1499 4653 oppido
1551 4562 1597 4654 J
1618 4583 1878 4634 assze
1901 4564 1944 4654 1,
2001 4585 2125 4654 per
2178 4567 2780 4638 commutationem
2839 4567 3146 4662 accessit.
3201 4565 3280 4637 In
3335 4587 3470 4657 quo
3527 4572 3695 4638 sunt

584 4684 768 4755 lanei
821 4683 1059 4755 civiles
1080 4739 1097 4772 ‚
1157 4689 1233 4755 et
1288 4684 1578 4774 quilibet
1630 4684 1841 4757 solvit
1894 4706 2022 4774 pro
2076 4706 2306 4797 annuo
2361 4707 2568 4757 censu
2607 4741 2621 4757 .
2659 4743 2675 4759 .
2715 4742 2730 4757 .
2768 4743 2782 4758 .
2836 4687 3011 4760 Item
3067 4707 3151 4763 ex
3206 4689 3396 4778 agris
3438 4689 3696 4779 oppidi

586 4804 880 4894 praefati
935 4806 1230 4878 solvitur
1283 4805 1576 4877 decima.-
1619 4804 2080 4879 Commutatio
2136 4807 2306 4878 haec
2360 4807 2544 4878 facta
2578 4813 2689 4880 est
2723 4829 2848 4898 per
2883 4808 3456 4882 Heli-zabeth
3493 4796 3695 4883 Hun-

586 4928 825 5014 gariae
878 4927 1190 5017 reginam
1254 4927 1393 4998 137
1401 4929 1468 4998 4.
2384 4932 2399 4943 ⁴

793 5046 1306 5136 Korr'ruowti,
1363 5045 1526 5118 villa
1577 5046 1704 5118 sub
1760 5048 2092 5137 parochia
2144 5048 2479 5120 ecclesiae
2531 5048 2618 5120 de
2672 5049 3252 5123 Szrzanczin·
3288 5052 3444 5140 sita,
3478 5070 3691 5142 qum

587 5188 740 5238 cum
814 5168 970 5238 aliis
1043 5166 1640 5256 villis,‚videlicet
1712 5168 2214 5258 Rzanczin‚
2267 5169 2974 5261 Waclinyowka,
3028 5172 3694 5264 Stanowiscze‚

587 5287 813 5359 media
867 5293 1068 5378 parte
1122 5287 1497 5380 Lubnye
1549 5296 1622 5360 et
1674 5289 1901 5360 media
1953 5295 2156 5380 parte
2210 5290 2574 5381 Lascze,
2631 5291 2886 5365 Paulus
2921 5293 3096 5364 alias
3132 5292 3549 5365 Passzko
3600 5292 3693 5366 de

588 5408 998 5498 Bogoria
1051 5430 1232 5480 anno
1285 5410 1560 5480 Domini
1627 5410 1840 5499 1388,
1897 5411 1966 5481 in
2023 5410 2135 5481 dic
2192 5411 2484 5483 Sanctae
2538 5412 2970 5504 Helizabcth,
3006 5413 3524 5491 Cracoviae
3574 5434 3693 5485 co·

577 5550 734 5601 ¹ram
790 5530 1188 5621 Hedvigi
1262 5531 1502 5622 regina
1575 5530 1940 5620 Poloniae,
1993 5552 2120 5622 pro
2176 5534 2579 5623 octuaginta
2632 5524 2909 5607 marcis'
2937 5535 3233 5616 latorum
3287 5552 3693 5626 grossorum

587 5650 1033 5741 Pragensium
1093 5653 1404 5726 vendidit
1457 5660 1528 5724 et
1579 5653 1976 5741 resignavit„
2032 5653 2109 5724 In
2167 5675 2303 5744 qua
2357 5662 2520 5726 sunt
2574 5656 2774 5745 lanei,
2829 5664 2903 5727 et
2956 5657 3248 5745 quilibet
3282 5657 3492 5729 solvit.
3530 5713 3544 5727 .
3582 5712 3597 5729 .
3630 5708 3693 5749 7,

589 5772 750 5871 item
809 5794 958 5861 ova,
1012 5774 1176 5844 item
1231 5773 1417 5862 galli,
1472 5774 1634 5867 item
1692 5774 1891 5861 casei,
1946 5774 2107 5846 item
2166 5774 2450 5847 decima.
2505 5775 2822 5869 Confluat
2859 5797 3014 5848 cum
3069 5772 3359 5848 villis..
3399 5832 3415 5847 .

797 5894 1148 5981 Bauium,
1203 5894 1366 5963 villa
1437 5894 1900 5982 parochialem
1975 5896 2331 5968 ecclesiam
2408 5898 2670 5971 babens
2722 5898 2793 5968 in
2848 5919 2923 5968 se
2977 5899 3221 5987 sitam,
3274 5900 3473 5970 cuius
3516 5918 3689 5989 ‚pro-

589 6015 852 6104 prietas
908 6014 994 6085 ad
1050 6015 1543 6084 monasterium
1616 6013 2269 6105 Coprzywniczense
2343 6019 2665 6108 pertinet.
2738 6019 2816 6089 In
2873 6041 3008 6109 qua
3062 6025 3223 6091 sunt
3275 6019 3459 6091 lanei
3513 6040 3699 6093 cmc-

586 6135 923 6223 thonales‚
978 6142 1048 6205 et
1102 6134 1391 6224 quilibet
1446 6155 1573 6224 pro
1626 6157 1854 6225 annuo
1909 6157 2118 6215 censu
2175 6138 2381 6210 solvit.
2418 6193 2433 6208 .
2473 6193 2486 6207 .
2525 6192 2576 6227 .,
2631 6140 2794 6209 item
2854 6140 3093 6229 gallos,
3131 6141 3297 6231 item
3335 6148 3495 6229 οἷα,
3522 6141 3691 6213 item

587 6277 844 6344 casem,
899 6258 1064 6326 item
1119 6250 1384 6327 decima
1436 6256 1730 6327 solvitur
1767 6301 1784 6326 .-
1818 6312 1833 6327 .
1874 6313 1887 6327 .
1925 6258 2244 6330 Confluat
2297 6280 2447 6330 cuin
2503 6259 2687 6329 villis
2727 6316 2739 6330 .
2781 6316 2792 6329 .
2833 6316 2846 6330 .
2883 6260 3209 6350 Obligata
3262 6263 3688 6333 monasterio

590 6396 715 6467 per
769 6375 1130 6449 Nicolaum
1181 6377 1270 6449 de
1305 6377 1933 6470 Szkothnyky‚
1972 6399 2205 6473 coram
2244 6379 2742 6489 Vla'dislao
2797 6383 3098 6475 secundo
3134 6381 3469 6456 Poloniac
3504 6402 3691 6473 rege,
