4217 8059
314 1477 363 1547 52

289 1683 506 1771 praesentis
532 1681 700 1770 temporis
736 1701 838 1770 quam
874 1679 982 1752 futuri
1016 1684 1139 1751 tenore
1176 1680 1409 1770 praesentium
1435 1679 1638 1751 innotescat.
1686 1678 1774 1767 Quia
1801 1699 1866 1750 nos

314 1802 523 1892 Zegotha
552 1801 759 1872 castellanus
786 1800 1027 1873 Graooviensis
1064 1801 1107 1871 dc
1135 1802 1331 1873 voluntario
1359 1821 1530 1872 consensu
1557 1807 1593 1870 et
1620 1800 1774 1871 unanimi
1802 1821 1863 1870 vo·

251 2019 254 2023 4
313 1923 446 1994 luntate
483 1922 630 1994 filiorum
653 1927 851 1993 nostrorum
879 1920 1043 1993 Otthonis
1071 1927 1106 1992 et
1132 1921 1326 2011 Zakliczae,
1353 1942 1416 2012 pro
1444 1921 1555 1993 salute
1583 1921 1774 1992 animarum
1801 1942 1864 1992 no-

288 2085 289 2088 =
314 2050 474 2132 strarum,
501 2043 622 2114 damus
640 2048 677 2114 et
694 2043 911 2114 concedimus
939 2042 1042 2140 titulo
1070 2048 1259 2133 perpetuae
1277 2042 1473 2114 donationis
1500 2041 1667 2113 fratribus
1686 2041 1865 2113 cruciferis

314 2164 435 2235 domus
463 2163 720 2252 Gracoviensis,
757 2164 888 2235 ordinis
915 2162 1031 2234 Sancti
1059 2161 1229 2253 Spiritus,
1264 2184 1328 2257 pro
1360 2163 1529 2253 hospitali
1556 2163 1789 2235 construendo
1825 2184 1865 2233 ac

307 2284 515 2375 'complendo
541 2285 577 2355 in
605 2284 748 2357 civitate
773 2283 1060 2373 Sandomiriensi,
1095 2284 1139 2354 ad
1167 2284 1453 2355 sustentationem
1489 2304 1679 2374 pauperum
1708 2283 1864 2355 intirmo-

313 2426 408 2495 rum,
444 2412 481 2477 et
506 2405 551 2492 ad
577 2405 793 2495 recipiendos
829 2405 1055 2481 advenientes
1090 2405 1264 2495 quoslibet
1299 2425 1469 2495 pauperes
1505 2405 1729 2495 peregrinos,
1756 2413 1792 2475 et
1819 2406 1862 2475 ad

313 2525 559 2616 perficiendum
586 2527 676 2597 sicut
703 2505 882 2597 consvevit
907 2526 994 2597 alias
1021 2525 1099 2611 fieri
1124 2526 1160 2596 in
1188 2526 1262 2616 ipso
1291 2546 1397 2616 opera
1424 2526 1593 2614 caritatis,
1621 2525 1665 2596 ad
1692 2527 1863 2615 provisio-

281 2651 392 2719 'nem
420 2652 456 2719 et
482 2647 760 2737 procurationem
788 2647 952 2735 ipsorum,
980 2646 1081 2719 villas
1099 2653 1249 2738 nostras,
1275 2667 1379 2726 unam
1401 2628 1496 2738 ¹quae
1522 2645 1700 2738 Schycb
1727 2647 1864 2736 dicitur,

217 2784 223 2797 ·
313 2768 406 2869 inter
446 2767 746 2873 Samborzecz
786 2773 822 2838 et
858 2767 1089 2857 Zlotbam‚
1130 2768 1253 2858 aliam,¹
1292 2788 1381 2858 quae
1417 2765 1642 2840 Glaszow'
1670 2768 1861 2858 vulgariter

287 2893 547 2979 nuncupatur,
570 2908 687 2980 ,quam
727 2888 852 2960 nobilis
879 2887 933 2958 vir
960 2887 1123 2985 Pollia,
1157 2887 1251 2959 filius
1278 2888 1449 2978 quondam
1477 2888 1680 2967 Falislai
1717 2888 1862 2961 11111-

313 3009 454 3098 dowe,
490 3009 589 3080 nobis
625 3029 689 3099 pro
717 3007 953 3080 satisfactione
980 3009 1094 3098 neptis
1121 3015 1279 3097 nostrae,
1316 3030 1417 3097 quam
1454 3009 1606 3098 peccatis
1642 3009 1861 3099 exigentibus

312 3129 495 3220 interiecit,
522 3132 558 3201 in
584 3130 732 3220 publicis
759 3129 856 3200 dedit
883 3136 919 3201 et
945 3130 1137 3220 assignavit
1163 3129 1358 3221 colloquiis,
1385 3130 1421 3228 in
1448 3131 1524 3220 pios
1550 3152 1634 3202 usus
1659 3137 1864 3203 converten-

311 3250 400 3340 dam,
427 3271 490 3340 pro
516 3271 667 3349 snorum⁸
677 3254 713 3323 et
730 3251 804 3321 eius
822 3250 935 3341 neptis
954 3256 1096 3321 nostrae
1116 3251 1268 3322 remedio
1286 3256 1516 3340 peccatorum.
1542 3250 1591 3321 Et
1608 3251 1739 3340 sylvam
1758 3272 1862 3323 unam

311 3392 400 3461 quae
427 3378 571 3445 vocatur
597 3371 797 3460 Zawirb,
824 3344 938 3443 sitam
954 3358 1055 3442 iuxta
1080 3370 1259 3445 Vislam
1285 3391 1394 3461 prppe
1420 3370 1617 3462 Zlotam,
1649 3392 1726 3443 oum
1753 3373 1862 3443 omni-

311 3493 377 3564 bus
403 3494 474 3564 suis
501 3493 705 3581 redditibus,
745 3492 965 3581 utilitatibus,
992 3490 1227 3563 usufructibus
1255 3499 1291 3563 et
1317 3493 1747 3582 pertinentiis‚.-.universis,
1774 3494 1860 3565 nihil
1949 3539 1956 3545 -

304 3613 451 3686 omnino
487 3634 549 3684 nec
577 3613 685 3702 nobis,
699 3633 776 3702 ‚nec
802 3611 883 3684 filiis
910 3614 1040 3684 nostris
1068 3613 1275 3702 praedictis,
1302 3614 1338 3684 in
1365 3613 1457 3685 villis
1484 3617 1526 3710 et
1546 3612 1646 3707 sylva
1671 3616 1860 3705 praetactis

312 3732 559 3805 inrisfactionis
585 3754 626 3805 ac
652 3734 795 3805 dominii
822 3734 858 3805 in
885 3740 1063 3823 posterum
1091 3734 1323 3824 reservando,
1350 3734 1420 3823 ita,
1449 3739 1489 3806 ut
1514 3733 1801 3825 idememagister
1827 3741 1864 3805 et

311 3854 438 3952 fratres
464 3856 647 3945 hospitalis
674 3854 981 3944 Sandomiriensis,
1017 3856 1054 3926 in
1089 3856 1182 3925 villis
1217 3855 1347 3927 eisdem
1375 3875 1416 3927 ac
1442 3855 1558 3945 sylva,
1593 3852 1860 3959 faciendiquod
1930 3918 1932 3925 .

312 3976 530 4053 decreverint
556 3996 619 4065 pro
646 3950 833 4047 commodis
850 3996 891 4046 ac
908 3976 1120 4048 utilitatibus
1146 3977 1228 4064 suia,
1255 3983 1291 4048 et
1317 3975 1532 4048 infirmorum
1559 3976 1862 4073 ibidenmxisten·

311 4097 415 4184 tium,
451 4097 619 4168 habeant
640 4096 775 4186 plenam
803 4103 839 4167 et
866 4083 1096 4167 omnimodam
1125 4096 1161 4166 in
1189 4101 1393 4186 perpetuum
1430 4101 1649 4186 potestatem.
1687 4068 1727 4169 ln
1764 4099 1861 4169 cuius
1933 4095 1935 4099 ’

310 4216 508 4288 donationis
535 4223 674 4318 nostrae
702 4237 884 4305 perennem
914 4218 1113 4288 memoriam
1132 4224 1168 4287 et
1186 4216 1395 4287 evidentiam
1422 4217 1616 4307 certiorem,
1643 4225 1860 4308 praesentem

124 4368 126 4372 ·
199 4355 200 4363 ¹
249 4378 251 4381 ·
300 4339 471 4430 ⁴paginam
499 4338 604 4409 scribi
631 4336 884 4435 mandavimus,
921 4344 957 4410 et
983 4337 1176 4428 sigillomm
1205 4337 1351 4409 illustris
1378 4337 1545 4427 principis
1562 4338 1701 4410 >domini
1730 4338 1861 4411 Bole-

311 4459 419 4548 slai,
446 4458 511 4530 Dei
537 4458 650 4559 gratia
678 4457 774 4531 ducis
801 4457 1005 4548 Opoliensis,
1033 4458 1288 4547 capitaneatum
1316 4455 1579 4533 Gracovieusem
1611 4460 1774 4548 tenentis,
1802 4481 1860 4530 ve·

310 4580 475 4651 nerabilis
492 4579 527 4649 in
547 4577 685 4650 Christo
712 4580 824 4668 patris
842 4580 971 4651 domini
998 4578 1021 4649 J
1031 4579 1230 4650 ohannis
1257 4579 1410 4668 episcopi
1438 4577 1686 4669 Graooviensis,
1715 4580 1858 4669 capituli

309 4698 641 4771 maioris-ecclesiae
668 4700 743 4770 eius
771 4700 975 4787 munimine,
1010 4720 1144 4769 necnon
1171 4704 1208 4769 et
1234 4700 1345 4777 nostri
1373 4683 1776 4791 appensione·duximus
1803 4723 1860 4773 ro·

306 4819 510 4891 borandam.

953 5110 1214 5177 auunculum.

416 5303 540 5382 Prima
569 5302 693 5393 vinea,
721 5313 843 5379 vocata
861 5307 1124 5381 Thuszliowska
1142 5306 1228 5380 alias
1245 5304 1490 5398 Radluzinslca
1518 5308 1633 5387 iacens
1659 5331 1766 5401 penes
1784 5316 1857 5383 tor-

310 5439 444 5503 rentem
472 5431 664 5522 Pysozel
702 5430 737 5500 in
765 5429 931 5500 suburbio
959 5430 1077 5519 oppidi
1106 5429 1394 5507 Sandomiriensis
1422 5431 1501 5516 sita,
1538 5412 1634 5502 cuius
1656 5433 1857 5521 ¹proprietas

311 5554 354 5624 ad
381 5553 628 5624 monasterium
654 5550 837 5640 hospitalis
864 5549 981 5622 Sancti
995 5551 1145 5641 Spiritus
1172 5551 1208 5621 11
1235 5549 1531 5623 Sandomiria
1557 5552 1721 5642 pertinet,
1746 5551 1858 5624 libera
1909 5568 1914 5574 ·

310 5675 354 5746 ab
381 5674 553 5745 oneribus.
571 5679 607 5743 et
634 5673 775 5743 tributis
795 5672 962 5760 civilibus,
991 5650 1175 5742 ordinariis
1202 5678 1239 5741 et
1265 5673 1562 5765 extraordinaria,
1590 5679 1626 5742 et
1653 5673 1759 5744 solvit
1786 5696 1858 5745 mo-

310 5786 466 5891 nasterio
488 5791 973 5883 hospitalisSandomiriensis
999 5812 1073 5881 pro
1092 5814 1205 5863 annuo
1233 5813 1335 5863 censu
1364 5793 1451 5865 duas
1477 5814 1714 5893 marceacum
1732 5796 1857 5883 media3

309 5938 411 6008 quam
440 5915 581 5988 donarit
607 5916 816 5986 monasterio
844 5914 1007 5997 Nicolaus
1034 5913 1171 6002 Kemp
1199 5914 1295 5985 civis·
1311 5913 1613 6005 Sandomiriensis‚
1640 5935 1726 6006 pure
1753 5938 1857 6006 prop-

172 6056 176 6064 ’
309 6045 364 6109 ter
382 6041 502 6125 Deum,
528 6044 696 6125 etcoram
717 6035 844 6105 iudicio
862 6035 1030 6105 scabinali
1058 6035 1291 6106 Kelczone
1319 6035 1487 6105 advocato
1510 6035 1739 6124 praesidente,
1754 6057 1856 6108 auno

244 6216 251 6244 ,
310 6159 449 6235 Domini
481 6156 702 6244 13911111
729 6157 859 6246 quinta,
886 6157 920 6226 in
948 6155 1004 6226 die
1032 6155 1179 6226 Sanctae
1199 6155 1369 6244 Agathae3
1396 6156 1439 6226 de
1467 6178 1535 6244 ouo
1561 6157 1735 6230 habentur
1761 6159 1856 6231 litte·

309 6301 369 6351 rae
395 6279 661 6367 resignationis,
695 6285 731 6348 et
758 6277 899 6353 cedunt·
917 6295 981 6366 pro
1008 6275 1176 6346 fratribus
1212 6276 1414 6346 monasterii
1450 6277 1493 6347 de
1519 6279 1716 6350 huiusmodi
1749 6290 1856 6377 a*

300 6401 396 6475 duae
423 6419 569 6490 marcae,
596 6419 660 6489 pro
687 6398 897 6516 pauperibus
924 6416 1007 6468 vero
1034 6394 1153 6469 media.
1173 6415 1300 6485 marca
1626 6459 1631 6467 .
1763 6398 1931 6499 11111...
