4217 8059
1735 1504 1809 1577 269

260 1714 318 1780 tur
336 1708 501 1779 ecclesiae
520 1708 709 1798 parochiali
728 1710 764 1779 in
782 1707 827 1779 W
838 1709 1064 1780 awrzincz
1075 1693 1190 1796 icae,
1217 1707 1260 1778 de
1278 1708 1436 1779 omnibus
1455 1709 1566 1797 agris,
1594 1714 1630 1778 et
1648 1715 1811 1780 tenentur

261 1829 355 1899 illam
373 1829 524 1918 propriis
543 1829 700 1900 curribus
718 1828 882 1901 inducere
898 1829 934 1899 in
953 1829 1117 1900 horreum
1143 1828 1330 1917 aplebano
1356 1828 1399 1898 de
1418 1828 1810 1900 Wavrzinczicze

261 1950 456 2039 locandum,
483 1957 520 2021 et
536 1950 634 2021 valor
661 1950 736 2020 eius
763 1950 968 2033 aestimatur
993 1948 1037 2018 ad
1056 1949 1180 2038 viginti
1206 1969 1350 2019 marcas.
1390 1948 1478 2020 Item
1496 1949 1662 2021 decimam
1689 1951 1810 2039 canapi

256 2072 410 2143 solvunt.
449 2071 539 2143 Item
566 2092 672 2142 unum
698 2070 789 2142 diem
826 2070 972 2161 quilibet
1007 2070 1050 2141 de
1077 2070 1177 2142 laneo
1215 2071 1251 2141 in
1279 2071 1472 2160 septimana
1506 2071 1660 2160 pedestri
1686 2071 1811 2141 itinere
1855 2146 1860 2151 ,

262 2199 297 2262 ot
314 2192 433 2263 labore
459 2192 605 2264 laborat.
644 2191 732 2262 Item
750 2192 881 2263 ducunt
907 2211 950 2262 ex
976 2190 1245 2282 Wyeliczka
1272 2197 1334 2262 aut
1359 2191 1587 2263 cracovia
1612 2213 1677 2281 pro
1694 2211 1812 2263 neces-

262 2314 364 2383 sitate
391 2313 593 2384 monasterii
619 2312 936 2402 Szczeclroviensis,
963 2313 1115 2403 propriis
1133 2313 1292 2384 curribus
1319 2319 1356 2383 et
1373 2313 1489 2402 equis,
1516 2333 1626 2403 usqne
1653 2314 1697 2384 ad
1715 2313 1813 2404 oppi-

202 2434 343 2522 ,dnm
370 2433 481 2523 Slup
508 2431 637 2504 Calvi
672 2433 867 2524 Montis,
903 2440 940 2504 et
966 2433 1037 2504 illic
1063 2432 1237 2522 deponere
1239 2486 1371 2504 ......
1385 2466 1389 2475 ·
1412 2432 1573 2505 Continat
1608 2455 1683 2504 cum
1720 2434 1812 2504 villis
1951 2426 1955 2435 '

253 2554 615 2645 Bothurzynek,
642 2555 769 2649 oppido
797 2553 1196 2626 Wawrziuczicze.
1234 2555 1373 2627 Donata
1400 2576 1463 2645 per
1488 2554 1605 2626 Jaxa
1631 2555 1761 2626 ducem.
1792 2634 1799 2645 ,

366 2675 551 2748 Dzuwcza
578 2696 695 2765 noran,
723 2676 806 2748 villa
831 2677 897 2748 snb
924 2677 1091 2766 parochia
1124 2675 1289 2748 ecclesiae
1325 2676 1368 2747 de
1395 2675 1703 2759 Wawelnicza
1735 2676 1811 2766 sita

269 2796 335 2867 suit
370 2795 542 2886 quondam
579 2797 781 2869 monasterii
808 2796 1128 2869 Szeczechoviensis
1156 2798 1201 2869 ad
1227 2798 1303 2868 eius
1329 2798 1507 2886 pertinens
1543 2797 1815 2887 proprietatem

266 2917 331 2988 sed
354 2917 506 2990 alienata
532 2925 587 2991 est
613 2941 634 2989 a
661 2919 871 2990 monasterio
897 2917 1218 3007 Saeczechoviensi‚
1245 2919 1416 2990 incertum
1442 2918 1613 3008 quomodo
1641 2925 1703 2990 aut
1728 2924 1816 2990 tem·

263 3059 357 3128 pore,
383 3044 445 3111 aut
471 3048 514 3111 eir
533 3061 601 3131 qua
627 3061 749 3130 causa,
776 3046 812 3112 et
829 3041 981 3130 pertinet
1006 3060 1098 3112 nnnc
1124 3041 1321 3130 proprietas
1348 3041 1423 3112 eins
1450 3040 1495 3111 ad
1513 3044 1683 3111 rectorem
1711 3039 1816 3111 eecle-

264 3161 336 3230 siae
370 3161 581 3251 parochialis
614 3162 650 3233 in
677 3161 993 3233 Wavvelnicza.
1036 3161 1176 3233 Donata
1210 3182 1274 3251 per
1299 3161 1548 3233 Henricum
1582 3161 1703 3233 ducem
1730 3159 1816 3232 San·

266 3281 519 3354 domiriensem.
811 3288 813 3293 '
1625 3292 1631 3299 '
1651 3290 1655 3297 “

368 3394 563 3475 Lar-asenna
590 3404 678 3476 alias
704 3404 975 3494 Lyanszna‚·
998 3402 1082 3475 villa
1106 3404 1170 3475 sub
1197 3403 1361 3493 parochia
1394 3402 1559 3474 ecclesiae
1585 3402 1628 3475 de
1656 3401 1817 3475 Sthan·

226 3615 231 3621 ¹
268 3536 429 3613 sz-ycza
455 3525 539 3613 sita,
567 3545 655 3615 quae
672 3546 743 3597 una
760 3546 836 3599 cnm
863 3516 940 3596 lacu
967 3526 1096 3615 optimo
1123 3524 1227 3596 villae
1253 3525 1366 3596 eidem
1392 3544 1526 3595 annexa
1551 3522 1620 3595 fuit
1644 3525 1816 3614 qnondam

269 3645 470 3716 monastmfi
496 3645 835 3735 Szeczechoviensis3
870 3647 931 3718 sed
957 3646 1109 3718 alienata
1143 3652 1198 3718 est
1223 3666 1245 3718 a
1270 3621 1481 3718 monasterio
1508 3643 1816 3735 Szecaechovienai,

268 3765 437 3837 incertum
472 3767 643 3857 quomodo
674 3772 735 3837 ant
761 3789 829 3857 quo
864 3773 1038 3856 tempore,
1074 3774 1136 3838 ant
1162 3789 1204 3839 ex
1233 3787 1301 3857 qua
1328 3787 1450 3856 causa,
1486 3772 1522 3836 et
1547 3767 1699 3856 pertinet
1726 3786 1817 3837 nnnc

269 3887 464 3976 proprietas
475 3964 477 3969 ,
490 3888 566 3958 eius
584 3888 628 3958 ad
647 3889 905 3960 serenissimum
931 3888 1097 3960 Poloniae
1114 3908 1241 3978 regem.
1280 3888 1397 3959 Lacus
1417 3893 1536 3958 tamen
1551 3883 1702 3977 optimus
1728 3888 1818 3959 eius·

272 4005 350 4077 dem
378 4008 499 4097 villae,
528 4009 631 4080 simul
656 4030 733 4083 curn
751 4009 835 4081 villa
859 4030 923 4099 per
941 4008 1193 4081 Henricum
1221 3991 1342 4081 ducem
1360 4006 1674 4080 Sandomiriensem
1700 4028 1817 4081 mona·

270 4127 377 4199 sterio
403 4128 706 4202 Sneczechoviensi
737 4130 894 4221 donatus,
928 4130 1011 4202 villa
1036 4130 1204 4219 alienata,
1232 4131 1268 4200 in
1295 4131 1510 4219 proprietate
1537 4137 1573 4202 et
1599 4131 1817 4220 possessione

268 4249 469 4320 monasterii
503 4252 687 4341 remansit,
723 4258 887 4344 tenetque
923 4253 1019 4324 illum
1045 4252 1296 4323 monasterium
1323 4251 1649 4340 Szeczechoviense‚
1685 4251 1817 4322 habens

268 4389 367 4440 nsum
402 4370 477 4442 eius
512 4372 692 4461 pacificum
727 4379 763 4444 et
790 4375 944 4463 quietum
977 4374 1015 4449 in
1043 4374 1134 4443 hanc
1169 4372 1268 4443 diem.
1308 4372 1446 4443 Donata
1481 4371 1818 4460 per'Henricnm

270 4488 391 4562 <lucem
417 4491 751 4577 Sandomiriensem„

373 4612 580 4704 Baccanae,
607 4617 690 4687 villa
725 4616 790 4689 sub
825 4617 992 4706 parochia
1018 4615 1183 4689 ecclesiae
1210 4614 1253 4686 de
1281 4612 1582 4685 Saeczechow
1607 4613 1693 4704 sita,
1721 4596 1819 4684 cuins

273 4734 469 4822 proprietas
506 4757 584 4807 cum
611 4738 704 4809 omni
730 4738 806 4810 iure
833 4738 877 4810 ad
904 4739 1152 4810 monasterium
1179 4735 1487 4809 Saeczechoviense
1514 4735 1729 4825 pertinebat3
1756 4734 1818 4807 sed

273 4855 457 4928 alumine
483 4857 676 4931 Vistula
703 4859 789 4931 alias
815 4860 968 4951 Visla,
995 4860 1129 4933 alveum
1157 4880 1256 4930 suum
1284 4857 1391 4929 variis
1418 4856 1700 4929 circulationibus
1727 4856 1819 4928 vari·

273 4982 370 5065 ante,
397 4979 563 5068 absorpta
598 4987 671 5069 est3
706 4986 886 5053 remanent
921 4988 1036 5053 tamen
1065 4980 1218 5051 eiusdem
1246 4979 1348 5051 villae
1373 4984 1478 5068 prata
1503 4983 1539 5049 et
1564 4998 1702 5067 nemus,
1730 4979 1819 5068 quae

273 5098 388 5168 omma
413 5099 458 5169 ad
485 5092 1067 5175 monasterium'Szeczechoviense
1094 5108 1131 5172 et
1157 5102 1231 5172 eius
1253 5100 1505 5191 proprietatem
1523 5099 1700 5189 pertinent
1716 5098 1818 5189 pleno

272 5217 358 5323 iure
383 5215 521 5293 Donata
538 5242 601 5311 per
628 5223 896 5314 Sethegium
924 5225 1093 5297 comitem.
1148 5220 1155 5228 ’

281 5342 358 5375 ⁵
375 5337 664 5434 swannczrczi,
691 5346 776 5417 villa
797 5347 869 5417 etsi
895 5347 1114 5417 contineatur
1139 5347 1175 5415 in
1203 5343 1414 5415 Boleslai
1434 5328 1564 5415 'Pudici
1581 5340 1820 5414 Gracoviensis

270 5440 625 5536 'et''Sandomiriensis
652 5465 749 5537 ducis
774 5473 964 5538 renovatae
989 5465 1201 5538 fundationis
1228 5465 1420 5555 privilegio,
1447 5470 1484 5535 et
1509 5463 1651 5534 dubium
1670 5468 1820 5551 nonest

273 5579 354 5666 quin
382 5582 465 5654 villa
489 5585 565 5672 ipsa
591 5585 776 5677 aliquando
803 5589 839 5659 in
864 5609 982 5660 rernm
1008 5596 1136 5661 nature
1160 5587 1275 5676 merit
1300 5574 1403 5658 hodie
1430 5590 1546 5655 tamen
1573 5604 1616 5655 ex
1642 5583 1819 5656 hominum

277 5705 443 5776 memoria
467 5705 561 5778 illius
588 5703 712 5779 nornen
739 5694 776 5779 et
802 5710 890 5780 situs
917 5710 1062 5800 depulsa
1087 5716 1178 5800 sunt,
1198 5708 1259 5780 sed
1277 5712 1313 5779 et
1332 5708 1408 5797 ipsa
1426 5704 1644 5777 vistulae
1671 5684 1820 5777 fluminis

275 5823 446 5896 alluvione
473 5827 637 5918 absorpta
664 5835 700 5901 et
727 5837 929 5922 consumpta
955 5837 1029 5921 est,
1055 5831 1158 5921 adeo,
1185 5836 1225 5901 ut
1250 5850 1315 5902 nec
1341 5829 1415 5900 eins
1432 5826 1558 5918 ¹aliqua
1583 5827 1733 5901 culmina
1758 5831 1821 5897 ant

273 5958 421 6047 vestigia
446 5961 679 6030 memorentur
704 5954 837 6027 relicta.
862 5953 1001 6026 Donata
1026 5973 1091 6043 per
1117 5952 1386 6043 Sethegium
1413 5950 1583 6022 comitem.
