4217 8059
1707 1500 1777 1571 195

236 1703 320 1772 item
346 1698 457 1790 gallos
483 1701 588 1790 nuos,
618 1703 701 1773 item
727 1701 908 1791 laborant3
935 1703 1018 1774 item
1044 1704 1210 1792 taberna3
1237 1704 1320 1774 itern
1347 1704 1542 1791 hortulani3
1568 1705 1652 1776 item
1678 1722 1779 1795 prae-

233 1822 327 1892 dium
363 1822 560 1893 coenobiale
596 1824 666 1894 non
701 1829 756 1894 est
789 1824 854 1912 ibi,
880 1823 964 1894 item
1000 1822 1132 1895 decima
1168 1824 1211 1896 de
1238 1826 1397 1896 omnibus
1425 1826 1537 1914 agris,
1565 1826 1713 1897 solvitur
1740 1832 1777 1896 et

234 1941 437 2012 conducitur
463 1963 527 2032 pro
554 1943 700 2014 ecclesia
726 1943 916 2032 parochiali
944 1943 979 2014 in
1006 1943 1286 2034 Wyeliczka,
1313 1951 1349 2015 et
1367 1945 1466 2015 valor
1483 1945 1558 2016 eins
1577 1947 1781 2016 aestimatur

235 2061 278 2132 ad
306 2068 439 2152 septem
467 2082 610 2134 marcas.
637 2063 725 2134 Item
752 2069 806 2133 est
832 2064 880 2135 ihi
908 2084 996 2135 unus
1023 2064 1143 2136 laneus
1170 2064 1640 2156 episcopalisGraeouiensis,
1660 2068 1782 2156 inquo

235 2183 433 2253 cmethones
460 2182 620 2254 sedentes
647 2183 788 2255 solvunt
814 2191 962 2272 quatuor
987 2181 1132 2256 marcas.

264 2361 266 2365 .
337 2302 514 2393 Szrnozn,
537 2304 620 2375 villa
646 2304 711 2374 sub
730 2303 895 2393 parochia
921 2302 964 2374 (le
990 2302 1259 2395 Wyeliczha
1285 2306 1362 2393 alta,
1389 2306 1486 2376 cuius
1515 2306 1709 2395 proprietas
1736 2305 1779 2376 ad

234 2424 480 2495 monasterium
509 2423 734 2495 Thincziense
761 2424 923 2514 pertinet.
950 2424 990 2494 In
1018 2444 1087 2514 qua
1113 2431 1195 2496 sunt
1212 2425 1304 2496 lanei
1323 2424 1564 2513 cmethonales,
1583 2433 1619 2497 et
1637 2426 1782 2516 quilibet

234 2544 339 2617 solvit
357 2600 364 2613 .
437 2599 461 2634 .,
488 2545 570 2614 item
598 2564 680 2633 ova,
707 2545 790 2615 item
817 2545 928 2634 gallos
955 2546 1038 2616 item
1065 2565 1203 2634 caseon,
1230 2547 1314 2616 item
1341 2545 1457 2635 labor,
1484 2546 1566 2615 item
1588 2545 1782 2638 porculam,
1870 2542 1874 2547 ’

234 2666 315 2735 item
342 2686 500 2759 osozpep3
517 2665 610 2736 item
636 2666 792 2754 taberna,
817 2665 901 2736 item
919 2665 1159 2754 hortulaniae;
1187 2666 1269 2736 item
1288 2665 1467 2755 praedium
1495 2665 1693 2736 coenobiale
1712 2686 1781 2735 non

234 2789 287 2856 est
313 2786 370 2857 ibi.
397 2785 485 2857 Item
513 2806 630 2858 omnes
658 2788 733 2876 agri
761 2786 864 2857 villae
892 2787 1032 2858 solvunt
1060 2784 1225 2889 decimam
1253 2786 1502 2876 manipularem
1529 2792 1565 2856 et
1584 2786 1782 2875 canapalem

234 2924 297 2995 pro
324 2907 469 2978 ecclesia
494 2907 695 2997 parochiali,
722 2908 858 2979 eteius
885 2907 1033 2997 plebano
1061 2904 1106 2978 in·
1124 2905 1169 2976 W
1176 2906 1402 2997 yeliczka.

337 3022 575 3116 Bonzauow,
612 3028 695 3099 uilla
730 3028 963 3118 parochialem
998 3027 1178 3101 ecclesiam
1217 3028 1349 3099 habens
1376 3028 1411 3098 in
1439 3047 1494 3116 ae,
1521 3026 1648 3101 Sancto
1676 3026 1782 3098 Petro

234 3147 403 3237 Apostolo
429 3148 596 3237 dicatam,
624 3149 721 3220 cuins
748 3150 945 3239 proprietas
971 3147 1015 3219 ad
1042 3148 1288 3221 monasterium
1323 3147 1528 3218 Thinciense
1554 3148 1715 3238 pertinet.
1742 3149 1781 3218 In

234 3288 303 3359 qua
328 3274 409 3340 sunt
434 3270 556 3359 viginti
584 3276 657 3367 tres
683 3270 775 3341 lanei
803 3290 876 3340 cme
877 3270 1109 3359 htonales,et
1118 3269 1280 3360 quilibet
1306 3268 1413 3340 solvit
1439 3267 1481 3339 de
1508 3268 1608 3341 laneo
1633 3267 1782 3338 mediam

234 3409 394 3479 marcam,
422 3390 504 3462 item
531 3410 597 3462 ova
623 3391 759 3479 viginti,
785 3391 868 3461 item
895 3390 1006 3480 gallos
1032 3390 1130 3481 duos,
1157 3391 1240 3460 item
1268 3408 1387 3461 caseos
1414 3388 1518 3479 duos,
1545 3388 1628 3459 item
1656 3407 1783 3478 pernas

233 3510 323 3583 lardi
358 3511 443 3582 duas
454 3531 554 3601 ,pro
589 3509 678 3619 festo
714 3512 880 3600 paschae,
917 3511 961 3582 ad
986 3472 1180 3621 ‘utrium
1215 3516 1251 3581 et
1235 3510 1490 3582 tvoluutatem
1517 3510 1672 3597 abhatis3
1699 3508 1782 3580 item

235 3622 373 3721 ιιόιιιιι
391 3649 507 3702 nnam
521 3632 606 3703 dant
633 3651 696 3721 pro
723 3630 813 3703 festo
832 3631 950 3704 Sancti
968 3624 1076 3722 Petri,
1095 3637 1157 3703 aut
1172 3631 1350 3723 pecuniam
1370 3632 1412 3702 ad
1432 3631 1616 3707 arbitrium
1635 3628 1783 3701 abbatia

235 3752 321 3824 Item
358 3749 522 3824 tabernae
559 3760 633 3824 tres
670 3753 858 3824 hahentes
873 3766 995 3844 agros,
1030 3773 1100 3825 una
1135 3753 1240 3827 solvit
1267 3753 1352 3824 duas
1379 3772 1532 3841 marcas,
1559 3752 1672 3821 altera
1698 3750 1783 3821 duas

235 3894 376 3964 marcas,
402 3876 506 3944 tertia
532 3895 636 3945 unam
663 3894 869 3973 sexagenum
892 3894 968 3945 cnm
985 3874 1110 3965 media,
1128 3881 1200 3946 tres
1218 3874 1353 3965 lapides
1372 3874 1454 3963 sepi.
1481 3873 1569 3943 item
1588 3878 1642 3943 est
1660 3877 1784 3962 quarta
1849 3942 1852 3946 .

234 3995 380 4067 taberna
406 4015 494 4085 quae
529 3995 633 4067 solvit
668 4016 772 4067 unam
798 3996 959 4077 marcam.
994 3995 1083 4066 Item
1109 3995 1329 4067 hortulaniae
1355 4000 1446 4081 tres,
1474 3994 1642 4064 habentes
1671 4014 1783 4082 agros,

234 4113 322 4186 duae
349 4115 487 4187 solvunt.
513 4136 575 4206 per
603 4121 680 4188 octo
708 4123 848 4206 scottos
875 4118 983 4189 tertia
1009 4136 1134 4188 novem
1161 4123 1301 4188 scottos
1333 4115 1420 4185 Item
1449 4120 1502 4185 est
1519 4113 1577 4185 'ihi
1604 4113 1783 4204 praedium

234 4240 270 4306 et
295 4236 392 4307 curia
418 4236 525 4325 bona,
552 4236 595 4307 de
621 4236 721 4307 cuius
748 4237 842 4325 agris
877 4237 1027 4308 solvitur
1062 4236 1195 4307 decima
1221 4234 1446 4325 manipularis
1473 4255 1537 4324 pro
1565 4235 1784 4304 monasterio.

234 4356 320 4426 Item
356 4375 420 4445 pro
455 4376 560 4428 vacca
595 4357 733 4428 solvunt
769 4352 925 4446 quolibet
960 4376 1050 4427 anno
1085 4355 1234 4427 mediam
1261 4374 1431 4443 marcam,
1458 4361 1519 4425 ant
1546 4374 1684 4425 naccam
1719 4373 1783 4443 pro

235 4476 371 4546 abbatis
407 4476 592 4546 voluntate.
632 4477 720 4548 Item
756 4476 800 4547 de
836 4476 994 4548 omnibns
1030 4477 1125 4567 agris
1157 4473 1447 4564 cmethonalibus,
1475 4474 1625 4545 soluitur
1652 4473 1785 4544 decima

136 4656 141 4663 .
234 4595 459 4686 manipularis
486 4603 522 4667 et
549 4597 723 4687 canapalis
750 4596 914 4669 ecclesiae
932 4596 1124 4688 parochiali
1141 4596 1270 4668 ibidem
1289 4596 1324 4666 in
1343 4594 1557 4666 Bodzano
1568 4616 1608 4684 u,
1627 4601 1663 4665 et
1681 4594 1781 4665 valor

234 4717 309 4790 eins
336 4717 538 4789 aestimatur
564 4715 608 4787 ad
636 4718 758 4806 viginti
784 4736 928 4791 marcas.
954 4718 1043 4789 item
1071 4718 1237 4790 scoltetns
1263 4735 1334 4788 non
1361 4721 1423 4786 est.
1462 4715 1549 4786 Item
1568 4732 1640 4804 pro
1669 4714 1782 4785 cami-

234 4840 299 4909 bus
325 4838 477 4928 porcinis
503 4838 650 4909 mediam
678 4858 838 4910 marcam.
864 4839 951 4912 Item
979 4860 1044 4930 pro
1072 4838 1224 4911 adventu
1252 4837 1389 4933 abbatis
1414 4834 1578 4908 tenentur
1605 4836 1688 4906 dare
1715 4834 1797 4906 duo·

235 4958 385 5066 octualia
420 4959 600 5048 cervisiae,
628 4965 673 5030 et
692 4962 823 5049 septem
849 4980 1031 5033 mensuras
1059 4980 1135 5033 cum
1162 4980 1236 5032 uno
1259 4958 1383 5048 choro,
1409 4956 1536 5047 viginti
1563 4963 1638 5029 tres
1664 4956 1784 5047 gallos,

89 5135 90 5139 ,
234 5100 337 5152 unam
365 5085 525 5171 quartam
551 5080 707 5177 eamium
742 5082 955 5154 bovinarum.
991 5081 1153 5154 Confluat
1178 5102 1254 5153 cum
1281 5078 1689 5170 Przewyaczyani‚
1717 5078 1784 5149 Bi-

234 5202 467 5292 shupieze,
491 5201 718 5293 Zahrnou,
736 5201 1017 5294 Ochmanow,
1031 5182 1639 5329 Zlomirog,·Zakrzouyecz,
1657 5198 1784 5271 Scze'

265 5322 358 5412 lou,
385 5322 443 5394 Za
485 5341 601 5395 orze.

128 5402 130 5411 Ι
233 5343 257 5411 g
338 5345 565 5535 Larsagrrozn,
591 5445 676 5517 villa
700 5445 897 5518 habenam
915 5465 952 5517 se
970 5445 1163 5517 ecclesiam
1169 5443 1413 5534 parochialem,
1431 5440 1617 5513 Nativitati
1637 5439 1784 5510 Sanctae
1911 5424 1916 5433 ’

234 5563 367 5636 Mariae
394 5564 551 5657 dicatam,
580 5587 681 5658 quam
700 5564 783 5639 (ias
795 5560 1224 5639 imitusb'ecnntlus
1250 5546 1416 5636 Poloniae
1435 5583 1497 5634 rex
1516 5560 1649 5651 quadro
1668 5559 1783 5650 lapide

233 5685 427 5776 fabricavit,
454 5688 551 5761 cuius
577 5681 776 5779 proprietas
789 5687 846 5759 'ad
873 5688 1120 5759 monasterium
1148 5685 1356 5758 Thinciense
1372 5684 1533 5775 pertinet.
1559 5682 1600 5755 In
1620 5704 1687 5787 qua
1705 5686 1786 5752 sunt

233 5807 379 5897 triginta
405 5809 497 5881 lanei
524 5810 768 5899 cmethonales,
795 5806 937 5880 inclusis
964 5828 1024 5880 sex
1052 5807 1172 5897 laneis,
1199 5808 1258 5898 qui
1285 5807 1371 5879 alias
1399 5812 1500 5878 erant
1518 5804 1731 5905 scoltetiales
1749 5808 1786 5875 et

231 5928 364 6001 redacti
391 5930 536 6003 suntin
564 5930 808 6023 cmethonales,
828 5934 998 6019 'exempto
1025 5929 1189 6019 scolteto,
1216 5934 1254 6000 et
1281 5929 1428 6029 quilibet
1455 5927 1560 5999 solvit
1586 5946 1651 6016 pro
1679 5946 1783 5995 censu
1850 5971 1855 5979 .

234 6050 379 6123 mediam
408 6072 569 6124 marcam.
595 6053 684 6124 Item
712 6052 871 6125 scoltetia
898 6057 952 6122 eat
978 6050 1049 6139 ibi,¹
1074 6068 1161 6140 quae
1188 6050 1296 6122 habet
1323 6071 1383 6122 sex
1412 6049 1540 6139 laneca,
1568 6053 1604 6117 ot
1589 6046 1673 6117 tde
1701 6065 1785 6134 qno-

234 6172 319 6244 libet
303 6179 423 6245 tuna
458 6194 582 6245 marca
623 6175 709 6246 Item
743 6180 815 6244 tres
851 6173 1035 6260 tabernae,
1063 6169 1152 6241 duae
1178 6190 1242 6260 per
1267 6174 1341 6242 tres
1369 6190 1521 6258 marcas,
1547 6166 1655 6237 tertia
1681 6184 1784 6235 unam

234 6312 447 6386 sexagenam,
465 6295 557 6367 item
585 6316 651 6367 ova
678 6272 825 6385 triginti,
852 6296 935 6367 item
962 6290 1073 6384 gallos
1100 6274 1198 6375 dnos,
1225 6290 1308 6361 item
1337 6309 1456 6363 caseos
1483 6288 1579 6376 duos,
1606 6288 1690 6356 item
1719 6305 1783 6374 pro

233 6434 336 6486 vacca
371 6414 520 6487 mediam
553 6435 703 6487 maroam
731 6415 889 6504 solvunt3
914 6417 998 6487 item
1032 6404 1200 6487 tabernam
1234 6412 1344 6483 duae
1358 6411 1526 6483 habentes
1553 6414 1686 6499 agros,-
1683 6406 1798 6479 item
