4217 8059
871 2761 1218 2894 RUPELLA

267 3041 384 3120 Ordo
415 3040 593 3120 hotrum
627 3042 742 3122 Beati
778 3043 891 3121 Pauli
925 3044 1045 3146 primi
1080 3043 1326 3145 heremitae,
1355 3044 1517 3124 habens
1550 3046 1589 3125 ln
1622 3045 1813 3129 dioscori

725 3194 1003 3278 cracoviensi
1038 3199 1223 3301 quinque
1257 3198 1363 3277 loca.

367 3416 462 3489 Ordo
487 3418 635 3489 fratrum
663 3423 698 3488 ct
724 3416 966 3507 religiosorum
999 3417 1063 3490 sub
1091 3416 1212 3508 regula
1239 3418 1341 3489 Beati
1370 3417 1558 3508 Augustini
1585 3418 1817 3510 militantium,

265 3539 323 3630 qui
351 3538 453 3609 Beati
489 3538 588 3609 Pauli
625 3538 728 3628 primi
763 3539 954 3610 heremitae
980 3538 1120 3610 titulum
1148 3544 1184 3609 et
1211 3539 1477 3629 appellationem
1505 3538 1652 3611 sortitus
1679 3545 1752 3629 cst,
1780 3540 1815 3611 in

265 3679 371 3750 regno
404 3658 570 3731 Poloniae
606 3664 641 3729 et
676 3660 711 3730 in
746 3659 903 3731 Ecclesia
939 3659 982 3730 ab
1018 3658 1162 3731 exordio
1197 3658 1297 3749 fidei,
1324 3682 1391 3730 non
1419 3659 1613 3731 habebatur
1647 3660 1815 3751 polonica.

264 3780 467 3871 Primusque
494 3780 589 3851 illurn
616 3780 881 3852 Ludovicus
908 3779 1026 3852 Caroli
1051 3779 1253 3871 Hungariae
1281 3786 1316 3851 et
1343 3780 1508 3852 Poloniae
1534 3801 1609 3871 rex,
1636 3802 1743 3873 nepos
1771 3803 1813 3853 ex
1948 3776 1952 3783 ’

263 3922 383 3973 sorore
409 3900 628 3974 Oasimiri
656 3902 858 3973 Secundi
883 3901 1048 3973 Poloniae
1076 3902 1178 3991 regis,
1206 3902 1264 3991 qui
1292 3900 1383 3992 apud
1401 3900 1551 3974 Paiones
1569 3923 1658 3974 anuo
1677 3902 1817 3976 Domini

269 4024 366 4095 lato
393 4044 548 4113 regnare,
576 4030 688 4094 morte
715 4022 932 4095 casimiri
959 4022 1054 4113 regis
1082 4023 1239 4095 amurcali
1269 4023 1323 4094 sui
1350 4029 1486 4127 secuta,
1514 4024 1645 4115 coepit,
1672 4028 1817 4115 propter

265 4146 481 4217 devotionem
519 4166 620 4235 quam
659 4145 703 4216 ad
740 4146 885 4216 Beatum
922 4144 1069 4215 Paulum
1103 4144 1306 4215 heremitam
1343 4145 1512 4235 hahebat,
1548 4146 1646 4217 cuius
1682 4166 1817 4237 corpus,
1958 4132 1964 4143 ’
1995 4108 2030 4259 ,μ’

266 4266 465 4355 acephalum
494 4273 619 4354 tamen,
647 4266 712 4337 sibi
740 4272 821 4355 post
846 4285 1015 4354 guerram
1044 4266 1137 4337 inter
1164 4287 1241 4337 eum
1269 4270 1304 4335 et
1330 4264 1484 4337 Venetos
1512 4266 1691 4338 occasione
1719 4265 1818 4359 regni
1888 4342 1892 4349 ,
1965 4300 1968 4305 ·
2004 4266 2011 4327 ’ἒ

263 4386 456 4456 Dalmatiae
483 4385 649 4475 habiturn,
676 4384 815 4457 loedere
842 4385 913 4456 icto
941 4405 1004 4475 per
1029 4384 1184 4456 Venetos
1212 4385 1375 4456 donatum
1403 4383 1477 4473 mit,
1504 4392 1540 4455 ct
1559 4384 1649 4475 qnod
1668 4385 1712 4457 ad
1731 4386 1817 4458 San·
1933 4380 1935 4387 '
1994 4374 1997 4381 ’

264 4512 355 4577 ctum
383 4506 527 4577 Paulum
556 4513 637 4577 ante
655 4504 823 4577 Budam
851 4506 1034 4596 insigniter
1051 4505 1201 4576 locatum
1220 4504 1416 4594 requiescit,
1435 4504 1470 4575 in
1488 4504 1653 4577 Poloniae
1672 4528 1816 4597 regnum
1940 4534 1942 4539 ·

264 4627 465 4716 introduxit,
479 4627 695 4717 primuinque
710 4626 954 4698 monasterium
973 4626 1009 4697 in
1027 4624 1165 4698 Claro
1192 4631 1353 4714 monte,
1372 4626 1458 4696 alias
1473 4625 1817 4700 Gzansthocho-
1900 4722 1902 4727 Ι
1986 4646 1989 4653 ·

264 4764 326 4819 ua
352 4748 591 4820 Gracoviensis
610 4748 776 4820 dioecesis
795 4768 858 4838 per
876 4746 1167 4819 Vladislanm
1196 4745 1315 4818 ducem
1334 4745 1589 4837 Oppolienscm,
1608 4747 1666 4838 qui
1684 4748 1816 4838 regiam
1934 4736 1938 4745 ’
2016 4726 2018 4731 ’

263 4876 346 4941 tunc
372 4876 579 4960 potestatem
607 4870 642 4939 in
670 4890 778 4961 regno
805 4868 969 4943 Poloniae
996 4869 1226 4942 Ludovici
1252 4869 1391 4940 nominc
1410 4870 1603 4958 exercebat,
1622 4868 1817 4961 fabricavit,

264 4998 300 5061 ot
324 4991 451 5062 fratres
478 5012 520 5062 ex
548 4991 674 5063 Buda
701 4998 867 5081 sumptos,
894 4991 930 5061 in
956 5012 1035 5063 eum
1063 4991 1266 5063 introduxit.
1293 4989 1463 5061 Processu
1481 5009 1564 5061 vero
1583 4990 1760 5081 temporis,
1778 4990 1816 5063 in

264 5132 371 5203 regno
405 5112 571 5184 Poloniae
608 5119 643 5183 et
679 5113 714 5183 in
751 5112 902 5183 dioecesi
938 5111 1159 5185 Oracoviensi
1195 5111 1281 5183 coeli
1317 5111 1465 5182 Domino
1493 5118 1720 5202 cooperante,
1747 5112 1817 5184 tria

265 5234 476 5305 monasteria
511 5233 643 5305 ordinis
679 5233 844 5324 praefati,
872 5231 1032 5305 videlicet
1059 5233 1094 5304 in
1122 5233 1416 5321 Bansszowa,
1444 5232 1479 5302 in
1507 5232 1818 5323 Pyadziczow,
1945 5264 1949 5271 ·

264 5353 299 5424 in
326 5354 475 5426 Senno
502 5354 647 5426 tundata
673 5362 710 5426 et
737 5360 855 5426 erecta
881 5359 971 5444 sunt,
999 5374 1144 5444 quorum
1172 5352 1323 5425 omnium
1352 5353 1382 5424 si
1409 5352 1564 5444 dignatio
1592 5352 1710 5425 divina
1736 5373 1818 5426 con·
1956 5326 2015 5409 Ψ

265 5476 419 5564 cesserit,
446 5476 630 5565 specialem
658 5474 824 5546 iaciemus
851 5475 1127 5583 descriptionem,
1155 5474 1280 5565 quihus
1306 5475 1406 5546 annis
1434 5480 1470 5545 et
1497 5473 1622 5563 quibus
1648 5474 1817 5565 personis,

267 5617 380 5685 quove
422 5617 513 5667 anno
556 5603 592 5668 ct
631 5596 695 5669 suh
735 5602 891 5687 tempore
931 5596 1027 5669 inere
1068 5602 1183 5668 crecta
1223 5602 1260 5667 et
1299 5595 1436 5685 dotata
1472 5600 1614 5685 praeter
1653 5584 1820 5667 nodnnlla

2009 5100 2030 5139 ³3

1969 5510 1999 5595 n:

266 5716 336 5788 alia
371 5718 586 5790 monasteria
621 5717 656 5788 in
692 5717 770 5789 aliis
807 5716 1021 5790 dioecesibus
1058 5717 1222 5789 ecclesiae
1248 5714 1451 5803 Polonicae,
1479 5715 1521 5787 de
1548 5714 1668 5787 eodem
1697 5714 1818 5789 ordine

265 5837 428 5928 lundata,
454 5858 477 5909 a
502 5860 646 5929 quorum
682 5859 747 5911 nos
782 5838 1034 5911 continebimus
1071 5838 1312 5930 descriptione.
1352 5836 1518 5911 Ultimum
1548 5858 1629 5909 vero
1657 5836 1818 5927 omnium,
1991 5912 1995 5917 ,

264 5960 510 6031 monasterium
537 5960 656 6031 Sancti
683 5958 847 6032 Stanislai
874 5960 910 6030 iu
936 5958 1163 6032 Gracovia
1189 5979 1250 6031 scu
1278 5958 1530 6030 Oasimiria
1556 5958 1599 6029 de
1617 5956 1817 6049 Rupella
1853 5922 2013 6039 ‘ild--

264 6100 354 6152 anno
381 6080 520 6152 Domini
554 6082 660 6152 1472.
687 6080 744 6153 die
769 6078 932 6153 vicesima
958 6080 1109 6151 secunda
1136 6081 1263 6152 mensis
1289 6080 1385 6153 lunii
1412 6077 1592 6150 fundatum
1610 6066 1816 6169 etercctum
1835 6072 1909 6169 fgi-

263 6208 327 6291 est,
354 6202 388 6272 in
416 6202 582 6273 honorem
610 6200 771 6274 altissimi
796 6208 834 6275 et
859 6198 988 6273 Matris
1014 6200 1154 6271 Domini
1181 6200 1292 6272 nostri
1319 6198 1404 6271 lesu
1432 6198 1582 6289 christi,
1609 6202 1649 6271 et
1670 6194 1868 6317 Sanco-3¹⁶5
1902 6138 1966 6241 ⁴

264 6342 342 6395 ram
368 6322 551 6394 Michaelis
588 6322 797 6413 Archangeli
833 6328 871 6395 et
896 6321 1062 6395 Stanislai
1088 6320 1263 6412 pontificis
1290 6326 1326 6393 et
1352 6319 1515 6411 martyris
1542 6318 1685 6410 gloriosi
1712 6318 1817 6395 decus
1831 6318 1856 6359 ·'
1963 6404 1966 6417 Ι

264 6446 301 6514 ct
327 6445 535 6532 memoriam,
562 6451 599 6514 ot
626 6435 660 6515 in
689 6438 891 6535 dirimamur,
916 6464 1004 6537 qaae
1022 6448 1222 6535 purgantur·
1233 6440 1501 6559 purgandasque
1518 6446 1602 6515 sunt
1618 6440 1816 6533 remedium,

1318 6540 1351 6607 ἵ]
1657 6580 1664 6613 ·.
1699 6540 1753 6619 dlx:

357 6608 516 6653 mmo.
537 6610 581 6671 lli.
1144 6668 1151 6689 ΙΙ
1194 6634 1202 6643 .
1616 6592 1652 6640 15
1687 6610 1751 6679 Η·

1677 6652 1729 6781 sl

634 6768 643 6795 n

620 6812 642 6857 ἑ
