4217 8059
293 1692 360 1759 quo
378 1669 580 1742 foecundior
607 1666 734 1758 oppido
753 1689 842 1739 novo
870 1652 1061 1757 amplitudo
1081 1668 1299 1758 proveniret,
1326 1654 1728 1767 decimasifisnipulares
1751 1688 1846 1741 men-

294 1814 354 1863 sae
380 1790 584 1880 episcopalis
614 1789 648 1859 in
668 1789 759 1859 villis
787 1773 936 1879 quinque
965 1790 1072 1860 clavis
1093 1788 1339 1878 Wisliciensls,
1366 1770 1846 1889 videliectifiv'ssrzysza·

298 1912 512 2000 uowicze,
550 1909 716 1999 Welcz,
752 1909 1035 2000 Goporinya,
1077 1909 1345 1999 Parszivvlra
1387 1916 1422 1981 et
1459 1907 1845 2001 Govalyccentum

296 2052 429 2103 marcas
457 2032 626 2103 communi
654 2031 893 2104 aestimatione
904 2030 1143 2121 ¹appendentes
1171 2030 1213 2101 de
1231 2051 1400 2105 corrseusu
1426 2030 1665 2102 Cracoviensis
1693 2030 1846 2120 capituli,

203 2210 210 2218 ,
253 2192 255 2194 -
292 2173 404 2242 quem,
433 2157 600 2242 perpetuo
636 2152 774 2222 donatis
802 2151 951 2240 capitulo
980 2149 1201 2222 cracoviensi
1238 2151 1509 2240 manipularibus
1537 2150 1679 2221 decimis
1706 2171 1845 2223 mensae

290 2273 454 2343 ecclesiae
482 2271 720 2345 Oracoviensis
748 2266 972 2361 episcopalis,
1008 2271 1170 2344 videlicet
1197 2272 1231 2342 in
1251 2269 1377 2361 oppido
1404 2270 1663 2349 Koschicze
1690 2277 1727 2344 et
1753 2271 1845 2342 villis

292 2393 636 2481 Wlostowicze,
683 2391 1013 2481 Prokoczicze,
1060 2391 1472 2484 Sandzyszowicze
1516 2399 1553 2462 et
1589 2391 1845 2482 Woyvvano-

292 2515 448 2603 wicze,
483 2512 585 2585 facile
621 2512 788 2602 obtinuit,
822 2533 930 2583 novae
963 2513 1164 2602 collegiatae
1200 2512 1365 2583 ecclesiae
1401 2512 1576 2603 inscripsit
1614 2518 1649 2583 et
1676 2517 1844 2602 perpetuo
1927 2496 1947 2533 ³

291 2635 443 2709 donavit.
493 2633 663 2704 Processu
690 2654 773 2703 vero
801 2633 953 2722 dierum,
981 2633 1162 2723 collegiata
1190 2632 1354 2703 ecclesiae
1381 2631 1615 2703 fundationem
1642 2632 1844 2722 abhorrens,

291 2757 434 2844 veritus,
465 2776 508 2827 ne
528 2761 638 2826 morte
666 2777 728 2826 sua
756 2760 912 2844 sequuta,
939 2755 1086 2844 praelati
1114 2760 1158 2848 et
1167 2755 1324 2826 canonici
1352 2753 1459 2826 futuri
1486 2752 1846 2844 Pyandziczoviensis,

229 2915 233 2922 ·
291 2881 384 2952 solos
411 2883 600 2969 proventus
628 2881 664 2947 et
693 2877 858 2946 introitus
885 2876 1148 2964 beneficiorum,
1176 2876 1461 2966 quemadmodum
1488 2876 1523 2946 in
1552 2876 1628 2947 aliis
1655 2876 1847 2966 collegiatis

291 3001 448 3072 ecclesiis
476 3003 688 3088 compertum
715 3003 769 3069 est
795 2997 932 3069 assidue
960 2998 1126 3097 existere,
1154 2998 1332 3088 percipere
1359 2997 1531 3086 contenti,
1567 3018 1684 3068 curam
1711 2997 1784 3069 eius
1812 3003 1847 3068 et

292 3121 515 3192 residentiam
530 3120 747 3211 negligerent
765 3119 906 3209 solaque
925 3118 1005 3189 lana
1018 3117 1226 3208 gaudenteS,
1245 3118 1398 3190 laborem
1413 3141 1480 3190 non
1496 3118 1716 3190 attenderent
1730 3127 1847 3209 pastu-

294 3264 368 3332 rae,
386 3242 631 3313 monasterium
651 3239 797 3336 fratrum
812 3241 1058 3310 heremitarum
1073 3240 1190 3311 Sancti
1205 3240 1303 3311 Pauli
1318 3241 1419 3330 primi
1434 3241 1633 3328 heremitae,
1651 3225 1715 3312 sub
1728 3241 1849 3330 regula

292 3364 392 3434 Beati
412 3362 599 3452 Augustini
624 3362 828 3448 viventium,
858 3361 928 3431 illic
947 3361 1022 3431 fieri
1042 3362 1231 3451 disposuit,
1259 3367 1295 3433 et
1313 3382 1402 3433 auno
1430 3362 1567 3432 Domini
1590 3363 1697 3433 1436.
1725 3368 1850 3435 octava

294 3484 456 3556 Octobris
485 3482 570 3553 illud
609 3503 684 3552 cum
713 3503 880 3571 germano
908 3504 970 3553 suo
998 3483 1156 3553 Johannc
1193 3481 1402 3554 Glowacz
1430 3483 1472 3553 dc
1500 3482 1549 3553 Ol
1559 3484 1848 3575 yeschnicza,

291 3606 349 3696 qui
378 3604 475 3694 regni
503 3602 666 3674 Poloniae
694 3602 919 3673 marsalcatus
946 3602 1156 3693 fungebatur
1184 3601 1314 3691 officio,
1338 3605 1456 3693 etqui
1485 3604 1589 3675 etiam
1617 3605 1845 3694 palatinatum

294 3724 608 3799 Sandomiriensem
636 3729 715 3813 post
734 3716 881 3813 adeptus
908 3723 1039 3812 fuerat,
1067 3724 1238 3813 nudavit,
1266 3725 1352 3797 daus
1379 3725 1431 3797 illi
1458 3725 1492 3796 in
1512 3730 1713 3815 perpetuam
1730 3724 1847 3797 dotem

294 3854 330 3917 et
356 3845 547 3916 inscribens
574 3843 749 3934 praefatas
786 3844 936 3933 quinque
972 3843 1123 3915 decimas
1148 3845 1362 3949 episcopales
1390 3847 1423 3915 in
1453 3844 1846 3935 Grzyzanovvicze,

293 3966 461 4055 Welcz,
499 3963 762 4055 Coporyna,
799 3964 1070 4036 Parsziwka
1105 3970 1141 4035 et
1168 3965 1399 4056 (lowalye3
1436 3967 1557 4037 uniens
1593 3966 1698 4037 etiam
1734 3965 1844 4038 eidem
1959 3988 1973 4012 ³

295 4088 504 4159 monasterio
532 4084 677 4157 duarum
705 4085 926 4157 ecclesiarum
954 4086 1221 4176 parochialium,
1258 4087 1421 4158 videlicet
1448 4087 1483 4157 iu
1511 4086 1846 4179 Pyandziczovv

293 4216 330 4279 et
358 4205 697 4300 Wyercziczovv
724 4206 924 4296 parochias,
961 4205 1118 4300 redditus
1154 4213 1189 4278 et
1215 4215 1406 4297 proventus
1438 4215 1474 4278 et
1500 4228 1618 4279 curam
1653 4209 1845 4281 minumum

175 4389 178 4397 n
296 4330 467 4403 dictarum
496 4329 642 4400 duarum
671 4327 892 4400 ecclesiarum
908 4328 956 4413 in
976 4326 1127 4417 priorem
1155 4335 1191 4399 et
1208 4329 1336 4401 fratres
1355 4328 1557 4401 monasterii
1584 4329 1848 4418 transfundens;

293 4471 452 4522 coemens
486 4456 601 4539 autem
638 4449 754 4519 villam
782 4447 1041 4521 Podlansze
1070 4449 1105 4520 in
1133 4450 1286 4520 vicinatn
1321 4456 1358 4521 et
1385 4451 1449 4521 sub
1476 4451 1641 4539 parochia
1677 4450 1845 4541 Pyandzi-

293 4571 464 4643 czoviensi
492 4571 613 4659 sitam,
640 4591 703 4660 pro
722 4569 887 4642 trecentis
915 4570 1041 4641 marcis
1069 4591 1090 4640 a
1113 4623 1227 4640 .....
1254 4571 1643 4661 Sczyepyeczslry,
1670 4571 1776 4644 nobili
1804 4571 1847 4645 de

294 4693 394 4779 domo
421 4692 443 4764 J
454 4692 611 4781 anina,
639 4691 846 4762 constructis
874 4691 969 4761 inea
997 4681 1147 4781 quatuor
1174 4691 1333 4781 piscinis,
1361 4691 1473 4780 ipsam
1500 4711 1576 4761 cum
1604 4691 1747 4781 praedio
1776 4714 1847 4765 mo·

294 4813 436 4883 lendino
461 4817 497 4882 et
524 4812 737 4901 plenitudine
764 4812 860 4901 iuris,
889 4811 975 4882 nihil
1003 4812 1069 4883 sibi
1097 4812 1133 4883 in
1152 4833 1194 4883 ea
1212 4818 1273 4883 aut
1299 4811 1408 4900 fratri,
1435 4819 1496 4882 aut
1523 4812 1707 4901 nepotibus
1733 4832 1874 4909 roser-3

296 4933 417 5022 vando,
436 4930 592 5022 praefato
612 4933 822 5003 monasterio
837 4931 1023 5004 donatione
1042 4938 1210 5023 perpetua
1228 4940 1263 5003 et
1276 4931 1495 5004 irrevocabili
1513 4931 1618 5020 dedit,
1638 4930 1792 5022 contulit,
1810 4938 1848 5006 et

294 5053 483 5142 inscripsit,
511 5058 625 5122 certos
643 5060 757 5123 tamm
783 5054 900 5124 laneos
927 5053 1061 5123 invilla
1088 5047 1394 5148 Wyerscziczow,
1415 5042 1481 5142 'qui
1510 5051 1554 5124 ad
1573 5051 1754 5143 praedium
1771 5052 1861 5145 ple··

296 5174 377 5244 bani
396 5173 634 5263 pertinebant,
659 5173 693 5244 in
713 5193 971 5263 recompensam
994 5180 1030 5245 et
1050 5170 1322 5245 vicissitudinem
1339 5173 1517 5263 praefatae
1536 5173 1638 5246 villae
1654 5170 1849 5246 Pedian-

105 5329 113 5357 ·.
219 5397 221 5400 .
296 5316 371 5365 sze
389 5296 534 5384 recepit,
553 5301 589 5364 et
608 5294 685 5364 illos
704 5295 886 5384 oppidanis
904 5294 1295 5385 Pyandziczoviensibus
1310 5294 1508 5384 distribuit,
1531 5317 1618 5367 onus
1636 5292 1671 5366 id
1690 5292 1848 5385 praefato
1885 5290 1903 5349 Γ

298 5417 508 5487 monasterio
542 5415 868 5506 Pyandziczoviensi
891 5417 999 5506 priori
1024 5422 1060 5487 et
1090 5416 1267 5487 fratribus
1281 5423 1450 5507 perpetuo
1475 5417 1656 5507 imponens
1685 5421 1721 5488 et
1748 5417 1784 5488 iu
1802 5417 1848 5489 si-

295 5559 400 5625 gnum
420 5537 726 5627 iurispatronatus,
745 5537 955 5609 fundationis
975 5557 1110 5628 quoque
1128 5545 1164 5608 et
1179 5538 1367 5611 dotationis
1383 5538 1585 5610 monasterii
1604 5538 1791 5625 praedicti,
1810 5544 1848 5610 et
1897 5600 1902 5617 ,

259 5685 264 5694 ·
295 5656 338 5726 ad
357 5657 565 5729 reddendam
591 5659 861 5730 vicissitudinem
882 5659 1039 5730 beneficii
1057 5659 1209 5749 accepti,
1237 5660 1328 5749 quod
1346 5666 1463 5731 tamen
1487 5664 1624 5730 constat
1643 5659 1778 5730 nonnisi
1805 5681 1848 5731 ex

294 5779 520 5868 proventibus
546 5778 790 5851 ecclesiasticis
809 5779 1005 5851 derivatum
1023 5801 1109 5870 esse,
1136 5786 1297 5851 teneatur
1324 5780 1420 5870 prior
1448 5787 1484 5850 et
1501 5779 1628 5851 fratres
1647 5781 1859 5875 monasterii

294 5898 638 5990 Pyandziczoviensis
674 5902 709 5971 iu
736 5908 906 5990 perpetua
941 5907 1113 5991 tempora,
1142 5902 1241 5972 annis
1269 5900 1430 5991 singulis,
1457 5898 1610 5972 Johanni
1638 5900 1847 5973 Glovacz

209 6030 214 6039 “
295 6020 468 6112 praefato,
497 6021 592 6093 velut
618 6022 783 6113 primario
812 6022 1014 6093 monasterii
1041 6021 1189 6113 praefati
1216 6021 1411 6109 fundatori,
1438 6028 1474 6091 et
1501 6022 1670 6111 dotatori,
1706 6022 1848 6112 eiusque
1871 6040 1876 6045 ·

293 6142 385 6232 liliis,
413 6144 595 6234 nepotibus
614 6152 650 6214 et
668 6144 813 6234 singulis
831 6142 952 6215 domus
971 6164 1091 6216 eorum
1119 6143 1320 6215 Dambno
1347 6144 1614 6232 pronepotibus,
1642 6163 1704 6233 per
1721 6143 1848 6215 lineam

297 6263 463 6335 directam
500 6265 804 6354 descendentibus,
841 6264 976 6338 solvere
1012 6271 1048 6336 et
1083 6269 1305 6354 praesentare
1341 6265 1462 6337 ducale
1481 6265 1661 6351 ,diarium
1689 6263 1851 6337 videlicet

297 6380 477 6455 duodecim
495 6387 621 6476 gallos,
649 6386 827 6459 duodecim
847 6388 973 6459 choros
992 6405 1138 6474 avenae,
1166 6391 1326 6477 quartam
1342 6390 1645 6531 postenngacraez
1664 6387 1847 6476 sexaginta

1375 6602 1535 6750 a„

559 6688 630 6807 ,ἃ
1127 6710 1158 6765 ·
