4217 8059
1771 1492 1820 1566 87

272 1697 351 1788 pius
385 1697 551 1771 Polouiae
586 1719 649 1770 rex
688 1698 967 1771 vladislaus
1002 1699 1244 1771 Secundus
1284 1700 1494 1772 monasterio
1525 1700 1717 1771 Buscbensi
1756 1720 1820 1789 pro
1930 1689 1936 1700 ’

272 1819 582 1891 sanctimonialium
619 1820 777 1910 ampliori
805 1822 1078 1909 sustentatione,
1113 1828 1263 1912 quatuor
1294 1823 1422 1892 bancos
1449 1821 1552 1909 salis,
1588 1828 1737 1910 quatuor
1764 1842 1821 1890 ur-

272 1946 336 2011 nas
359 1935 510 2029 mulce,
536 1947 575 2011 et
599 1947 749 2031 quatuor
775 1962 955 2013 mensuras
990 1943 1074 2013 salis
1100 1942 1243 2030 minuti,
1279 1964 1320 2012 ex
1349 1963 1462 2032 zuppo
1489 1942 1821 2030 liminensi-annis

268 2061 418 2152 singulis
437 2062 472 2132 iu
492 2061 704 2152 quibuslibet
728 2067 879 2153 quatuor
894 2042 1120 2153 'temporibus
1147 2084 1331 2153 perunum
1360 2064 1507 2133 bancum
1526 2070 1562 2133 et
1579 2084 1680 2133 unam
1699 2085 1820 2134 urnam

271 2178 420 2269 mules,
447 2190 484 2254 et
510 2204 614 2255 unam
641 2203 835 2254 mensuram
865 2183 948 2255 salis
974 2184 1099 2256 minuti
1127 2191 1296 2274 perpetuo
1324 2182 1503 2272 solvenda,
1530 2204 1573 2254 ea
1599 2190 1713 2254 tamen
1741 2202 1822 2255 eon·

273 2302 415 2392 ditione,
441 2309 483 2376 ut
499 2302 645 2394 singulis
663 2303 760 2376 feriis
777 2305 939 2376 secundis
967 2305 1151 2377 cuiuslibet
1175 2305 1268 2393 anui,
1295 2326 1360 2394 pro
1377 2305 1557 2381 animabus
1583 2304 1822 2376 Vlsdislai

273 2424 367 2514 ragis
392 2424 539 2513 mactati
565 2429 603 2496 et
626 2425 798 2497 consortis
824 2446 909 2497 ause
945 2425 1176 2515 Hedvigis
1211 2426 1353 2515 reginae
1379 2433 1416 2496 et
1442 2425 1593 2497 omnium
1629 2447 1748 2515 regum
1785 2433 1821 2497 et

200 2598 202 2603 ·
238 2562 243 2571 ·
272 2540 464 2635 principum
491 2545 668 2635 Poloniae,
694 2552 766 2617 tam
792 2551 1007 2618 mortuorum
1035 2552 1072 2618 et
1098 2547 1352 2636 praesentium,
1381 2568 1482 2635 qnam
1508 2545 1724 2635 futurorum,
1751 2569 1822 2618 mo-

274 2666 381 2737 niales
408 2665 585 2756 praelatae
606 2671 797 2738 teneantur
832 2689 935 2738 uuam
972 2667 1109 2738 missam
1138 2667 1378 2739 detunctorum
1405 2668 1477 2738 alta
1503 2673 1597 2756 voce,
1625 2672 1661 2738 et
1687 2667 1823 2757 vigilias
1959 2726 1966 2739 .

273 2807 394 2857 novem
421 2786 608 2859 lectionum
636 2787 671 2857 iu
699 2788 911 2901 quibuslibet
938 2793 1087 2878 quatuor
1113 2788 1328 2879 temporibus
1354 2789 1556 2876 decantare}
1582 2787 1625 2859 de
1653 2810 1720 2878 quo
1748 2788 1819 2878 pri·
1961 2792 1964 2799 '
2012 2872 2026 2889 ·

175 2962 178 2967 .
272 2905 435 2999 vilegium
454 2928 554 2980 sunm
572 2907 705 2998 regium
724 2909 759 2981 in
779 2904 991 2981 monasterio
1018 2910 1211 3004 Busebeusi
1236 2909 1405 2999 originale
1423 2909 1581 2999 liabetur,
1608 2905 1822 3000 quodetiam
1960 2920 1962 2925 ·

272 3028 353 3119 lucie
378 3029 476 3120 operi
502 3030 882 3120 meritoauuexuimua,
907 3035 945 3102 et
962 3030 1235 3116 frauslatiouem
1261 3035 1299 3102 et
1322 3030 1558 3102 fundationem
1586 3037 1690 3121 atque
1716 3030 1824 3102 dona·

271 3150 401 3223 &uem
427 3150 625 3243 huiusmodi
650 3151 696 3223 ad
718 3151 891 3243 'liquidum
919 3157 1129 3224 contestans.
1172 3151 1398 3242 Privilegium
1425 3172 1509 3224 uero
1535 3151 1724 3224 Alberti
1752 3152 1824 3242 epi·

272 3271 369 3362 scapi
393 3271 644 3363 Oramvieusia
671 3281 709 3345 et
725 3273 972 3346 Braesclreusis
998 3294 1039 3344 ae
1059 3273 1299 3345 Vitboviensis
1325 3274 1499 3365 abbatum,
1527 3273 1683 3347 ordinem
1708 3279 1824 3345 trans·
1863 3276 1870 3285 '

257 3392 415 3466 'lationis
440 3394 641 3484 continens,
675 3393 790 3466 fertur
815 3415 892 3466 esse
923 3395 963 3464 iu
986 3394 1207 3465 Vitbouiensi
1242 3394 1428 3482 menenio,
1465 3415 1541 3465 oum
1577 3394 1695 3483 potius
1731 3393 1854 3492 apud

274 3513 475 3587 Busebcnse
500 3514 645 3587 deberet
671 3514 851 3587 mutineri.
894 3514 1056 3606 Singulas
1091 3521 1206 3587 autem
1243 3514 1344 3587 villas
1370 3514 1624 3604 haereditates,
1663 3513 1825 3602 decimas,

273 3634 434 3708 redditus
450 3642 487 3707 et
504 3639 693 3727 prouentus
719 3636 920 3708 monasterii
946 3635 1097 3726 praefati
1123 3635 1343 3724 Buscheusis,
1369 3635 1405 3705 in
1428 3655 1583 3725 quarum,
1610 3654 1824 3725 quorumque

276 3774 368 3829 nunc
393 3757 615 3847 possessione
640 3757 810 3844 consistit,
836 3777 880 3829 ax
906 3757 1045 3833 nomiue
1072 3777 1148 3828 cum
1176 3756 1249 3827 suis
1275 3756 1506 3828 cohaerentiis
1542 3761 1579 3828 ct
1605 3755 1825 3847 pertiuentiis

274 3877 485 3968 singillatius
512 3878 718 3968 describere,
745 3878 788 3949 ad
816 3876 1027 3968 memoriam,
1054 3877 1323 3950 consulationem
1342 3882 1379 3948 et
1396 3877 1501 3949 decus
1520 3872 1822 3968 praedecessorum
1925 3868 1939 3952 f

266 3999 509 4089 ‹pneseutium
535 4007 573 4071 et
597 3999 803 4089 futurorum,
829 4004 958 4090 quanto
985 3998 1122 4071 fidelius
1144 3999 1345 4089 poterimus,
1371 4003 1413 4071 ut
1435 3999 1607 4098 cautelam
1635 4019 1718 4070 suae
1745 4001 1825 4070 sub-

262 4119 452 4193 sistantiae
478 4120 583 4192 etiam
601 4121 778 4210 praesenti
796 4120 1030 4211 descriptione
1055 4120 1193 4211 possint
1218 4119 1489 4211 apprehendere,
1516 4104 1701 4193 ordiemur.
1729 4119 1825 4191 Vit-

190 4260 193 4265 ’
272 4247 349 4314 tus
374 4249 490 4315 antem
517 4242 702 4335 spiscopus
729 4241 943 4331 Plocnensis,
979 4240 1125 4332 praeisti
1153 4241 1359 4314 moriasterii
1383 4242 1418 4313 in
1450 4224 1644 4314 Busa-ko
1660 4241 1825 4342 fundator

273 4354 477 4453 primarius,
512 4384 590 4436 eum
617 4384 727 4436 anuos
754 4363 877 4455 viginti
903 4368 941 4434 et
967 4369 1100 4453 septem
1127 4363 1166 4433 in·
1190 4363 1337 4435 ecclesia
1362 4362 1546 4434 Ploczansi
1568 4362 1726 4451 sedisset,
1753 4362 1825 4453 ple·

272 4502 339 4557 una
364 4484 466 4556 bouis
492 4485 667 4575 operibus,
693 4504 784 4556 auno
811 4484 950 4556 Domini
982 4485 1081 4556 1206
1108 4490 1268 4556 mortuus
1293 4489 1358 4572 est,
1384 4489 1425 4554 et
1447 4483 1483 4554 in
1510 4481 1691 4554 Plucnensi
1715 4483 1826 4554 eccle·
1912 4512 1918 4525 ‘

273 4605 326 4677 sia
339 4604 445 4677 -msto
471 4605 603 4677 bonore
629 4605 831 4695 tumulatus,
857 4582 981 4677 tantae
1008 4604 1043 4675 in
1070 4603 1274 4695 genitricem
1302 4603 1465 4694 pietatis,
1491 4609 1531 4674 ut
1556 4580 1645 4673 cunr
1660 4604 1705 4674 ob
1732 4603 1825 4674 uale-

273 4725 428 4797 tudinem
454 4731 492 4797 et
517 4726 651 4798 senium
687 4726 868 4798 ecelesiam
903 4725 1137 4817 parochialem
1166 4726 1201 4796 in
1229 4724 1417 4797 Buszko
1446 4746 1488 4795 ex
1524 4723 1690 4796 Gbotcl
1727 4723 1824 4794 adire

274 4847 452 4919 commode
479 4868 548 4928 nun
575 4853 703 4937 posset,
745 4847 920 4919 oraculum
949 4847 1001 4925 illi
1027 4847 1064 4918 in
1091 4832 1270 4938 praedicta
1294 4845 1462 4919 Gbotel
1489 4844 1641 4936 ligneum
1668 4844 1825 4932 fabricat,

274 4967 586 5058 praebendamque·
601 4969 636 5040 iu
664 4990 707 5039 ca
731 4967 864 5058 fundat,
891 4973 926 5039 et
952 4967 1094 5040 decimis
1112 4968 1394 5058 manipularibus.
1412 4967 1448 5038 in
1475 4966 1633 5058 praefata
1659 4966 1825 5038 Ghotel
1976 5036 1980 5041 .

249 5094 312 5159 -at
336 5072 600 5180 G'obpluiky
636 5089 754 5178 dotat,
780 5088 873 5180 quod
899 5095 937 5161 et
961 5089 998 5160 iu
1024 5088 1114 5160 hauc
1139 5088 1231 5160 diem
1258 5075 1392 5177 extat;'
1409 5088 1445 5160 iu
1473 5109 1542 5179 quo
1567 5088 1721 5179 genitrix
1748 5087 1825 5177 ipsa

271 5228 346 5298 sua,
362 5216 410 5305 ,a
429 5209 581 5300 siugulis
606 5210 729 5282 diebus
756 5230 830 5283 rem
849 5215 968 5301 posset
985 5209 1106 5282 audire
1134 5208 1295 5298 divinam,
1322 5216 1360 5282 et
1385 5209 1563 5282 devotioni
1589 5230 1673 5281 suae
1699 5229 1825 5299 oppor-

275 5334 360 5403 tune
385 5329 557 5404 mascaro.
655 5343 659 5351 ’
698 5356 705 5371 .

369 5571 419 5646 ln
448 5572 611 5646 nomina·
634 5571 788 5647 Domini
816 5570 953 5646 Amen.
998 5572 1089 5663 Quia
1115 5572 1282 5663 muudus,
1316 5578 1353 5645 st
1378 5594 1431 5643 ea·
1456 5592 1548 5663 qnae
1580 5572 1697 5644 mundi
1734 5579 1826 5662 sunt,

274 5694 408 5766 lubrica
433 5699 526 5784 suut,
543 5701 581 5767 at
598 5695 717 5767 omnia·
740 5694 915 5773 mundana
940 5695 976 5766 iu
994 5695 1161 5785 abyssum·
1185 5689 1370 5767 oblivionis
1395 5694 1613 5783 evolvuntur,
1641 5700 1827 5784 propterea

273 5836 339 5906 ego
366 5815 603 5887 Slauosch
638 5816 674 5888 in
701 5814 1054 5889 remedium-animae
1080 5814 1210 5905 meas,
1234 5816 1353 5888 uxoris
1386 5836 1501 5903 meae,
1538 5816 1826 5906 parvulorum-et

274 5937 429 6010 omnium
453 5937 726 6028 propinquorum
753 5958 919 6026 meorum,
946 5937 1091 6028 praedia
1115 5937 1160 6010 de
1186 5937 1513 6026 Slswosohow,
1550 5944 1688 6008 etcum
1716 5936 1826 6007 omni-

174 6092 177 6098 ·
274 6059 343 6131 bns
369 6059 608 6150 pertiuentiis,
637 6064 678 6131 et
704 6079 782 6132 cum
808 6056 972 6146 ecclesia,
1000 6059 1211 6132 monasterio
1237 6059 1384 6131 &notae
1411 6059 1546 6130 Mariae
1574 6057 1616 6128 de
1643 6057 1826 6130 Buszlro

263 6179 402 6277 :darm
437 6186 606 6271 perpetuo
634 6180 910 6270 haereditanda,
937 6201 1003 6251 usu
1029 6186 1147 6253 tamen
1181 6165 1357 6253 fruetuum
1380 6180 1567 6252 eorundem
1596 6179 1827 6270 praediorum,

266 6280 377 6393 M
402 6300 463 6377 diu
491 6303 574 6374 milui
603 6303 782 6394 placuerit,
809 6296 958 6392 retento,
982 6284 1125 6394 praeter
1150 6298 1220 6389 illa,
1247 6322 1336 6392 quae
1363 6301 1408 6372 ad
1431 6301 1586 6372 redditus
1615 6309 1826 6374 memoratae

199 6406 202 6411 ’
272 6406 439 6525 audatiae
467 6425 653 6515 pertinent.
696 6423 809 6504 Huius
836 6423 1034 6505 devotionis
1066 6422 1248 6497 mnosalio
1282 6422 1375 6499 lacta
1409 6430 1465 6496 est
1490 6423 1526 6497 iu
1553 6424 1705 6516 synodo,
1738 6444 1827 6516 quac

159 6552 389 6675 ’ἡ
728 6582 733 6591 “
1066 6576 1100 6687 s

435 6776 451 6803 x
689 6796 698 6807 ,
951 6804 955 6815 ,
