4217 8059
303 1481 376 1554 338

242 1768 245 1772 Α
299 1687 421 1759 Bodz
432 1684 603 1756 anthae
628 1681 793 1773 episcopo
810 1688 893 1753 tunc
911 1681 1133 1754 cracoviensi
1151 1701 1215 1771 per
1231 1681 1394 1752 iniuriam
1413 1681 1546 1752 ablatas
1557 1681 1676 1769 ,inter
1695 1680 1856 1771 praefata

300 1809 367 1880 duo
402 1805 614 1877 monasteria
649 1802 765 1875 Sancti
801 1803 963 1874 Andreae
991 1810 1027 1874 ct
1054 1802 1295 1891 Antiquae
1322 1801 1525 1872 Sandecz
1553 1803 1723 1892 partitur,
1761 1823 1855 1874 anno

298 1926 436 2000 Domini
469 1927 586 2014 13003
622 1945 768 2016 quarum
804 1923 1061 1994 restitutionem
1098 1922 1481 1994 dum'Bodaantha
1516 1922 1698 2015 episcopus
1726 1921 1857 1994 Gracu-

259 2038 263 2046 ’
299 2047 426 2119 niensis
460 2053 497 2117 et
523 2046 804 2134 interpellatione
829 2031 987 2116 honesta
1020 2045 1159 2132 exigere
1195 2065 1263 2147 uon
1291 2035 1427 2133 posset,
1455 2043 1498 2113 ad
1526 2043 1855 2114 Innocentium

300 2188 423 2259 papam
451 2166 636 2237 Sextum
665 2166 787 2236 habuit
813 2174 1009 2254 recursum,
1040 2184 1246 2253 cansamque
1274 2162 1455 2252 Alfrae,
1490 2163 1724 2253 Antiquae
1751 2163 1858 2235 San-

252 2314 280 2339 ··
299 2289 395 2361 deca
423 2293 459 2358 et
476 2285 499 2358 J
504 2285 679 2358 oleudae
702 2267 821 2356 Sancti
840 2284 1004 2355 Andreae
1023 2284 1211 2355 abbatissis
1229 2289 1274 2355 et·
1287 2304 1405 2354 aarum
1425 2284 1670 2373 conventibus,
1698 2284 1734 2354 in
1758 2283 1858 2356 Urbe
1883 2366 1886 2371 ¹

299 2409 342 2478 de
361 2408 471 2498 spolio
490 2407 690 2495 committit,
709 2426 749 2476 ac
767 2425 883 2476 coram
898 2404 1145 2475 Bernh'ardo
1157 2404 1416 2494 archiepiscopo
1431 2403 1672 2493 Neopolitano,
1692 2404 1857 2476 auditore

301 2528 345 2599 de
364 2534 512 2618 utroque
530 2528 696 2599 coenobio
715 2545 778 2616 per
796 2527 1002 2597 sententiam
1022 2525 1256 2614 diffinitivam,
1275 2524 1382 2595 refert
1401 2525 1629 2614 sententiam;
1646 2525 1860 2615 fueruntque

301 2649 499 2720 abbatissae
526 2654 563 2718 'et
580 2646 859 2718 sanctimoniales
877 2645 1055 2736 praefatae
1084 2646 1238 2716 censuris
1257 2645 1456 2735 apostolicis
1474 2651 1637 2735 tempore·
1649 2666 1717 2716 nou
1737 2666 1883 2737 parvo„

302 2769 411 2840 donec
437 2767 480 2838 de
508 2767 599 2839 omni
627 2748 887 2856 satisfacerent,
914 2767 1239 2838 excommunicatae.
1281 2765 1333 2836 Ne
1352 2772 1468 2837 autem
1494 2766 1713 2855 malignitate
1741 2766 1862 2856 aliqua

168 2938 173 2949 .
302 2889 470 2977 humana,
497 2888 596 2976 dolo,
623 2887 764 2958 vafricie
792 2887 846 2958 vel
865 2887 1001 2976 fraude,
1029 2886 1212 2977 oppidum,
1240 2886 1352 2977 villae,
1380 2884 1718 2976 caeterique'census
1745 2885 1861 2956 eidem

227 2999 229 3001 ’
302 3009 513 3080 monasterio
541 3007 769 3078 Sandeczensi
796 3009 831 3078 in
850 3007 967 3078 dotem
994 3013 1078 3078 tnnc
1105 3006 1252 3077 collatae
1270 3007 1390 3097 ,possit
1417 3007 1460 3077 ab
1483 3007 1604 3076 eodem
1624 3006 1768 3077 alienari
1797 3012 1863 3077 aut

303 3129 468 3219 distrahi,
505 3129 598 3218 ipsas
626 3128 669 3198 ad
697 3134 898 3218 perpetuam
930 3129 982 3198 rei
1008 3128 1208 3227 memoriam
1233 3127 1437 3217 singillatim
1465 3127 1731 3198 conscribendas
1758 3126 1862 3198 duxi-

303 3269 398 3337 mus,
434 3249 481 3338 pii
503 3249 675 3338 principis
703 3248 915 3318 Boleslai
943 3248 1108 3318 Pudici
1141 3255 1176 3317 et
1204 3268 1287 3318 suae
1316 3247 1621 3337 Knnegundis
1649 3247 1795 3337 virginis
1822 3254 1862 3318 et

304 3370 476 3440 consortis
503 3369 705 3440 excellentis
732 3390 818 3458 opus
836 3369 985 3457 insigne,
1011 3369 1104 3457 apud
1133 3374 1332 3456 praesentes
1360 3376 1396 3438 et
1413 3376 1572 3458 posteros
1591 3369 1704 3438 vivaci
1730 3387 1873 3438 memo-1

304 3490 358 3559 ria
384 3494 583 3559 testaturos.
623 3489 725 3559 Anno
754 3494 868 3558 autem
897 3488 1035 3593 Domini
1069 3489 1185 3576 1280,
1213 3491 1310 3558 sexta
1336 3488 1392 3558 die
1419 3487 1523 3574 Julii,
1552 3487 1863 3577 Knnegundis

304 3609 454 3680 foemina
472 3610 583 3698 beata,
611 3610 749 3683 ducissa
768 3609 1005 3680 Oracouiensis
1033 3615 1069 3678 ot
1097 3609 1310 3678 Boleslai
1336 3609 1499 3679 Pudici
1527 3609 1657 3698 relicta,
1685 3596 1862 3680 fundatio-

307 3751 384 3800 nem
419 3731 527 3819 ipsam
565 3730 628 3800 sub
656 3751 719 3800 suo
747 3730 848 3800 titulo
885 3737 921 3799 ot
948 3729 1085 3799 nomine
1113 3731 1307 3817 innovavit3
1346 3731 1399 3799 cui
1428 3730 1642 3801 innovationi
1679 3728 1861 3800 lrestko

252 3883 254 3889 ·
306 3849 446 3938 Niger
472 3855 554 3946 tuuc
581 3849 650 3920 dux
678 3848 917 3928 Cracoviensis
945 3851 1052 3920 robur
1078 3851 1131 3920 sni
1160 3870 1346 3920 consensus
1374 3850 1509 3921 adiecit

321 4022 325 4029 .
413 3968 691 4040 monasterium
711 3967 904 4061 Antiquae
923 3968 1102 4041 Sandecz
1122 3957 1225 4041 iu'xta
1254 3971 1435 4061 oppidum
1456 3968 1635 4041 Sandecz
1663 3967 1862 4061 Antiquae

210 4074 213 4079 ’
245 4178 249 4186 ¹
308 4090 342 4157 in
371 4095 471 4177 parte
498 4089 659 4159 orientali
687 4091 790 4160 situm
818 4097 885 4178 est,
913 4110 1011 4160 muro
1038 4096 1178 4179 petroso
1205 4089 1424 4179 fabricatum,
1457 4091 1491 4159 in
1519 4092 1615 4160 cuius
1644 4082 1789 4160 ccclesia
1815 4089 1863 4160 ad

309 4214 443 4298 partem
471 4210 672 4300 australem,
699 4231 824 4300 corpus
844 4219 978 4281 sacrum
998 4210 1128 4281 Beatae
1155 4210 1457 4299 Knnegundis
1486 4210 1661 4300 Virginis,
1689 4210 1863 4281 consortis

309 4329 523 4400 Boleslai
560 4330 719 4401 Pudici
756 4333 854 4420 regni
891 4331 1055 4403 Polouiao
1092 4333 1188 4402 ducis
1226 4336 1260 4401 et
1297 4335 1521 4421 monarchae,
1563 4352 1651 4422 quae
1687 4330 1753 4402 fuit
1788 4329 1864 4401 lilia

310 4450 453 4521 Belae
480 4450 679 4540 llungariae
707 4454 817 4541 regis,
845 4459 881 4523 et
907 4441 1022 4543 neptis
1050 4453 1181 4523 Beatae
1210 4452 1511 4542 Helizabeth,
1539 4452 1716 4543 proneptis
1744 4458 1863 4522 autem

313 4570 460 4641 Sanctae
506 4570 753 4661 Hedvigis,
799 4574 1002 4662 requiescit,
1047 4573 1168 4643 multa·
1196 4574 1436 4644 miraculorum
1477 4574 1688 4645 sublimitate
1726 4571 1866 4644 assidue

208 4710 215 4721 ·
314 4688 526 4779 clarescens,
567 4697 603 4761 et
638 4691 846 4780 prodigiosis
883 4694 1044 4781 oporibus
1072 4693 1215 4782 fulgens.
1263 4693 1350 4762 Item
1387 4694 1632 4765 monasterium
1669 4691 1864 4783 praefatum

313 4810 419 4879 habet
459 4809 529 4879 illic
567 4812 733 4899 optimum
771 4817 808 4881 et
846 4811 1050 4882 foecundum
1088 4813 1286 4901 praedium,
1326 4813 1369 4883 de
1397 4815 1493 4884 ouius
1531 4815 1624 4904 agris
1660 4835 1727 4885 non
1755 4811 1863 4883 solvit
1935 4908 1941 4915 .

315 4928 418 4999 alicui
446 4930 613 5001 decimam
646 4931 912 5019 manipularem,
949 4932 1112 5003 sedeam
1141 4953 1203 5022 pro
1231 4954 1267 5002 se
1294 4933 1404 5022 tollit,
1440 4942 1476 5005 et
1503 4936 1536 5003 in
1566 4940 1664 5005 sunm
1698 4935 1863 5004 horreum

313 5032 469 5136 inducit.¹

420 5168 509 5237 ltem
536 5169 746 5260 notandum,
774 5171 864 5259 qnod
901 5173 1027 5242 civitas
1059 5172 1185 5243 Nova
1212 5173 1416 5246 Sandccz
1453 5177 1566 5265 regia,
1594 5175 1737 5265 singulis
1765 5173 1866 5244 annis

321 5288 492 5377 profesto
521 5286 724 5360 Natiuitatis
751 5290 891 5379 Christi,
919 5293 992 5362 sive
1019 5313 1061 5363 ex
1085 5293 1213 5382 debito,
1232 5296 1303 5364 sive
1323 5316 1364 5364 ex
1384 5296 1630 5366 consuetudine
1648 5293 1866 5368 iamdudum

317 5409 497 5499 antiquata
524 5415 560 5479 et
587 5412 813 5499 praescripta,
841 5413 950 5483 mittit
977 5413 1174 5483 abbatissae
1202 5422 1238 5484 ct
1265 5415 1456 5504 virginibus
1484 5415 1804 5486 sanctimonialium·
1824 5413 1869 5486 de

317 5530 523 5620 Antiqua
559 5531 766 5601 Sandecz
803 5539 952 5621 quatuor
988 5532 1074 5601 ollas
1111 5534 1182 5603 vini
1209 5535 1408 5625 hungarici,
1436 5538 1517 5606 item
1546 5543 1697 5626 quatuor·
1719 5535 1867 5624 lepores,

320 5651 402 5719 item
420 5689 423 5693 ·
440 5651 590 5739 quinque
628 5672 819 5740 sexagenas
856 5653 1076 5741 simularum,
1112 5655 1146 5724 in
1174 5676 1431 5745 recompensam
1468 5664 1506 5726 ut
1533 5678 1612 5727 reor
1639 5657 1725 5727 iuris
1754 5655 1867 5726 civilis

318 5791 401 5840 suae
437 5771 570 5840 civitati
607 5773 816 5877 er·opt1,uel
852 5794 1014 5862 agrorum
1050 5781 1086 5845 ct
1113 5780 1309 5865 pratorum,
1337 5798 1422 5866 quos
1450 5785 1485 5847 et
1513 5798 1600 5866 quae
1626 5797 1718 5847 nova
1744 5776 1868 5848 civitas

320 5892 508 5979 occupavit.
1707 5902 1727 5937 ·
1914 5891 1919 5897 ’

425 6010 597 6082 Saunncz
624 6012 819 6103 Anrroun,
846 6015 1008 6103 oppidum
1037 6018 1167 6089 habens
1196 6020 1229 6088 in
1259 6039 1295 6087 se
1323 6019 1500 6087 ecclesiam
1529 6018 1778 6107 parochialem,
1805 6037 1871 6107 per

198 6220 201 6227 Ι
321 6131 505 6219 plebanum
541 6139 623 6203 tunc
659 6133 811 6205 eiusdem
848 6136 913 6205 loci
941 6145 1130 6226 muratam,
1167 6140 1262 6208 cuius
1299 6139 1494 6226 proprietas
1530 6146 1565 6208 et
1601 6140 1788 6215 dominium
1811 6138 1870 6210 'ad

276 6268 279 6272 ·
323 6252 602 6323 sanctimoniales
629 6255 882 6327 Sandeczenses
910 6259 1071 6346 pertinet.
1108 6258 1147 6328 ln
1175 6280 1243 6347 qna
1270 6266 1351 6328 sunt
1379 6260 1627 6348 quinquaginta
1654 6259 1744 6329 lanei
1771 6260 1871 6349 oppi-

323 6369 507 6461 danorum,
535 6380 572 6445 et
607 6375 754 6465 quilibet
789 6376 832 6448 de
859 6378 959 6448 laneo
995 6379 1100 6467 solvit
1135 6379 1260 6466 viginti
1289 6400 1430 6469 grossos
1458 6382 1605 6450 latorum
1620 6380 1873 6469 ·Pragensinm.
1911 6396 1914 6401 ·
