4217 8059
841 1266 846 1273 .
3258 1248 3287 1273 ¹2

2230 1294 2247 1319 N

615 1478 898 1548 182·

525 1650 536 1661 ’
607 1688 1023 1757 monasterio
1078 1708 1119 1757 a
1174 1693 1249 1757 se'
1300 1685 1588 1775 fundato
1611 1742 1628 1775 ,
1701 1687 2055 1759 ecclesiam
2113 1687 2579 1777 parochialem
2633 1687 2924 1761 Sanctae
2978 1688 3302 1762 Andreae
3357 1691 3427 1761 in
3483 1691 3539 1761 T
3558 1693 3603 1763 h
3623 1716 3700 1784 y-

543 1846 574 1873 -.
607 1825 654 1875 n
676 1807 865 1876 iecz
887 1862 903 1895 ,
958 1802 1216 1905 vsssssti
1274 1809 1505 1897 operis
1558 1829 1750 1879 more
1803 1808 1890 1878 de
1942 1814 2166 1897 petra
2200 1809 2359 1880 alba
2411 1808 2853 1900 fabricatam,
2910 1810 3194 1881 decimis
3247 1813 3427 1882 enim
3483 1815 3703 1885 mani-

425 1946 436 1955 ·
475 1956 480 1961 ·
604 1927 964 2015 pularibus
983 1982 1000 2015 ,
1059 1916 1528 2016 ”proventibus
1581 1936 1653 2000 et
1705 1930 2106 2001 introitibus
2127 1984 2144 2017 ,
2202 1931 2649 2020 caeterisque
2702 1930 2772 2003 id
2825 1948 3043 2023 genus
3114 1930 3541 2022 redditibus,
3613 1935 3700 2005 ad

604 2048 1040 2121 collationem
1078 2055 1149 2120 et
1187 2051 1709 2139 iuspatronatus
1763 2051 1949 2139 regis
2008 2049 2313 2140 plenarie
2354 2051 2708 2139 pertinens
2762 2050 2994 2133 fuerat
3046 2059 3482 2142 quaestuosa,
3520 2055 3703 2125 uniri

603 2175 678 2239 et
730 2170 1183 2259 incorporari;
1237 2172 1305 2241 in
1362 2172 1555 2245 cuius
1611 2173 1821 2241 etiam
1875 2191 2056 2241 nunc
2111 2171 2543 2260 proprietate
2597 2177 2670 2241 et
2724 2170 3031 2243 dominio
3084 2173 3403 2244 consistit
3439 2181 3511 2244 et
3544 2194 3702 2264 per-

603 2297 897 2361 severat.
951 2289 1463 2381 Amplificasset
1536 2298 1762 2362 autem
1836 2291 1891 2361 C
1911 2312 1953 2362 a
1973 2312 2006 2360 s
2027 2291 2179 2361 imi
2199 2311 2238 2360 r
2256 2312 2301 2360 u
2320 2313 2354 2361 s
2430 2290 2760 2362 Poloniae
2813 2312 2934 2363 rex
2962 2270 3349 2382 'praefatus
3402 2294 3700 2366 dotatio-

602 2430 758 2481 nem
813 2412 1215 2482 monasterii
1270 2411 1761 2501 Thyniczensis
1799 2433 1842 2482 a
1877 2432 1951 2481 se
1991 2412 2405 2501 inchoata*
2454 2418 2526 2481 et
2562 2433 2812 2502 magna
2848 2434 2933 2485 ex
2973 2420 3174 2503 parte
3208 2422 3698 2502 consumatam,

602 2529 875 2602 nisiex
931 2533 1139 2603 rebus
1194 2533 1567 2603 viventium
1591 2588 1607 2620 ,
1678 2531 1822 2602 fato
1878 2552 2120 2621 pamm
2193 2538 2469 2621 sperato
2539 2531 2785 2603 fuisset
2857 2532 3272 2605 subtractus.
3360 2534 3441 2604 In
3496 2537 3689 2607 cuius

601 2651 1154 2741 supplementum
1209 2650 1334 2722 filii
1387 2654 1493 2723 sui
1549 2658 1712 2722 natu
1772 2653 2060 2723 iunioris
2119 2651 2596 2723 Vladislai
2652 2644 2769 2742 qui
2824 2652 3090 2725 Herm
3114 2675 3339 2725 anus
3393 2655 3698 2745 appella-

599 2778 714 2843 tus
768 2779 877 2844 est
929 2793 1212 2845 consors
1266 2772 1754 2861 illustrissima,
1809 2773 2026 2843 mirae
2080 2772 2435 2862 religionis
2472 2794 2553 2843 ac
2590 2772 2978 2845 devotionis
3012 2773 3312 2847 foemina
3364 2774 3411 2845 J
3428 2775 3699 2847 udith

475 2924 480 2928 ·
602 2895 863 2983 regina,
920 2893 1063 2964 filia
1114 2892 1611 2964 Wratislai
1666 2894 1861 2964 ducis
1907 2894 2283 2965 Bohemiae
2334 2913 2419 2991 ex
2472 2895 2700 2984 prima
2749 2916 2966 2965 uxore
3023 2895 3469 2987 Adleyda·
3504 2896 3697 2969 Hun-

600 3015 837 3104 garine
888 3016 1074 3104 regis
1128 3015 1583 3115 Andreae*
1627 3002 1791 3097 nata
1860 3019 2218 3102 suscepta,
2272 3013 2599 3102 oppidum
2654 3013 3425 3107 Oppathowyecz-
3482 3038 3698 3113 supra

601 3132 968 3207 Wislam
1023 3137 1249 3226 situm,
1305 3156 1457 3206 cum
1512 3135 1776 3224 aliquot
1830 3134 2036 3222 villis,
2092 3135 2254 3204 item
2310 3133 2541 3205 villam
2598 3136 2859 3233 regiam
2916 3135 3699 3226 Xangniczjepcum

589 3255 758 3327 'aliis
809 3248 994 3327 villis
1047 3270 1259 3346 supra
1313 3254 1421 3353 Ni
1445 3254 1488 3326 d
1507 3256 1587 3326 zi
1608 3274 1646 3324 c
1666 3260 1703 3325 2
1723 3276 1849 3325 am
1932 3254 2086 3325 sitis
2107 3309 2124 3343 ,
2204 3254 2629 3325 monasterio
2658 3240 2991 3345 'praefatu
3051 3250 3402 3348 munifica
3424 3254 3517 3330 ds
3553 3258 3696 3334 visti

599 3377 708 3449 sui
763 3375 1238 3448 Vladislai
1293 3376 1490 3447 ducis
1541 3380 1614 3447 et
1667 3375 2082 3447 monarchae
2122 3373 2451 3446 Poloniae
2486 3375 2771 3465 speciali
2802 3342 3696 3480 annuentiarssfflifnssnsn,
3908 3466 3913 3471 ⁴

599 3498 955 3586 inscripsit
1009 3503 1343 3587 perpetuo
1382 3504 1471 3566 ·et
1524 3495 1828 3567 donavit.
1891 3494 2102 3566 Cuius
2158 3495 2471 3566 beneficii
2524 3501 2690 3567 tunc
2743 3502 3007 3586 accepti
3063 3494 3412 3591 monachi·
3561 3516 3591 3557 τ
3644 3502 3696 3550 '-
3780 3514 3784 3518 ·

597 3618 903 3690 aienses
955 3636 1292 3689 memores
1345 3616 1675 3688 Judith
1748 3617 2068 3705 reginae,
2141 3622 2429 3706 propter
2498 3616 2971 3690 excellentiam
3047 3613 3388 3723 emigrem
3453 3614 3496 3701 f
3556 3626 3739 3720 tem,

597 3742 886 3830 floram,
939 3741 1295 3828 virtutum,
1351 3758 1432 3809 ac
1482 3738 1793 3827 generiS,
1875 3758 2074 3809 nemo
2131 3738 2319 3809 illam
2372 3738 2579 3809 aliter
2632 3758 2835 3829 quam
2891 3742 3199 3830 reginam
3243 3698 3704 3834 ffl'flb'zflffihss
3812 3770 3816 3774 ·

597 3860 864 3950 pellari,
917 3863 990 3932 in
1043 3862 1188 3931 suis
1243 3859 1674 3939 orationibus
1696 3913 1713 3947 ,
1783 3859 2381 3931 obsecrationibus
2428 3854 2507 3929 'et
2558 3859 2919 3931 sacrificiis
2991 3870 3203 3946 afflint
3243 3871 3352 3953 fex
3400 3862 3696 3950 numine,

597 3988 671 4053 et
724 3981 1126 4072 singillatim
1181 3981 1580 4051 memoriam
1635 3980 2022 4070 specialem,
2075 3987 2150 4051 et
2186 3979 2259 4050 in
2295 3979 2595 4051 secundo
2648 3980 2831 4051 illam
2891 3990 3051 4070 pust
3103 3982 3504 4070 primariam
3544 3982 3696 4054 fun-

597 4101 910 4176 datorem
967 4101 1134 4174 Ca's
1155 4102 1178 4172 i
1199 4122 1263 4173 m
1283 4103 1308 4172 i
1328 4123 1427 4172 ru
1447 4121 1514 4172 m
1567 4100 1898 4172 Poloniae
1954 4120 2187 4192 regem
2242 4107 2643 4173 numerant2
2662 4102 2834 4173 loco.
2888 4088 3000 4173 ᾏᾱ
3050 4103 3449 4192 petitionem
3509 4104 3696 4175 insu-

595 4242 722 4313 per
775 4222 1211 4294 Casimiri
1267 4220 1558 4319 praefati
1615 4221 1946 4293 Poloniae
2002 4223 2209 4313 regis,
2262 4222 2837 4294 Rachelinus
2909 4224 3471 4314 archiepiscopus
3524 4224 3695 4296 Cr·-

597 4345 938 4415 ceviensis
957 4400 974 4435 ,
1045 4344 1732 4436 plerisque'decimis
1777 4324 2332 4434 ⁴manipularibus
2404 4344 2815 4434 episcopalis
2870 4364 3037 4415 suae
3084 4364 3369 4417 mensae
3388 4400 3407 4421 .
3458 4362 3696 4417 mona-

595 4465 887 4537 sterium
943 4464 1414 4557 Thyniczense
1468 4463 1856 4556 praefatum
1917 4464 2289 4554 insignivit
2320 4471 2411 4539 -et
2462 4462 2751 4536 dotavit
2842 4464 2967 4537 Cui
3024 4466 3090 4541 A
3109 4487 3154 4537 a
3172 4486 3265 4536 ro
3286 4486 3329 4537 ιι
3384 4467 3691 4539 eiusdem

597 4588 1001 4658 nonasterii
1055 4586 1534 4678 Th5niciensis
1587 4586 1802 4657 abbas
1841 4585 1925 4656 in
1981 4585 2389 4685 pontificatu
2442 4585 2853 4676 sucoedens,
2906 4586 3383 4676 amplioribus·
3410 4586 3693 4659 decimis

578 4709 1102 4799 episcopalibus
1127 4796 1132 4801 .
1155 4709 1377 4779 locum
1435 4708 1659 4797 ipsum
1709 4706 1984 4794 extulit,
2027 4711 2110 4776 et
2164 4705 2505 4777 celebrem
2561 4706 2886 4795 reddidit,
2965 4700 3358 4797 providens,
3411 4709 3693 4799 privile.-

594 4828 793 4918 gians
846 4838 920 4900 et
973 4835 1306 4920 perpetuo
1359 4829 1738 4898 decernens
1793 4827 2038 4915 edicto,
2092 4827 2281 4916 quod
2334 4834 2410 4898 et
2462 4828 2533 4899 in
2589 4835 3049 4923 praesentem·
3078 4828 3261 4900 diem
3298 4829 3557 4907 mansit
3590 4829 3690 4901 illi

593 4948 887 5023 solidum
942 4957 1153 5040 atque
1206 4955 1454 5038 ratum,
1508 4954 1587 5019 ut
1637 4946 1930 5037 quilibet
1981 4946 2199 5019 abbas
2253 4946 2734 5038 Thyniciensis
2788 4949 2859 5019 in
2912 4938 3187 5037 signum
3248 4968 3417 5021 suae
3468 4950 3693 5023 excel-

594 5072 880 5160 lentiae,-
923 5071 1390 5160 praestantiae
1425 5076 1498 5140 et
1531 5068 1913 5159 dignitatis,
1968 5068 2447 5141 cracoviensis
2516 5069 2887 5149 canonieus
2954 5075 3358 5158 censeatur,
3428 5075 3503 5141 et
3554 5091 3690 5141 non

595 5208 793 5265 secus
817 5194 1050 5284 ·q'uam
1091 5191 1460 5283 praelatus
1514 5196 1637 5265 aut
1687 5191 2059 5277 canonicus
2111 5188 2619 5279 Gracoviensis,
2673 5196 2911 5261 utatur
2964 5191 3037 5261 in
3090 5179 3395 5295 ecclesia·
3436 5189 3692 5263 Gracc·-

595 5299 812 5385 viensi
869 5318 943 5384 et
995 5290 1370 5385 canonicali
1425 5312 1720 5385 almutio
1767 5318 1844 5382 et
1895 5310 2110 5383 stallo
2170 5311 2523 5382 canonicis
2576 5310 2891 5383 debendo
2914 5304 2921 5315 '
2944 5311 3241 5399 chorali3
3296 5311 3511 5401 quod·
3536 5313 3689 5402 qui-

595 5432 751 5506 dem
787 5438 930 5505 tam
965 5432 1502 5524 pulcherrimum
1537 5431 1926 5503 clenodinm
1961 5440 2036 5503 et
2069 5431 2343 5522 insigne
2378 5436 2853 5503 ornamentum
2893 5433 3231 5503 neminem
3258 5452 3345 5503 ex
3374 5433 3691 5503 omnibns

593 5557 793 5646 reg-ni
847 5554 1176 5627 Poloniae
1231 5555 1600 5627 abbatibus
1652 5559 1725 5625 et
1777 5553 2199 5643 praepositis
2251 5552 2577 5625 videmus-
2616 5552 2973 5642 rapuisse3
3025 5551 3151 5625 sed
3202 5570 3331 5623 nec
3346 5540 3353 5549 “
3370 5552 3687 5643 aliquem

597 5696 680 5748 ex
733 5676 1088 5748 monachis
1143 5681 1424 5765 praeter
1474 5676 1659 5745 hunc
1709 5674 1984 5744 scimus·
2043 5672 2399 5762 petallam-
2427 5672 2818 5763 pontificale
2872 5674 2945 5745 in
2998 5671 3445 5745 cracoviensi
3498 5672 3690 5745 dioe-

595 5799 736 5870 cesi
789 5804 862 5869 et
915 5797 1205 5867 ecclesia
1253 5804 1583 5887 gestasse.
1653 5794 1844 5865 Cum
1900 5786 2181 5882 insuper
2234 5794 2305 5865 in
2360 5794 2639 5884 villagio
2692 5794 3229 5882 Xangnicze
3264 5852 3269 5859 .
3308 5794 3399 5867 ad
3456 5806 3691 5881 mon*-

595 5904 884 5992 'sterium
939 5919 1410 6008 Thyniczense
1461 5916 1855 6006 pertinente
1875 5944 1912 6000 ,·
1963 5913 2189 5985 divisa
2240 5914 2421 5985 foret
2460 5914 2923 6004 parochialis.
2964 5914 3259 5987 ecclesia
3310 5914 3407 5993 ibi
3462 5916 3693 5989 m
3774 5960 3789 5975 ⁴

591 6048 802 6129 utens,
859 6046 932 6110 et
981 6040 1118 6110 duo
1171 6038 1360 6109 illam
1413 6037 1690 6125 plebani
1743 6041 2072 6124 regerent
2111 6036 2397 6106 decimis
2450 6040 2539 6105 et‘
2573 6026 3037 6125 proventibus·
3080 6035 3419 6123 limitatis,
3470 6020 3689 6133 abbas

593 6168 667 6233 οἲ
717 6161 1210 6233 monasterium
1268 6154 1740 6247 Thyniczense
1791 6156 2094 6227 decimas
2146 6162 2222 6226 et
2273 6161 2651 6246 proventus
2720 6156 3085 6233 massoria
3150 6158 3387 6246 ‚partis
3438 6156 3573 6228 sibi
3618 6161 3691 6229 et

595 6298 722 6351 suo
777 6279 1196 6350 monasterio
1251 6275 1704 6367 Thyncziensi
1725 6331 1742 6364 ,
1799 6276 2034 6361 ‚titulo
2077 6276 2311 6377 ,unius
2382 6274 2793 6363 plebanatus
2846 6276 3209 6364 ,utinctm
3290 6276 3689 6364 muravit

593 6399 816 6490 uniri,
869 6405 938 6471 et
991 6401 1388 6471 nniversam
1455 6398 1826 6491 parochiae
1895 6398 2417 6485 animarumque
2474 6414 2756 6483 curm,
2820 6397 2901 6473 in
2944 6396 3245 6499 alf-erm
3292 6395 3715 6498 plebanu-
3888 6472 3908 6511 ὅ

2796 6544 2805 6553 “
3690 6508 3951 6657 ”“·.’-’“·-·.’·ν’-ῥε

3242 6690 3279 6735 ⁸
3734 6668 3741 6675 .
3764 6636 3835 6699 ’,ἵ-ς
3856 6648 3897 6677 ..’

3790 6816 3883 6885 2³3„-
3930 6842 3939 6873 ι
