4217 8059
292 1478 365 1548 376
508 1500 511 1506 ·

293 1692 477 1772 accentus,
504 1687 540 1754 et
565 1681 772 1779 multiplicia
797 1682 976 1753 divinam
1003 1703 1040 1754 se
1068 1689 1208 1772 praeter
1234 1703 1330 1773 spem
1357 1681 1484 1754 collata
1509 1681 1696 1771 beneficia,
1722 1680 1840 1755 seciam
1874 1742 1898 1768 ,.

291 1804 473 1883 revolvens
485 1802 880 1940 atquepdinumerans,
913 1805 984 1875 suis
1012 1824 1049 1875 se
1076 1805 1135 1894 pia
1161 1804 1329 1894 religione
1356 1807 1609 1892 coaequaturus
1635 1803 1840 1892 praedeces-

263 1925 440 2016 ¹soribus,
462 1912 746 2023 monasterium
737 1947 773 1997 ιιι
799 1931 896 1998 terre
924 1926 1204 2015 Sandomiriensi,
1231 1927 1328 1996 iuxta
1354 1924 1518 2015 oppidum
1550 1923 1841 2017 Goprzyvvni·
1931 1903 1950 1930 “’

288 2068 385 2137 cza,
412 2052 448 2118 et
432 2030 550 2118 t'de
561 2067 670 2138 prope
705 2047 845 2118 fluvium
880 2047 1235 2138 Goprzyvvnicza
1268 2067 1359 2118 anno
1394 2045 1534 2116 Domini
1574 2047 1670 2118 1185
1706 2045 1838 2135 madal,

284 2167 392 2258 erigit
419 2172 523 2258 atque
549 2168 649 2257 locat,
675 2167 959 2276 ecclesiamque
949 2189 985 2238 ιιι
1012 2168 1178 2240 honorem
1205 2165 1442 2258 Omnipotent'
1415 2165 1563 2256 tDei,1s
1590 2171 1626 2237 et
1653 2167 1716 2238 snb
1734 2165 1840 2237 titulo

271 2262 408 2361 Sardi
432 2287 589 2360 Floriani
615 2288 791 2380 martyris,
817 2289 924 2361 cuius
942 2290 1068 2380 corpus
1093 2289 1266 2379 integrum
1294 2288 1338 2360 ad
1360 2287 1550 2378 petitiones
1576 2308 1657 2359 snas
1682 2287 1767 2359 sibi
1757 2304 1841 2377 pur

254 2394 258 2401 ’
287 2410 476 2483 Lucium
503 2430 628 2500 papam
654 2409 808 2499 tertium,
833 2414 870 2481 et
895 2431 959 2500 per
985 2409 1232 2501 Aegidium
1258 2409 1348 2482 Mut'
1323 2415 1493 2480 truensem
1520 2409 1727 2499 episcopum,
1749 2428 1841 2498 apo-

288 2531 446 2604 stolicum
474 2530 632 2602 nuntium
667 2531 907 2619 transmissum
944 2536 1148 2622 susceperat
1182 2552 1273 2602 anno
1299 2529 1439 2600 Domini
1466 2530 1623 2620 proxime
1648 2534 1838 2618 transacto,

100 2673 146 2756 j·
288 2634 422 2743 quadro
448 2650 573 2742 lapide,
599 2651 682 2723 item
710 2650 865 2735 officinas
891 2657 928 2723 et
954 2651 1070 2740 cellas,
1097 2650 1361 2741 habitaculaque
1386 2649 1532 2722 claustri
1558 2670 1658 2722 muro
1684 2648 1839 2741 propriis

97 2768 108 2779 “
139 2776 141 2783 “
288 2771 483 2864 sumptibus
508 2770 666 2862 fabricat,
691 2776 728 2844 et
753 2772 789 2843 in
817 2770 932 2845 dotem
958 2773 1161 2845 monasterii
1188 2771 1335 2862 praefati
1361 2771 1525 2863 oppidum
1552 2770 1841 2864 cnprzyvni-

288 2915 376 2983 cza,
403 2913 575 2965 cumsuo.
596 2891 702 2964 fundo
730 2897 766 2964 et
792 2894 1013 2984 pertinentiis
1039 2893 1121 2983 suis,
1149 2894 1231 2965 item
1258 2893 1362 2964 villas
1388 2893 1528 2964 ducales
1547 2892 1664 2983 donat,
1681 2892 1840 2984 largitur,

287 3021 324 3087 et
349 3014 521 3105 inscribit,
547 3013 848 3106 libertatibusque,
873 3014 1066 3106 privilegiis
1092 3014 1242 3086 locum
1232 3034 1345 3105 ipsum
1372 3014 1416 3087 ab
1443 3013 1536 3085 omni
1563 3013 1749 3103 servitute,
1777 3035 1840 3086 an·
1969 3096 1972 3100 ,

286 3137 404 3243 garia,
430 3135 562 3208 tributo
598 3140 634 3207 et
618 3135 776 3225 tdatia,
802 3140 839 3207 et
866 3134 1030 3226 qualibet·
1044 3135 1228 3242 exactione
1254 3135 1377 3207 eximit
1402 3139 1441 3206 et
1465 3134 1618 3224 insignit
1655 3134 1711 3207 A‘d
1737 3135 1840 3207 cuius

287 3239 489 3348 ampliorem
524 3254 641 3328 dotem
666 3256 812 3329 nobiles
837 3262 874 3328 et
901 3256 1070 3329 militares
1096 3256 1142 3328 de
1166 3257 1272 3328 armis
1299 3256 1513 3350 Bogorya
1540 3261 1577 3328 et
1602 3254 1840 3345 Habdank,
1963 3358 1967 3365 1

286 3383 322 3449 et
347 3377 426 3449 aliis
452 3376 590 3449 familiis
617 3381 653 3448 et
679 3377 846 3469 domibus,
875 3377 975 3449 villas
1001 3398 1092 3468 suas,
1119 3383 1233 3450 sortes
1260 3383 1297 3449 et
1323 3376 1491 3467 praedia
1492 3377 1722 3449 contulerunt
1747 3375 1839 3449 con·

286 3499 392 3572 cessit
418 3503 535 3570 autem
556 3498 738 3591 ‚praefatus
765 3497 1024 3571 crsimirus
1051 3497 1216 3570 Poloniae
1241 3496 1311 3570 dux
1338 3502 1375 3569 et
1399 3497 1597 3587 monarcha,
1624 3496 1751 3589 oppido
1769 3495 1840 3570 co-

286 3641 365 3712 prz
377 3619 587 3712 ywnieza
620 3640 706 3691 ase
732 3619 875 3710 collato,
903 3620 986 3691 item
1013 3619 1107 3692 villis
1133 3618 1244 3690 eidem
1281 3618 1492 3690 monasterio
1519 3616 1840 3710 Goprzyvniczensi

286 3740 423 3812 collatis
449 3745 486 3812 et
512 3738 739 3831 conferendis,
765 3740 960 3832 singulares
986 3746 1023 3812 et
1048 3739 1250 3830 magnificas
1268 3738 1458 3829 libertates,
1477 3738 1712 3831 privilegians,
1730 3740 1836 3813 liber·

285 3867 366 3932 tans
392 3866 428 3932 et
455 3860 638 3933 absolvens
664 3860 800 3951 singula
826 3861 918 3933 bona
944 3861 1146 3933 monasterii
1174 3859 1363 3951 praedicti,
1389 3865 1460 3931 tam
1487 3861 1705 3951 praesentia,
1732 3880 1837 3952 quum

284 3981 412 4072 futura,
439 3983 483 4053 ab
511 3981 603 4052 omni
628 4001 734 4053 onere
760 3981 911 4071 dominii,
930 3982 1083 4071 angaria,
1110 3981 1242 4054 tributo
1269 3986 1305 4053 et
1330 3961 1518 4071 servituie3
1543 3980 1670 4053 iratres
1695 3982 1840 4073 insuper

286 4102 418 4175 ordinis
453 4101 695 4199 cisterciencis
730 4123 773 4176 ex
809 4102 1020 4175 monasterio
1047 4102 1360 4175 Morimnndinensi
1387 4123 1441 4175 ex*
1458 4101 1569 4174 Gallis
1597 4107 1775 4194 sumptos,
1802 4103 1839 4174 in

285 4225 495 4296 monasterio
530 4202 688 4315 praelato
711 4222 1035 4316 Goprzyvvniczensi
1063 4245 1173 4297 novae
1200 4223 1411 4297 fundationis
1437 4224 1577 4295 locavit.
1612 4223 1696 4295 Fuit
1720 4227 1839 4295 autem

287 4347 419 4437 primus
446 4346 646 4418 monasterii
681 4345 852 4437 praedicti
886 4346 995 4451 abbas
1022 4345 1311 4418 Theodricns
1338 4366 1381 4417 ex
1408 4344 1619 4417 monasterio
1645 4343 1840 4417 Morimnn-

269 4468 422 4568 ¹dinensi
449 4468 485 4539 in
513 4467 672 4539 abbatem
700 4466 1060 4560 cnprzywniczensem
1088 4466 1289 4557 designatus
1306 4473 1343 4539 et
1361 4467 1523 4538 directus.
1550 4465 1839 4542 Contulitautem

285 4589 496 4661 monasterio
533 4587 709 4679 praedicto
745 4587 1065 4680 Goprzyvniczensi
1101 4588 1243 4660 Falco
1279 4588 1462 4679 episcopus
1498 4585 1757 4679 cracoviensis,
1783 4587 1840 4660 vir

285 4710 412 4782 nobilis
447 4710 490 4781 de
516 4714 708 4800 genereet
692 4708 864 4780 tlamilia
890 4709 1122 4801 Vulpium,
1148 4709 1192 4780 ad
1219 4709 1454 4827 suplicengpe
1456 4710 1613 4780 titionem
1641 4714 1677 4780 et
1704 4710 1839 4780 instan-

285 4833 369 4904 tiam
397 4830 618 4903 casimiri
650 4830 798 4920 praefati
825 4830 986 4902 duciset
1009 4826 1113 4921 regni
1140 4830 1306 4902 Poloniae
1333 4804 1560 4920 nicoterae,
1581 4830 1737 4902 decimas
1765 4850 1839 4901 ma-

179 4930 183 4938 ’
284 4953 461 5043 nipulares
488 4971 627 5022 mensae
653 4970 737 5022 suae
763 4950 1005 5042 episcopalis
995 4973 1031 5022 ιιι
1050 4952 1178 5042 oppido
1196 4951 1254 5022 co
1267 4952 1569 5042 przywnicza,
1585 4951 1700 5022 item
1690 4972 1726 5022 ιιι
1744 4950 1838 5023 villis

260 5071 604 5159 ·Stranczlov‚
640 5070 991 5162 Szoszniczani,
1019 5071 1298 5163 czissycza,
1325 5071 1639 5162 vainszycza,
1676 5070 1837 5164 Pyela·

140 5270 146 5282 ¹
285 5213 410 5282 szovv,
436 5191 627 5263 Sdanovv
654 5196 690 5262 et
716 5191 999 5285 Skothniky,
1026 5199 1062 5265 et
1089 5215 1147 5265 eas
1174 5193 1567 5284 monasteriopraefato
1595 5191 1638 5264 de
1665 5213 1837 5264 consensu

284 5315 338 5386 sui
365 5312 506 5404 capituli
532 5311 771 5385 cracoviensis
798 5319 967 5405 perpetuo
994 5313 1145 5405 donavit,
1172 5320 1208 5386 et
1234 5315 1428 5404 inscripsit,
1455 5334 1497 5386 ex
1526 5334 1671 5405 quarum
1699 5313 1838 5404 quidem

284 5435 493 5508 decimarum
529 5434 733 5524 donatione,
768 5435 958 5526 amplitudo
994 5457 1120 5526 magna
1155 5437 1354 5508 donationis
1387 5435 1580 5507 coenobiali
1607 5435 1771 5525 accessit,
1799 5443 1839 5507 nt
1971 5426 1977 5434 ’

284 5563 366 5647 pote
393 5578 480 5649 quae
508 5556 758 5650 proprietatem
785 5562 821 5628 et
847 5556 994 5628 fructum
1022 5564 1126 5648 atque
1154 5578 1292 5629 censum
1319 5557 1438 5649 oppidi
1465 5563 1501 5629 ct
1519 5557 1689 5647 villarum,
1707 5558 1742 5628 in
1761 5557 1838 5649 qui·

282 5678 348 5750 bns
374 5678 527 5773 decimae
554 5679 757 5768 consistunt,
784 5678 1123 5770 supergrediebatur.
1158 5677 1313 5752 contulit
1339 5680 1482 5771 insuper
1509 5674 1686 5770 praefatus
1712 5677 1837 5750 casi-
1968 5706 1975 5716 ·

282 5802 427 5873 mirus
449 5786 533 5874 ¹dux
568 5806 603 5872 et
629 5800 794 5873 Poloniae
821 5802 1025 5906 monarcha,
1053 5801 1239 5893 primarius
1267 5800 1350 5873 dicti
1378 5800 1579 5874 monasterii
1607 5799 1772 5872 fundator
1798 5806 1837 5872 et

284 5923 444 6015 domtor,
479 5921 515 5995 in
551 5923 635 5997 dicti
671 5923 874 5996 monasterii
910 5923 1228 6016 Coprzywnicensis
1254 5924 1385 6015 prima,
1412 5931 1448 5995 et
1474 5923 1607 5995 recenti
1633 5921 1836 5997 fundatione

166 6051 171 6061 '
284 6043 418 6115 alveum
446 6043 538 6134 salis,
565 6045 601 6115 in
628 6043 811 6116 salifodina
838 6045 873 6116 in
900 6045 1064 6153 Magno
1091 6045 1209 6136 Sale,
1237 6045 1295 6136 qui
1323 6044 1418 6116 loeus
1445 6066 1535 6116 nunc
1562 6043 1608 6114 W
1617 6043 1837 6135 yeliczka

283 6165 417 6266 vulgari
446 6165 676 6256 appellatione
712 6166 927 6265 intitulatur,
955 6167 1124 6258 insignem
1152 6172 1188 6237 et
1215 6188 1282 6237 non
1308 6166 1485 6257 vulgarem
1513 6166 1691 6257 praedicto
1718 6185 1837 6237 mona·

269 6288 391 6358 'sterio
418 6285 544 6378 dotem,
570 6287 773 6361 foecundam
800 6289 947 6362 cientem
974 6310 1115 6378 venam,
1142 6294 1179 6361 et
1205 6289 1417 6361 monasterio
1444 6295 1708 6379 quaestuosum,
1738 6285 1837 6359 cuius

274 6404 422 6481 ,donatio
455 6408 523 6481 soli
557 6409 707 6502 principi
743 6415 778 6482 et
804 6410 1010 6484 monarchae
1037 6410 1143 6502 regui
1163 6408 1327 6484 Poloniae
1354 6411 1576 6501 congruebat.
1616 6409 1774 6483 contulit
1797 6413 1837 6482 et

1476 6786 1526 6883 9
1671 6726 1681 6740 .
