4217 8059
303 1559 307 1566 ·
398 1520 471 1591 206

397 1748 479 1817 uua,
507 1727 588 1797 item
615 1724 744 1815 gallos,
771 1724 855 1797 Item
882 1744 1023 1815 caseos,
1051 1725 1133 1797 item
1160 1724 1321 1797 laborant
1348 1720 1511 1821 ius-rapui,
1553 1720 1704 1813 arando,
1731 1718 1944 1813 seminando,

397 1847 564 1936 metendo,
592 1846 823 1936 conducendo,
851 1846 932 1917 item
960 1868 1137 1941 aprunam
1164 1846 1304 1918 suivant
1329 1866 1393 1937 per
1419 1850 1570 1936 quatuor
1597 1840 1822 1936 quadrantes,
1848 1842 1946 1941 odys·

395 1964 461 2035 due
483 1966 631 2038 mediam
659 1987 820 2057 marcam,
848 1967 1013 2039 scultetus
1031 1989 1138 2039 unum
1156 1966 1336 2055 iertunem3
1363 1967 1444 2038 item
1471 1966 1619 2039 taberna
1636 1944 1706 2038 una
1731 1963 1946 2053 monasterii,

395 2087 526 2158 habens
553 2108 657 2177 agros
684 2094 720 2159 et
746 2088 877 2189 solvit:
896 2143 1013 2178 .....
1040 2090 1124 2159 item
1151 2088 1383 2177 hortulaniae3
1410 2088 1494 2159 item
1521 2108 1590 2160 uun
1617 2093 1672 2160 'est
1699 2086 1747 2160 ibi
1775 2086 1945 2175 scultetis,

395 2208 477 2278 item
506 2229 573 2280 uon
601 2216 656 2281 est
681 2208 872 2300 praedium
899 2210 981 2280 item
1009 2209 1085 2300 agri
1112 2207 1347 2280 emethonales
1365 2214 1402 2279 et
1419 2208 1586 2281 tabernae
1612 2206 1751 2280 solvunt
1778 2207 1946 2279 decimam

395 2329 606 2419 pecuniaiem
635 2330 844 2402 monasterio
873 2328 1089 2419 Thiuciensi,
1126 2330 1207 2401 item
1234 2328 1345 2419 gallos
1372 2328 1557 2402 totavilla
1591 2326 1836 2420 septemdecim
1863 2348 1942 2399 uen-

394 2450 518 2541 suaIes,
546 2450 692 2523 totidem
719 2451 944 2539 stationaIes;
980 2471 1045 2522 uva
1071 2428 1275 2541 nunaginta,
1302 2468 1422 2522 caseus
1449 2448 1731 2541 quatuordeeim,
1767 2450 1848 2520 item
1876 2450 1946 2523 ista

396 2570 479 2642 villa
506 2554 714 2643 coniunctim
751 2593 827 2643 cum
865 2572 974 2643 altera
1010 2570 1216 2663 nguzd‚
1252 2571 1358 2643 solvit
1393 2591 1456 2661 pru
1484 2570 1636 2644 aduentu
1671 2590 1764 2642 anne
1790 2568 1946 2661 quelibet

396 2692 649 2784 deeemseptem
676 2712 815 2783 avenae,
842 2713 946 2764 unam
972 2710 1116 2783 pernam
1143 2692 1243 2782 lardi,
1270 2699 1306 2764 et
1332 2714 1438 2764 unum
1465 2691 1601 2764 oetuale
1628 2690 1804 2764 cervisiae.
1830 2688 1945 2763 Genii-

395 2818 457 2884 nat
483 2833 559 2885 cum
587 2810 843 2905 Brzyszka,
881 2812 1196 2904 Orayuwieze,
1231 2812 1520 2905 Dambruwa,
1557 2812 1793 2904 Lypnipza
1828 2810 1945 2884 Inie-

381 2918 513 3007 -I’iori
541 2940 577 3007 et
604 2933 871 3026 Superiori,
899 2942 935 3007 et
962 2934 1185 3007 Clodawu.

499 3054 701 3147 erurczu,
728 3054 811 3127 villa
837 3055 901 3127 sub
928 3056 1094 3147 parochia
1120 3040 1298 3128 ecclesiae
1311 3055 1354 3127 de
1381 3054 1616 3147 Brzyszka
1642 3054 1719 3145 sita,
1746 3054 1845 3127 euius
1862 3072 1944 3145 pru·

316 3172 323 3201 ⁸
394 3175 525 3267 prietes
565 3176 609 3248 ad
649 3177 896 3249 monasterium
944 3176 1158 3249 Thineiense.
1201 3176 1241 3247 In
1270 3197 1338 3267 qua
1371 3196 1440 3247 uon
1481 3184 1562 3248 sunt
1601 3176 1719 3266 plures
1755 3175 1816 3246 sed
1853 3194 1944 3248 unus

395 3296 523 3389 laneus,
564 3303 600 3369 et
626 3297 731 3369 solvit
757 3317 821 3389 pro
849 3317 953 3370 censu
981 3318 1094 3369 annuo
1122 3318 1224 3369 unam
1252 3294 1404 3369 marcam
1431 3317 1508 3367 eum
1534 3297 1647 3369 tribus
1673 3296 1824 3387 grossis,
1859 3292 1944 3367 item

135 3442 210 3573 55*
343 3474 345 3481 .
394 3437 470 3509 ora,
497 3419 578 3490 item
607 3438 735 3509 caseos,
763 3418 846 3490 item
865 3419 986 3510 galim,
1014 3420 1097 3490 item
1124 3418 1261 3490 laborat
1283 3414 1440 3513 iutrayui,
1468 3419 1609 3509 arando,
1635 3417 1847 3507 seminando,
1872 3436 1945 3488 me·

210 3550 212 3555 '
247 3616 249 3623 ,
345 3512 509 3629 ”tenda
536 3538 758 3611 conducendo
786 3558 889 3629 agros
917 3545 953 3610 et
978 3538 1153 3611 frumenta
1178 3539 1214 3609 iu
1241 3538 1497 3629 Brzyszlra,
1524 3540 1608 3611 item
1635 3536 1815 3637 opruwunr'
1838 3536 1944 3609 saluii

395 3666 546 3749 quatuor
573 3659 793 3750 quadrantes,
821 3656 967 3753 udpsedue
993 3665 1127 3749 septem
1154 3664 1284 3732 scottus
1312 3660 1523 3751 emethones,
1550 3659 1715 3732 scultetus
1743 3678 1849 3729 nuum
1874 3654 1945 3729 fei·-

394 3786 520 3851 tonem.
548 3780 633 3850 Item
663 3800 730 3851 nun
758 3786 840 3851 sunt
868 3780 915 3852 ibi
942 3781 1118 3868 tabernae,
1145 3801 1215 3852 nun
1233 3786 1288 3852 eat
1305 3779 1495 3871 praedium,
1522 3800 1591 3852 non
1609 3784 1691 3852 sunt
1706 3776 1945 3859 ,hortulaniae

394 3899 482 3971 item
510 3900 557 3971 ibi
586 3899 744 3972 scoltetIa
771 3900 902 3973 habens
930 3900 1016 3972 duos
1043 3900 1170 3992 laneos,
1198 3907 1235 3973 et
1260 3901 1366 3973 solvit
1391 3920 1455 3992 pro
1483 3900 1616 3973 decima
1643 3916 1748 3973 uuum
1774 3898 1944 3971 fertonem

395 4021 559 4092 eeclesiae
587 4022 623 4092 in
649 4022 895 4113 Brzyszka.
921 4022 1009 4093 Item
1037 4022 1081 4094 de
1108 4041 1213 4094 censu
1239 4022 1364 4113 recipit
1381 4029 1518 4094 sextum
1545 4021 1734 4095 denarium.
1761 4022 1851 4094 Item
1867 4020 1944 4113 agri

395 4137 596 4232 emethonis,
623 4141 763 4215 solvunt
789 4142 953 4215 deeImam
982 4143 1195 4234 pecunialem
1223 4144 1433 4215 munasterio
1461 4142 1677 4235 Thineiensi,
1704 4162 1809 4214 unum
1836 4141 1944 4215 fertu-

395 4280 470 4333 nem
498 4263 686 4335 cummunis
713 4264 888 4354 pecuniae.
934 4263 1019 4335 Item
1049 4283 1112 4354 pru
1140 4264 1291 4336 statione
1327 4263 1413 4335 dairt
1439 4264 1558 4336 abbati
1598 4283 1662 4355 pro
1689 4244 1841 4336 adventu
1868 4282 1944 4353 suu,

395 4383 548 4473 quolibet
575 4404 664 4456 annu
693 4384 778 4456 duas
806 4405 984 4457 mensuras
1012 4406 1152 4475 avenae,
1179 4406 1284 4457 riuum
1312 4384 1447 4456 uetuaIe
1475 4384 1652 4475 cervisiae,
1678 4384 1761 4457 item
1789 4404 1850 4455 sex
1866 4382 1945 4474 pul-

393 4504 454 4593 Ios,
481 4504 564 4576 item
592 4524 735 4596 pernam
762 4504 860 4577 lardi.
888 4504 1047 4578 Cuniinat
1074 4525 1151 4577 eum
1178 4506 1434 4598 Brzyszka,
1471 4503 1786 4597 Grayuwieze,
1821 4504 1944 4576 Dam-

393 4622 582 4698 bruwa.'
1078 4636 1081 4643 '
1751 4634 1755 4641 '

497 4746 687 4838 Buscznu,
715 4746 797 4821 villa
814 4748 879 4819 sub
897 4747 1062 4838 parochia
1080 4748 1224 4819 alterius
1252 4746 1455 4820 Banezal
1481 4746 1717 4819 MilitarIs
1744 4748 1822 4838 sitq
1845 4746 1944 4819 euius

393 4868 587 4957 proprietas
615 4868 659 4939 ad
686 4868 931 4940 monasterium
959 4867 1165 4939 Thineiense
1195 4868 1355 4958 pertinet.
1399 4868 1440 4940 In
1467 4890 1535 4959 qua
1562 4873 1643 4940 sunt
1669 4868 1761 4939 lanei
1788 4866 1943 4939 emethe-

393 5009 484 5079 nnm,
511 4994 547 5059 et
574 4988 721 5079 quilibet
747 5008 810 5079 pro
839 5008 953 5061 annuo
981 5008 1086 5059 censu
1113 4988 1218 5060 solvit
1244 4994 1315 5060 tres
1342 4986 1495 5061 fertones
1522 4995 1559 5061 et
1585 5010 1645 5061 sex
1672 5008 1831 5079 grossos,
1858 4988 1942 5060 item

394 5129 459 5180 ura
485 5109 689 5200 quindecim,
715 5110 797 5182 item
824 5109 934 5200 gallus
961 5117 1043 5199 tres,
1071 5110 1154 5182 item
1182 5120 1304 5182 caseus
1327 5116 1410 5201 tres,
1438 5111 1482 5183 de
1507 5116 1584 5183 tota
1610 5109 1703 5201 rilla3
1730 5111 1813 5183 item
1839 5130 1943 5207 opra-

395 5244 484 5299 uum
510 5250 574 5320 per
600 5235 751 5322 quatuor
784 5230 1013 5321 quadrantes,
1049 5228 1197 5323 superine
1231 5239 1309 5304 ueto
1344 5252 1486 5321 grossus
1522 5232 1741 5322 emethunes,
1776 5230 1944 5304 scultetus

390 5350 495 5422 etiam
523 5358 600 5423 oete
626 5370 775 5441 grossos.
801 5351 888 5422 Item
906 5352 1052 5423 taberna
1079 5372 1148 5423 una
1175 5352 1222 5422 ibi
1249 5359 1305 5424 est
1331 5352 1540 5443 manasterii
1565 5352 1698 5425 habens
1724 5372 1838 5443 agros,
1865 5350 1939 5423 sul·

393 5473 444 5543 vit
461 5526 576 5543 .....
602 5472 688 5543 Item
716 5471 934 5543 hortulaniae
961 5492 1029 5543 non
1057 5478 1151 5561 suut,
1178 5473 1261 5544 item
1289 5472 1468 5563 praedium
1496 5495 1564 5547 nun
1583 5482 1647 5563 est,
1674 5493 1785 5564 neque
1811 5472 1944 5545 molen-

393 5594 521 5684 diuum,
548 5594 630 5666 item
648 5593 809 5665 laborant
827 5590 984 5689 tuensqui,
1012 5594 1154 5682 arando,
1173 5594 1384 5685 seminando,
1403 5595 1571 5687 metendo,
1599 5588 1832 5685 cundueend03
1858 5594 1943 5665 item

393 5719 447 5785 est
473 5714 520 5786 ibi
549 5714 708 5788 scultetis
734 5714 867 5785 habens
895 5713 981 5785 duos
1017 5713 1154 5802 laneos,
1190 5722 1225 5785 et
1252 5714 1356 5787 solvit
1381 5736 1445 5807 pru
1472 5714 1605 5789 decima
1641 5735 1747 5788 unum
1772 5713 1942 5787 sermnem
1970 5762 1983 5781 ,

301 5926 303 5931 ¹
392 5837 427 5906 in
455 5835 672 5925 Banezal,
710 5836 791 5907 item
819 5836 862 5906 de
890 5854 993 5907 eensu
1030 5833 1133 5906 viIIae
1169 5845 1304 5921 sextum
1341 5836 1522 5909 denarium
1557 5838 1692 5929 recipit.
1737 5836 1825 5908 Iteru
1866 5836 1944 5929 agri

392 5956 494 6029 villae
522 5957 659 6029 solvunt
697 5956 863 6027 decimam
900 5954 1113 6046 pecunialern
1140 5958 1175 6028 in
1203 5956 1317 6029 Thin
1328 5980 1445 6049 yeez.
1489 5958 1574 6030 Item
1603 5980 1667 6049 pru
1694 5958 1847 6031 statione
1874 5957 1943 6031 sui-

392 6085 478 6150 runt
504 6079 653 6150 medium
682 6077 818 6148 uetuale
846 6078 1031 6169 cervisIae,
1072 6088 1145 6150 tres
1172 6078 1301 6168 gallae,
1338 6080 1419 6151 item
1447 6100 1549 6151 unam
1577 6100 1774 6153 mensuram
1801 6098 1942 6168 avenae,

393 6202 475 6269 item
502 6200 648 6271 mediam
677 6217 819 6288 pernam
848 6198 946 6270 lardi.
991 6198 1152 6273 Confluat
1180 6222 1255 6270 cunr
1283 6200 1572 6289 Dambruwa
1610 6188 1750 6289 BriIi,
1777 6198 1942 6271 Trzen-

393 6322 544 6411 nieza,
572 6320 795 6391 Banczali
825 6320 1083 6410 Superiori.
1122 6325 1125 6331 ’
