4217 8059
307 1459 382 1530 310

306 1664 455 1737 Michael
483 1667 530 1737 de
553 1665 773 1757 Gzyszow‘
804 1665 1013 1751 castellanus
1039 1664 1333 1737 Saudomiricnsls
1358 1664 1528 1738 et·castri
1555 1664 1857 1743 Zaricbostb

305 1788 517 1875 tenutarins,
544 1786 670 1858 nobilis
703 1785 747 1856 de
784 1786 884 1857 domo
921 1786 1160 1857 Pololrozs
1194 1784 1360 1857 fabricam
1396 1787 1562 1859 ecclesiae
1589 1794 1626 1858 ct
1651 1789 1856 1863 monasterii
1891 1780 1896 1787 ’

304 1908 599 1982 Zawicbostb
625 1926 647 1977 a
674 1905 830 1978 Tartaris
858 1914 894 1977 et
919 1907 1080 1978 barbaris
1107 1906 1236 1979 dudum
1264 1911 1344 1978 ante
1372 1915 1530 1979 exustam
1557 1908 1679 1997 diruit,
1703 1915 1741 1981 et
1766 1909 1855 2000 lupi-

304 2034 365 2104 des
391 2038 497 2121 atque
531 2029 659 2100 lateres
694 2027 836 2123 dirutos
857 2028 891 2097 io
920 2026 1134 2116 Gzyszow
1162 2027 1314 2099 deduxit.
1332 2033 1368 2099 et
1393 2035 1510 2103 castro
1538 2049 1601 2100 suo
1628 2027 1855 2119 Osyszow,

229 2204 233 2216 ,
303 2153 394 2244 quod
421 2159 504 2222 tunc
530 2149 767 2221 fabricabatur
793 2149 949 2219 inseruit.
977 2146 1095 2236 Quod,
1120 2168 1198 2218 cnm
1226 2147 1502 2220 Vladislaus
1529 2170 1592 2221 rex
1619 2148 1785 2227 Poloniae
1810 2170 1854 2223 ex

169 2284 172 2290 '
302 2272 490 2345 lritbvania
515 2271 647 2342 babens
674 2275 756 2340 tunc
782 2289 897 2339 secum
920 2268 955 2339 in
974 2267 1138 2340 comitiva
1155 2267 1392 2340 Alexandrum
1411 2267 1664 2342 Vitandum
1692 2290 1855 2360 magnum

302 2396 422 2467 docem
460 2392 666 2464 Litbvaniae
701 2410 863 2461 reversus
899 2387 1118 2477 offendisset,
1145 2388 1264 2460 dolore
1291 2389 1397 2462 nimio
1424 2391 1671 2478 exacerbatus,
1698 2387 1853 2463 fororem

301 2537 400 2588 suum
428 2516 464 2585 in
490 2511 695 2583 Miclraelem
732 2510 951 2580 coacervavit
986 2514 1022 2579 et
1049 2510 1235 2599 sponsione
1262 2509 1375 2597 rigida
1402 2510 1514 2599 ipsum
1541 2511 1585 2581 ad
1613 2510 1854 2600 reparandum,

301 2658 388 2728 quae
415 2633 599 2706 demolitus
626 2638 721 2719 erat,
749 2630 925 2720 obligavit.
965 2628 1111 2719 Sponsio
1138 2636 1255 2701 mmor
1283 2630 1352 2719 illo,
1380 2632 1473 2721 regis
1501 2632 1555 2702 ira
1581 2631 1854 2723 conquiescente,

301 2760 369 2828 non
398 2756 463 2827 luit
490 2754 639 2843 impleta,
667 2756 702 2821 et
728 2751 866 2823 divinae
893 2750 1040 2821 iniuriae
1067 2749 1153 2821 ultio
1180 2750 1455 2852 dissimulatione
1474 2751 1646 2841 neglecta3
1664 2751 1726 2823 sed
1744 2728 1850 2842 quum

302 2878 372 2948 illic
399 2896 535 2967 quoque
565 2874 666 2945 locus
693 2892 814 2962 parum
841 2877 938 2945 tutus
964 2891 1029 2958 pro
1056 2870 1375 2942 sanctimonialibus
1402 2871 1599 2961 videretur,
1627 2873 1663 2943 in
1689 2870 1853 2949 Orare
1899 2871 1910 2960 j

302 3000 419 3070 riam
446 2996 523 3067 illas
550 2992 740 3081 transtulit,
766 2998 802 3063 et
829 2991 1007 3063 ecclesiam
1035 2990 1069 3062 S.
1095 2990 1256 3061 Androm
1276 2993 1571 3065 extraeiritatem
1590 2999 1674 3063 tunc
1693 2992 1854 3083 positan,

156 3124 160 3132 '
300 3127 337 3191 et
372 3119 484 3189 locum
519 3135 583 3206 pro
619 3113 847 3201 monasterio,
884 3112 921 3182 in
957 3093 1040 3201 quo
1062 3117 1097 3182 et
1132 3111 1299 3182 hacteuus
1335 3113 1530 3184 consistunt
1557 3112 1628 3185 illis
1653 3114 1854 3203 msignavit.

300 3238 584 3311 Helizabeth
619 3234 767 3324 deniqne
795 3232 953 3305 Caroli
980 3231 1181 3321 Huogariae
1208 3233 1302 3321 regis
1329 3232 1470 3320 relicta,
1497 3241 1534 3305 et
1560 3253 1660 3321 soror
1684 3254 1852 3323 germana

299 3355 745 3433 casimiri-Secundi
773 3353 938 3425 Poloniae
965 3353 1069 3443 regis,
1095 3352 1176 3426 dum
1205 3352 1369 3425 Poloniae
1396 3374 1540 3443 reguum
1567 3376 1610 3426 er
1628 3356 1850 3431 concessione

299 3482 360 3554 tilii
388 3482 442 3552 sui
469 3478 694 3550 Ludovici
720 3473 921 3563 Hdngariae
948 3480 984 3545 et
1011 3472 1176 3544 Poloniae
1203 3474 1316 3562 regis,
1342 3475 1402 3565 qui
1428 3473 1660 3547 Gasimiro
1687 3475 1721 3547 in
1750 3474 1853 3551 Pola-

299 3606 377 3675 niae
404 3588 512 3691 regno
538 3602 762 3684 successerat,
790 3597 824 3666 in
852 3615 916 3666 sua
942 3595 1150 3665 consisteret
1175 3593 1316 3683 ditione,
1343 3594 1411 3666 duo
1440 3595 1611 3686 virginum
1630 3597 1852 3685 monasteria,

299 3723 461 3795 videlicet
495 3719 614 3792 Sancti
651 3717 810 3788 Andreae
847 3716 882 3786 in
909 3713 1137 3786 Gracoria
1163 3720 1199 3785 ct
1234 3714 1471 3806 Antiquae
1497 3715 1710 3804 Sandeca,
1735 3714 1852 3797 aliena

299 3844 381 3916 dote
408 3841 555 3930 amplios
590 3839 772 3926 dotatura,
799 3855 919 3907 omnes
954 3834 1106 3907 decimas
1133 3819 1367 3925 manipulares
1393 3841 1431 3907 et
1457 3837 1655 3926 pecunialcs
1682 3839 1721 3921 iu
1744 3837 1851 3918 terri·

298 3948 390 4035 torio
417 3944 644 4033 Sendeczeosi
671 3957 918 4044 consistentes,
944 3962 980 4027 et
1007 3953 1230 4025 admoneam
1258 3936 1489 4046 episcopalem
1516 3957 1750 4046 pertinentes,
1776 3958 1853 4033 rio-
1872 3934 1882 4012 ’-

298 4085 410 4156 lenter
436 4087 590 4170 occupat,
617 4086 654 4150 et
680 4098 739 4149 eas
757 4075 1058 4148 Bodzantbae
1080 4076 1247 4166 episcopo
1265 4081 1349 4148 tuuc
1367 4075 1588 4148 cracoviensi
1606 4096 1668 4168 per
1686 4076 1851 4151 iniuriam

298 4204 450 4290 ablatas,
479 4204 570 4273 inter
601 4198 757 4291 praefata
783 4197 901 4269 Sancti
928 4195 1090 4276 Andreae
1126 4202 1162 4267 et
1190 4197 1428 4286 Antiquae
1455 4196 1660 4269 Sandecz
1688 4198 1852 4288 partitor,

296 4347 388 4397 anno
413 4323 553 4395 Domini
585 4322 682 4392 1300
710 4320 787 4410 (sic)
815 4338 960 4408 quarum
984 4317 1242 4389 restitutionem
1260 4317 1341 4389 dum
1360 4295 1638 4391 Bodzautba
1663 4321 1851 4410 episcopus

294 4453 331 4516 et
357 4443 637 4534 interpellatione
672 4441 718 4512 bo
781 4445 819 4509 ta
855 4439 994 4527 exigere
1031 4459 1100 4509 non
1128 4445 1264 4527 posset,
1291 4437 1335 4509 ad
1363 4438 1694 4513 Innocentium
1720 4459 1847 4531 papam

296 4565 476 4638 Sextum
505 4564 627 4637 babuit
685 4569 687 4575 '
774 4580 851 4648 om,
878 4579 1086 4648 cansamque
1112 4555 1342 4630 lolenuae
1378 4557 1497 4631 Sancti
1524 4559 1687 4633 Andreae
1714 4568 1751 4633 et
1776 4561 1850 4637 Af·

295 4689 396 4760 frae
432 4686 667 4775 Antiquae
708 4680 915 4752 Sandecz
955 4679 1142 4750 abbatissis
1178 4699 1219 4750 ac
1253 4698 1371 4751 earum
1409 4681 1656 4771 conventibus,
1692 4682 1727 4753 iu
1761 4682 1852 4759 urbe

296 4810 339 4880 de
357 4807 468 4897 spolio
494 4804 688 4892 committit,
715 4809 752 4872 et
778 4821 894 4872 coram
923 4799 1195 4870 Bernhardo
1223 4800 1482 4891 archiepiscopo
1502 4799 1732 4891 Neapolitano
1749 4802 1851 4877 audi·

172 4994 175 5001 .
293 4935 380 5017 tore,
407 4928 451 4997 de
479 4933 624 5016 utroque
651 4922 816 4993 coenobio
844 4941 906 5010 per
933 4921 1141 5005 sententiam
1168 4920 1380 4992 definitivam
1407 4920 1516 4991 refert¹
1534 4923 1751 5012 sententiam,
1769 4921 1846 4995 foe·

294 5046 444 5138 rontq'ne
470 5045 667 5125 abbatissae
694 5049 732 5113 et
757 5040 1038 5111 sanctimoniales
1065 5039 1242 5131 praefatae
1270 5042 1425 5115 censuris
1452 5041 1665 5131 Apostolicis
1690 5048 1849 5133 tempore

294 5191 363 5240 non
390 5188 506 5258 parvo,
534 5166 643 5236 donec
668 5164 712 5235 de
739 5163 831 5233 omni
859 5160 1110 5250 satisfacerent,
1139 5163 1472 5250 excommunicatae3
1498 5168 1535 5233 et
1552 5164 1709 5259 quamvis
1728 5164 1848 5253 plures

277 5290 397 5387 'villae
423 5293 460 5360 et
485 5292 674 5379 proventus
701 5284 813 5355 eidem
840 5283 1053 5354 monasterio
1080 5282 1119 5353 in
1143 5282 1258 5353 dotem
1278 5283 1486 5372 assignatae,
1504 5283 1691 5356 distractae
1709 5291 1746 5357 et
1763 5285 1849 5365 alie-
1896 5326 1903 5335 ·

294 5420 397 5484 natae
424 5411 504 5499 sint,
531 5428 596 5481 nos
621 5414 737 5479 tamen
765 5404 966 5494 ampliorem
994 5402 1240 5474 alienationem
1267 5424 1331 5494 pro
1368 5404 1507 5476 modulo
1542 5405 1692 5485 humano
1719 5395 1861 5479 reatrt·'

293 5533 394 5622 eturi,
420 5530 585 5622 reliquias
611 5526 827 5618 oppidorum,
855 5523 1012 5594 villarum
1040 5529 1077 5594 et
1104 5524 1307 5595 introituum
1326 5525 1361 5595 in
1380 5526 1553 5614 praesenti
1571 5531 1728 5615 regestu)
1744 5546 1849 5605 cora-

295 5656 407 5727 rimus
433 5657 610 5724 annotare.

398 5773 665 5859 Zesmcnosru,
692 5766 854 5859 oppidum
883 5766 1033 5836 interra
1051 5763 1323 5837 Sandomiriensi
1349 5771 1385 5836 et
1403 5768 1500 5837 iuxta
1527 5766 1701 5839 Vislam
1730 5770 1848 5857 situm,

290 5899 422 5969 babens
449 5895 542 5964 intra
576 5911 613 5961 se
639 5890 726 5961 duas
761 5873 976 5977 parochiales
1011 5886 1130 5957 ambas
1166 5893 1335 5975 muratas,
1371 5907 1473 5957 unam
1510 5886 1659 5959 Sanctae
1695 5887 1844 5980 Mariae,

292 6020 389 6090 cuius
415 6014 600 6087 canonicus
626 6008 915 6082 Saddomiriensis
941 6006 984 6078 de
1002 6007 1201 6096 praebenda
1228 6005 1427 6078 Koniczska
1454 6009 1577 6080 unicus
1604 6015 1660 6081 est
1685 6008 1851 6099 collator,¹

260 6126 439 6209 ¹alteram
474 6134 620 6205 Sanctae
656 6130 857 6217 Trinitatis,
893 6130 990 6199 cuius
1025 6127 1289 6199 archidiaconus
1325 6126 1604 6201 Zaricbostensis
1639 6131 1761 6203 unicus
1778 6138 1847 6207 ,est

293 6258 449 6347 collator,
467 6255 512 6329 ad
528 6254 778 6348 proprietatem
796 6250 995 6322 monasterii
1014 6249 1133 6319 Sancti
1152 6246 1313 6319 Andreae
1331 6248 1508 6338 pertinens
1545 6249 1710 6325 donatum
1725 6252 1843 6327 eidem
1938 6312 1941 6319 .

149 6358 196 6445 ᾖ
293 6380 460 6453 canobio
494 6399 557 6468 per
592 6373 859 6447 Boleslaum
893 6368 1111 6440 Pndicnm
1146 6366 1278 6439 ducem.
1317 6366 1359 6440 lu
1394 6389 1461 6460 qno
1609 6373 1847 6464 quadraginta

1455 6548 1535 6661 S·
