4217 8059
134 2737 144 2745 ,
271 2653 363 2745 quod
390 2672 454 2741 pro
482 2647 692 2737 monasterio
720 2645 824 2717 solvit
851 2644 938 2715 duas
965 2647 1139 2730 metretas
1167 2641 1275 2713 tertIa
1291 2661 1356 2731 pro
1374 2662 1412 2712 se
1430 2646 1578 2731 recepta,
1597 2640 1705 2712 habet
1720 2658 1830 2712 naun

281 1486 510 1558 306-’

139 1652 144 1663 ι
270 1713 354 1782 vero
381 1695 435 1762 est
461 1688 570 1774 liber3
597 1683 757 1756 scoltetia
782 1686 897 1754 autem
924 1678 1083 1770 praelata
1108 1677 1196 1749 alias
1222 1698 1291 1748 non
1318 1675 1514 1748 habebatur
1539 1674 1575 1744 in
1594 1672 1678 1744 villa
1695 1668 1829 1762 eadem,

270 1813 330 1884 sed
359 1816 439 1901 post
464 1805 701 1878 fundationem
737 1808 776 1874 et
809 1801 1022 1879 dotationem
1059 1797 1261 1870 monasterii
1287 1797 1324 1867 in
1351 1794 1603 1886 praeiudicium
1629 1795 1724 1885 eius,
1748 1813 1828 1865 cunr

269 1932 364 2004 nulla
391 1929 579 2001 necessitas
606 1930 679 1996 aut·
694 1923 827 1995 utilitas
854 1927 1000 2011 extaret,
1026 1919 1160 1992 amavit
1177 1938 1254 1990 eam
1273 1916 1575 2006 Stbepbauus
1602 1916 1700 2006 prior
1718 1914 1828 1987 duaa

270 2074 335 2133 nus
361 2070 489 2140 genere
516 2053 552 2119 et
578 2020 731 2136 Agnes
766 2043 953 2134 priorissa,
979 2047 1016 2113 et
1042 2040 1111 2111 levi
1138 2039 1296 2111 mercede
1323 2037 1487 2110 vendidit
1527 2036 1613 2108 Item
1641 2037 1677 2107 in
1705 2035 1827 2117 eadem

270 2171 354 2244 villa
379 2177 435 2242 est
461 2165 668 2240 coenobiale
687 2165 866 2255 praedium
894 2163 1021 2234 bonnm
1049 2150 1262 2247 cumcuma,
1288 2159 1323 2229 iu
1350 2163 1423 2229 tres
1447 2177 1588 2246 campos
1606 2156 1765 2246 divisam,
1783 2155 1829 2228 de

270 2293 368 2364 cuins
395 2290 490 2380 agris
516 2287 665 2360 solvitur
692 2284 826 2356 decima
852 2281 1077 2372 manipularis
1105 2281 1211 2352 etiam
1237 2280 1272 2382 in
1297 2275 1504 2374 ponitlawam
1531 2279 1698 2349 ecclesiae
1724 2296 1837 2368 paro·.

237 2386 240 2392 ⁵
270 2412 374 2484 chiali
411 2412 447 2481 in
482 2408 629 2498 (lory,
656 2405 832 2494 canapalis
867 2424 936 2475 non
972 2401 1085 2473 datur.
1124 2400 1212 2472 Item
1248 2399 1285 2471 in
1311 2399 1432 2470 eadem
1445 2395 1542 2469 ‘uilla
1567 2403 1651 2469 sunt
1677 2405 1828 2488 quatuor

256 2533 426 2625 piscinae
452 2531 488 2601 iu
515 2533 673 2629 torrente
700 2524 962 2617 Pyotrkow,
989 2529 1026 2593 et
1053 2521 1088 2592 in
1114 2543 1184 2592 nna
1211 2520 1347 2591 illarum
1366 2519 1490 2592 maiori
1508 2527 1563 2591 est
1581 2518 1828 2610 molendinum,
1925 2586 1932 2605 ,

270 2774 408 2845 laneum
435 2770 479 2842 de
506 2769 601 2859 agria
627 2766 785 2857 liberum,
812 2771 848 2836 et
874 2763 968 2836 solus
995 2762 1130 2852 lapides
1156 2768 1193 2833 et
1211 2761 1326 2835 omnia
1343 2780 1546 2851 comparare
1563 2765 1711 2832 tenetur.
1738 2758 1828 2833 Item
1867 2802 1873 2809 ·
1960 2782 1964 2791 ·

271 2893 437 2965 ecclesiae
464 2891 500 2962 in
527 2886 810 2961 Oraszniczu
837 2884 979 2956 solvunt
1004 2880 1188 2979 boqucbuo
1214 2902 1319 2957 unum
1345 2902 1504 2986 grossum
1532 2880 1576 2954 de
1603 2881 1826 2983 laneorum

270 3020 407 3104 pratum
435 3012 470 3083 in
498 3009 748 3100 Ozyrnyou
762 3006 1005 3108 '‘Ialmstrant,
1034 3008 1208 3093 castrant,
1233 3003 1400 3094 colligunt
1427 3010 1461 3073 et
1489 3002 1695 3075 conducunt.
1736 3002 1827 3075 Itan

183 3186 185 3191 -
270 3156 446 3230 «promum
472 3126 541 3203 non
568 3129 716 3202 solvunt.
743 3127 832 3199 Item
858 3126 1031 3199 mellificis
1055 3147 1123 3197 non
1141 3108 1280 3199 habent
1306 3125 1394 3196 Item
1412 3123 1668 3197 molendinator
1686 3120 1829 3196 tenetur
1925 3148 1928 3153 ·

272 3257 415 3329 reticere
450 3250 703 3339 molendinum,
739 3256 776 3321 et
812 3249 843 3319 si
869 3248 957 3344 ,dest
958 3254 1136 3335 ruer,etnr
1163 3253 1278 3318 totum
1304 3246 1347 3318 de
1374 3267 1464 3318 novo
1490 3252 1703 3319 construere
1741 3245 1831 3318 Item

272 3375 539 3467 villapraelata
574 3371 724 3445 continet
760 3391 838 3441 cum
866 3368 1207 3456 villisJabIoua,
1234 3367 1500 3454 Thnaszow,
1525 3365 1830 3501 Oazmoliere,

274 3494 609 3586 Prawydlinlry,
636 3490 878 3563 Manthow.

378 3616 625 3701 Sarmaticas,
652 3611 739 3683 alias
767 3609 1023 3698 Pourarows,
1050 3608 1134 3680 uilla
1159 3609 1223 3680 sub
1251 3609 1418 3699 parochia
1444 3548 1610 3680 acclesiae
1626 3607 1670 3680 de
1689 3608 1831 3680 Abra-

272 3736 548 3810 hamowicze
574 3733 661 3821 sita,
688 3731 786 3803 cuius
814 3729 1012 3821 proprietas
1038 3736 1075 3802 ct
1101 3729 1289 3802 dominium
1316 3729 1362 3801 ad
1388 3729 1591 3802 coenobium
1618 3729 1767 3801 truttam
1784 3734 1832 3809 'et

273 3879 432 3931 sororum
460 3856 606 3927 Sanctae
643 3851 818 3943 Brigittae
853 3851 889 3922 in
925 3850 1095 3931 Lublin
1122 3851 1294 3940 pertinet,
1321 3851 1451 3922 donata
1476 3849 1589 3922 eidem
1616 3851 1830 3923 monastario

276 3979 465 4052 donatione
492 3972 660 4067 perpetua
678 3992 741 4065 per
768 3971 1062 4044 Vladislaum
1087 3971 1344 4045 Secundum
1361 3971 1528 4044 Poloniae
1546 3991 1674 4062 regem.
1699 3964 1831 4062 lnqna'

272 4106 354 4172 sunt
381 4096 572 4170 octodecim
599 4095 691 4167 lanei
718 4092 964 4182 cmetbonales,
989 4101 1025 4165 et
1051 4076 1196 4184 quilibet
1222 4093 1343 4164 laneus
1369 4074 1479 4165 solvit.
1502 4114 1566 4183 pro
1592 4112 1832 4177 anunoeanaq
1902 4092 1908 4105 '

274 4218 485 4304 monasterio
512 4217 660 4288 Sanctae
686 4214 861 4305 Brigittae
888 4234 994 4289 unum
1020 4213 1191 4286 fertonem
1217 4214 1408 4286 communis
1434 4215 1612 4305 pecuniae,
1639 4214 1727 4289 alias
1744 4215 1833 4287 duo·
1868 4215 1874 4225 “

191 4326 193 4331 ’
273 4341 386 4413 decim
420 4357 572 4430 grossos.
612 4336 700 4408 Item
737 4335 884 4427 quilibet
918 4335 1055 4406 cmetho
1091 4334 1135 4407 de
1171 4333 1291 4424 laneo,
1318 4342 1458 4408 tenetur
1484 4336 1520 4407 in
1548 4357 1633 4426 agro
1659 4335 1834 4427 praedIaIi
1920 4416 1931 4432 ,

273 4433 473 4533 monasterii
500 4479 522 4529 a
548 4477 586 4529 se
613 4460 713 4528 arato
739 4462 777 4528 et
803 4455 907 4545 culto,
934 4456 1107 4527 seminare
1133 4475 1198 4545 pro
1226 4477 1309 4527 vere
1336 4476 1439 4526 unam
1458 4462 1602 4528 tunnam
1619 4455 1709 4529 alias
1726 4452 1833 4528 lalooio

215 4556 221 4568 ’
260 4583 316 4655 de
344 4601 457 4670 avena,
481 4577 623 4670 propria
645 4584 681 4649 et
700 4577 850 4666 munda,
863 4596 1045 4648 mensurae
1063 4575 1188 4667 planae
1206 4582 1242 4647 et
1260 4560 1414 4667 aequalis
1433 4576 1663 4668 Lublinensis,
1682 4578 1717 4649 in
1736 4578 1833 4668 agria

273 4722 358 4774 vero
395 4699 631 4790 praedialibus
667 4719 732 4789 pro
768 4699 892 4788 hyeme
926 4717 949 4767 a
979 4719 1017 4769 se
1051 4697 1162 4769 aratis
1197 4698 1364 4769 etcultIs
1390 4705 1530 4770 tenetur
1554 4698 1659 4769 dmm
1685 4707 1833 4771 tunnam

208 4812 214 4822 ¹
275 4823 433 4914 siliginis,
461 4821 504 4892 de
522 4820 660 4911 siligine
678 4818 888 4907 monasterii,
906 4817 993 4889 alias
1011 4818 1099 4891 duos
1116 4840 1216 4890 ooros
1233 4839 1417 4892 mensurae
1435 4820 1657 4893 Lublinenais
1675 4819 1833 4910 aequalis

223 4924 227 4931 ¹
272 4944 455 5032 seminare,
480 4950 516 5015 et
542 4941 657 5013 omnia
681 4936 845 5011 tenentur
871 4938 1066 5029 disponere,
1089 4947 1233 5031 metere,
1250 4941 1452 5013 conducere.
1479 4940 1566 5013 Item
1593 4962 1662 5013 non
1676 4941 1833 5015 solvunt

276 5061 474 5134 crolewolmo
502 5082 563 5134 seu
583 5058 768 5156 podpume.
795 5060 883 5131 Item
901 5061 1101 5132 cmetbones
1119 5083 1189 5132 non
1209 5061 1348 5134 solvunt
1367 5062 1553 5134 stationem
1577 5083 1641 5153 pro
1660 5084 1751 5153 rege,
1768 5060 1833 5135 aed

273 5189 354 5255 sunt
380 5183 424 5253 ab
451 5203 494 5253 ea
519 5181 631 5252 liberi.
658 5180 743 5252 Item
771 5186 852 5252 sunt
878 5180 967 5252 duae
993 5182 1171 5279 tabernae,
1198 5181 1260 5253 sed
1287 5203 1355 5254 non
1384 5182 1513 5255 habeut
1541 5204 1654 5273 agros,
1671 5182 1734 5264 sed
1751 5188 1845 5255 tan·
1905 5192 1911 5201 ’

275 5302 452 5376 tummodo
488 5304 628 5391 hortos,
656 5307 692 5373 et
728 5301 905 5392 quaelibet
939 5302 1087 5374 taberna
1122 5304 1227 5374 solvit
1254 5305 1464 5376 monasterIo
1492 5325 1557 5395 pro
1582 5325 1698 5376 annno
1724 5324 1833 5377 censu

275 5434 348 5497 tres
375 5426 537 5514 fertones,
565 5430 601 5496 et
628 5445 697 5495 non
723 5422 807 5494 lacit
834 5416 970 5514 ailquos
997 5422 1145 5513 labores,
1172 5444 1283 5514 neque
1310 5445 1430 5516 sepum
1449 5420 1693 5516 solvit'neque
1708 5424 1834 5515 gallos,

275 5568 386 5638 neque
413 5567 488 5618 ova
515 5545 604 5617 Item
632 5552 714 5617 sunt
742 5550 890 5635 quatuor
917 5543 1146 5634 hortulaniae,
1165 5552 1203 5617 et
1221 5545 1397 5636 quaelibet
1414 5547 1519 5619 solvit
1537 5567 1642 5619 unum
1661 5547 1835 5619 fertonem

274 5675 313 5738 'et
339 5667 426 5738 nihil
463 5667 609 5737 laborat.
645 5665 731 5736 Item
760 5665 795 5734 in
823 5663 942 5736 adem
970 5664 1053 5735 villa
1080 5674 1137 5738 est
1164 5665 1322 5740 scoltetia
1348 5689 1392 5739 ex
1419 5668 1581 5758 antiquo,
1609 5688 1698 5758 quae
1723 5666 1835 5738 babet

278 5788 366 5859 duos
393 5787 512 5857 laneos
539 5786 670 5857 liberos
697 5793 734 5856 et
760 5806 864 5856 unam
890 5785 1069 5876 piscinam,
1096 5792 1132 5858 et
1150 5793 1289 5859 tenetur
1307 5789 1439 5860 servire
1458 5788 1670 5860 monastario
1688 5787 1730 5859 in
1742 5806 1835 5878 equo

275 5908 429 5998 proprio,
455 5927 670 5997 quocumque
697 5906 858 5978 mittitur.
885 5906 972 5978 Item
999 5913 1071 5978 tam
1097 5908 1174 5998 agri
1201 5908 1444 5996 cmetbonales,
1473 5929 1575 5997 quam
1603 5909 1678 5998 agri
1705 5907 1833 5980 scolte-

276 6029 379 6100 tiales
407 6036 442 6098 et
470 6027 667 6118 liberorum,
693 6027 833 6100 solvunt
859 6027 1026 6101 decimam
1049 6030 1298 6121 manIpnlarem
1318 6029 1484 6101 ecclesiae
1502 6030 1693 6121 parochiali
1711 6029 1836 6101 Sancti
1926 6016 1933 6023 ’

278 6150 366 6220 Vitti
404 6151 439 6220 in
475 6148 595 6240 Gory
633 6171 741 6241 prope
778 6149 1138 6242 Sandomiriam,
1164 6156 1200 6223 et
1225 6156 1389 6223 tenentur
1416 6172 1491 6223 eam
1519 6151 1652 6224 incolae
1679 6151 1834 6241 propriis

277 6271 436 6343 curribus
463 6270 626 6342 inducere
653 6274 688 6343 in
716 6273 879 6345 horreum
907 6293 929 6344 a
955 6272 1104 6363 plebano
1130 6270 1180 6351 de¹
1201 6270 1321 6363 Gory
1348 6273 1540 6362 locandum,
1568 6281 1604 6343 et
1630 6272 1729 6345 valor
1754 6273 1835 6344 einr

277 6393 482 6465 aestImatur
515 6393 559 6465 ad
595 6393 712 6466 decern
748 6413 900 6484 marcas,
936 6393 1136 6484 canapalem
1173 6400 1288 6465 antem
1316 6395 1484 6481 decimam
1510 6414 1555 6467 ex
1581 6392 1836 6482 consuetudine⁴

543 6776 570 6821 .
1453 6680 1766 6952 ’ἦ
