4217 8059
1357 1464 1523 1755 ᾖ
1750 1477 1823 1549 249

272 1686 351 1753 sunt
383 1680 649 1775 quatuorlanei
676 1680 926 1767 cmethonales,
963 1679 1005 1750 de
1035 1680 1161 1769 quibus
1189 1681 1348 1752 omnibus
1375 1640 1395 1695 Ἀ·
1442 1622 1479 1697 ‘⁵³'
1558 1680 1690 1753 decima
1717 1684 1826 1755 mani-

272 1799 423 1892 pularis,
458 1806 493 1869 et
521 1800 723 1873 conducitur
750 1821 813 1891 pro
841 1801 1051 1871 monasterio
1085 1799 1118 1870 S.
1146 1799 1284 1886 Crucis,
1321 1803 1356 1873 et
1385 1802 1482 1873 valor
1519 1803 1593 1873 eius
1621 1804 1826 1875 aestimatur
1926 1806 1933 1817 “

271 1920 429 1993 adduas
458 1942 609 2007 marcas,
645 1922 728 2001 item
756 1921 922 1991 tabernae
949 1943 1017 1992 non
1046 1926 1135 2009 sunt,
1163 1943 1273 2011 neque
1301 1923 1537 2011 hortulaniae,
1572 1925 1655 1994 item
1683 1925 1827 2013 praedia

273 2042 339 2112 duo
368 2041 539 2128 militaria,
568 2041 754 2131 dequibus
782 2040 929 2112 solvitur
956 2041 1089 2147 decima
1107 2043 1333 2132 manipularis
1352 2044 1517 2115 ecclesiae
1544 2045 1579 2115 iu
1607 2044 1819 2135 Wylkorr.

376 2160 624 2251 ZnsczYTOW,
661 2162 744 2233 villa
771 2162 834 2233 suh
862 2164 1029 2251 parochia
1057 2144 1099 2234 de
1127 2164 1330 2253 Wpllow
1364 2166 1452 2253 sita,
1489 2166 1586 2236 cuius
1612 2167 1736 2238 haeres
1763 2165 1824 2238 Jo

273 2288 406 2357 hannes
432 2292 468 2356 et
495 2283 658 2355 Nicolaus
686 2285 1002 2375 Kazimirsczy
1029 2285 1073 2356 de
1101 2285 1203 2355 domo
1230 2285 1370 2365 Rama.
1416 2287 1455 2357 In
1484 2307 1552 2377 qua
1578 2295 1660 2360 sunt
1686 2288 1762 2379 agri
1788 2298 1825 2361 ot

274 2409 374 2489 lanei¹
393 2407 583 2487 indistincti
610 2407 861 2494 emethonales,
890 2406 934 2501 de
961 2407 1085 2497 quibus
1113 2408 1271 2479 omnibus
1285 2408 1445 2491 solvitur
1470 2414 1508 2480 et
1533 2396 1825 2483 conduciturde·

276 2530 364 2601 eima
391 2528 616 2622 manipularis
642 2535 679 2599 et
705 2521 880 2617 canapalis
907 2548 970 2617 pro
998 2529 1209 2599 monasterio
1238 2527 1384 2599 Sanctae
1412 2528 1541 2618 Crucis,
1570 2535 1618 2601 et·
1632 2531 1731 2602 valor
1748 2533 1824 2607 eius

275 2650 478 2723 aestimatur
504 2649 548 2720 ad
576 2670 679 2721 unam
706 2669 866 2749 marcam,
893 2654 928 2720 et
956 2654 1037 2720 sunt
1063 2649 1111 2719 ibi
1140 2649 1262 2739 viginti
1291 2651 1508 2740 emethones3
1550 2653 1632 2723 item
1660 2653 1827 2728 tabernac

276 2895 361 2964 haec
387 2893 422 2965 in
449 2897 524 2963 toto
551 2892 703 2979 decima,
736 2882 975 2973 martuniani
1005 2913 1074 2981 qua
1100 2912 1223 2977 causa,
1260 2900 1321 2965 aut
1348 2914 1415 2985 quo
1443 2900 1599 2983 tempore
1632 2895 1685 2965 vel
1714 2893 1825 2985 modo,

276 3020 311 3083 et
338 3014 489 3106 pertinet
517 3011 618 3101 pleno
646 3013 720 3085 iure
747 2992 1053 3109 diplomatum
1081 3011 1363 3101 Cracorieuscm,
1400 3021 1434 3085 et
1466 3015 1623 3105 percipit,
1650 3036 1726 3089 eam
1754 3016 1827 3109 epi·

276 3156 400 3225 scopus
436 3133 691 3223 Cracorionsis,
729 3134 811 3224 quia
836 3132 927 3205 forte
955 3154 1129 3223 uunquam
1167 3134 1211 3205 ad
1238 3134 1385 3207 Sanctae
1422 3134 1542 3208 Crucis
1577 3138 1825 3210 monasterium

276 3234 482 3347 pertinebat

381 3377 719 3465 Knaunuowrczn,
755 3377 839 3449 villa
866 3377 930 3448 suh
957 3376 1129 3466 parochia,
1150 3378 1315 3450 eeclesiae
1342 3379 1385 3449 de
1412 3376 1724 3455 Wawelnicaa
1750 3380 1827 3468 sita,

222 3566 233 3591 ,
269 3500 373 3573 cuius
400 3498 568 3582 haeredes
595 3497 755 3585 Andreas
782 3506 818 3570 et
844 3497 971 3570 Petrus
998 3498 1040 3570 de
1068 3500 1175 3569 armis
1201 3494 1412 3589 Prusszy.
1449 3499 1489 3571 ln
1517 3521 1594 3589 qua·
1613 3507 1695 3573 suut
1719 3500 1828 3581 unde

275 3621 341 3695 cim
369 3640 444 3691 eum
472 3620 585 3691 medio
613 3618 704 3691 lanei
732 3621 973 3708 emethonales‚
1001 3620 1043 3690 de
1072 3620 1197 3710 quibus
1223 3622 1401 3710 perceptio
1429 3620 1582 3692 decimae
1600 3614 1828 3711 manipularis

277 3742 549 3829 diversificatum
589 3761 668 3813 nam
705 3742 748 3813 de
776 3741 961 3813 medietate
997 3742 1175 3815 laneorum
1212 3743 1360 3813 solvitur
1392 3750 1428 3813 et
1454 3741 1658 3817 conducitur
1693 3743 1827 3825 decima

277 3865 501 3970 manipularis
529 3885 592 3952 pro
620 3865 828 3934 monasterio
856 3863 1003 3935 Sanctae
1031 3862 1161 3950 Crucis,
1189 3852 1412 3959 videlicet'de
1431 3864 1589 3936 undecim
1617 3886 1694 3936 curn
1712 3864 1827 3939 medio

276 3987 395 4074 lancie,
422 3987 469 4059 de·
492 3985 603 4058 altera
630 4007 712 4058 vero
740 3985 927 4057 medietate
951 3985 1098 4065 soluitur
1124 3992 1168 4071 et
1182 3985 1390 4058 conducitur
1407 4007 1471 4087 pro
1490 3986 1647 4076 plebano,
1666 3992 1701 4058 et
1719 3986 1828 4059 eccle—

278 4109 330 4178 sia
366 4108 401 4178 in
430 4106 755 4195 Wawelnicza3
791 4109 873 4178 item
902 4107 1068 4178 tabernae
1095 4128 1163 4178 non
1191 4114 1289 4193 sulit,
1327 4127 1437 4198 neque
1471 4108 1707 4198 hortulaniae,
1742 4108 1828 4181 item

277 4229 420 4319 praedia
447 4230 514 4299 duo
543 4229 715 4315 militaria,
743 4234 778 4299 et
795 4228 838 4298 de
857 4234 1003 4318 utroque
1014 4228 1170 4299 'solvitur
1198 4228 1423 4317 manipularis
1442 4229 1607 4300 ecclesiae
1634 4229 1825 4319 parochiali

278 4350 657 4422 inWawelnicza.

382 4469 622 4556 Czrnnrnonr,
650 4469 733 4553 uilla
750 4471 816 4543 sub
833 4470 1000 4559 parochia
1026 4470 1191 4541 ecclesiae
1218 4469 1262 4541 de
1289 4466 1333 4537 W
1340 4471 1452 4556 awel
1466 4470 1598 4541 nicza
1625 4471 1703 4558 sita,
1730 4471 1828 4542 euius
1933 4522 1936 4529 -

277 4597 399 4667 haeres
435 4592 565 4663 Paulus
602 4590 894 4681 Choteczsky
929 4591 972 4663 de
999 4590 1101 4662 domo
1138 4590 1300 4671 Nabra,
1345 4590 1383 4660 ln
1412 4612 1480 4680 qua
1515 4597 1597 4661 suut
1631 4597 1704 4663 tres
1736 4591 1829 4662 lanei

278 4715 528 4818 cmethonales
547 4721 584 4784 et
609 4713 840 4785 molendinum
878 4713 1009 4784 hahens
1038 4733 1159 4802 agros,
1196 4712 1239 4782 de
1266 4712 1391 4802 quibus
1426 4712 1584 4783 omnihus
1606 4712 1766 4811 xsoluitur
1792 4717 1829 4782 et

279 4837 481 4941 conducitur
508 4835 641 4906 decima
668 4835 893 4925 manipularis
919 4855 983 4924 pro
1010 4835 1222 4905 monasterio
1249 4834 1398 4905 Sanctae
1425 4832 1556 4921 Crucis,
1583 4841 1618 4904 et
1638 4834 1735 4905 valor
1753 4834 1827 4906 eius

278 4960 479 5030 aestimatur
507 4958 550 5028 ad
577 4963 649 5027 tres
677 4976 820 5027 marcas.
848 4956 934 5029 Item
962 4956 1110 5041 taberna
1135 4976 1205 5027 una
1231 4956 1362 5031 habens
1390 4974 1509 5045 agros,
1536 4955 1580 5027 de
1607 4955 1732 5045 quibus
1759 4954 1828 5027 sol·
1933 4975 1935 4979 ’

279 5082 384 5151 uitur>
408 5079 540 5150 decima
576 5078 801 5168 manipularis
827 5079 863 5161 in
888 5074 1095 5173 pouitlwom
1114 5098 1193 5183 xpro
1220 5078 1451 5163 monasterio;
1491 5077 1574 5148 item
1611 5076 1829 5148 hortulaniae

279 5223 346 5289 non
374 5208 472 5289 sunt,
509 5201 591 5271 item
620 5198 798 5288 praedium
828 5204 882 5271 est
916 5198 965 5268 ihi
992 5199 1131 5271 unicum
1159 5198 1327 5285 militare,
1357 5198 1406 5268 de
1434 5199 1530 5269 cuius
1558 5199 1653 5288 agris
1679 5198 1829 5269 solvitur

280 5320 412 5392 decima
436 5321 665 5412 manipularis
692 5320 857 5391 ecclesiae
884 5320 1077 5411 parochiali
1104 5319 1140 5388 in
1167 5317 1483 5389 Wawelnicza.

384 5440 582 5529 Chunrno,
610 5440 692 5512 uilla
712 5495 826 5511 .....
960 5518 962 5522 .
1187 5511 1190 5519 ,
1434 5512 1438 5517 .

383 5562 588 5650 Runrrwr,
629 5563 711 5633 villa
743 5563 876 5635 habens
912 5563 964 5647 in,
979 5584 1015 5633 se
1042 5563 1224 5633 ecclesiam
1259 5560 1513 5651 parochialem,
1553 5561 1650 5630 iuxta
1685 5558 1828 5633 durium
1900 5556 1909 5567 ’

279 5684 564 5773 Wysznycza
592 5685 669 5771 sita,
696 5685 793 5754 cuius
821 5685 944 5755 haeres
970 5684 1136 5775 Nicolaus
1163 5682 1448 5772 Morawyecz
1475 5682 1518 5752 de
1546 5682 1651 5752 arnds
1679 5680 1827 5753 Pdwa·

279 5807 362 5893 lya.
407 5805 445 5873 lu
475 5825 541 5894 qua
568 5812 646 5876 sunt
684 5827 743 5876 sex
772 5805 861 5875 lanei
898 5806 1150 5893 emethonales',
1191 5805 1386 5894 dequibus
1423 5804 1581 5875 omnibus
1618 5804 1765 5875 solvitur
1792 5809 1828 5875 et

280 5927 484 5998 conducitur
511 5925 643 5998 decima
668 5927 895 6016 manipularis
926 5933 963 5997 et
989 5926 1165 6015 canapalis
1193 5948 1256 6017 pro
1284 5927 1495 5999 monasterio
1524 5924 1672 5996 Sanctae
1699 5922 1828 6014 Crucis,
1903 5964 1908 5974 ·

279 6056 316 6117 ot
342 6047 440 6117 valor
466 6045 542 6117 eius
577 6047 779 6135 aestimatur
806 6047 850 6117 ad
879 6052 1030 6136 quatuor
1057 6066 1208 6135 marcas,
1248 6047 1332 6118 item
1360 6045 1499 6117 solvunt
1529 6045 1697 6135 decimam
1724 6064 1828 6123 cana·

280 6170 390 6257 palem
420 6187 483 6256 per
508 6171 582 6236 tres
609 6167 757 6257 ierugas3
784 6170 865 6238 item
893 6168 1059 6238 tabernae
1087 6166 1175 6237 duae
1202 6167 1341 6258 plebani
1368 6166 1537 6236 habentes
1564 6187 1677 6256 agros,
1705 6170 1741 6236 et
1760 6163 1829 6236 sol·

280 6295 366 6361 runt
393 6289 559 6376 decimam
588 6287 753 6377 plebeum
791 6290 874 6361 item
900 6288 1120 6360 hortulaniae
1155 6288 1244 6358 duae
1281 6287 1448 6357 hahentes
1475 6306 1596 6375 agros,
1632 6286 1828 6391 dequibus

281 6412 472 6481 decimatur
499 6407 708 6481 monasterio
735 6407 892 6491 Sanctae.
908 6409 1037 6484 Crucis.
1072 6410 1164 6483 Item
1192 6408 1369 6501 praedium
1398 6414 1452 6480 est
1478 6411 1633 6496 unicum,
1660 6406 1703 6479 de
1730 6410 1827 6495 cuiue

386 6579 432 6620 ras.
446 6559 583 6619 nuceam
676 6638 679 6645 ,
1462 6544 1467 6557 Ι
1624 6557 1660 6605 ³²
