4217 8059
538 1168 579 1203 ·-'t

530 1206 541 1225 Ι.
571 1208 575 1223 s

283 1496 358 1569 328

282 1702 437 1775 Rosze„
464 1702 503 1773 In
531 1722 598 1793 qua
624 1708 706 1773 sunt
732 1702 823 1773 lanei
850 1701 1111 1793 oppidanorum,
1137 1702 1181 1774 de
1207 1704 1332 1794 quibus
1350 1703 1510 1774 omnibus
1528 1703 1676 1774 solvitur
1693 1709 1729 1773 et
1746 1701 1837 1773 solvi

288 1824 400 1914 debet,
426 1822 469 1895 de
496 1822 629 1896 iustitia
656 1831 693 1894 et
719 1824 762 1894 de
789 1825 864 1893 iure
890 1832 926 1895 et
952 1824 1098 1895 conduci
1124 1825 1257 1896 decima
1282 1824 1509 1913 manipularis
1534 1844 1600 1913 pro
1625 1823 1837 1894 monasterio

286 1944 596 2018 sanctimonialium
638 1942 756 2015 Sancti
792 1944 955 2015 Andreae
990 1946 1025 2017 iu
1061 1944 1304 2033 cracovia,
1339 1952 1375 2015 et
1401 1944 1501 2015 valor
1527 1945 1602 2015 eius
1629 1946 1837 2020 aestimatur

284 2066 327 2137 ad
347 2120 463 2135 .....
492 2085 635 2136 marcas.
672 2065 761 2136 Item
787 2064 968 2156 praedium
997 2066 1031 2135 in
1059 2065 1180 2137 eodem
1208 2066 1334 2157 oppido
1361 2065 1522 2151 militare,
1548 2066 1591 2135 de
1619 2066 1716 2135 cuius
1742 2065 1837 2154 agris

283 2187 430 2259 solvitur
466 2186 600 2257 decima
635 2186 861 2275 manipularis
899 2186 1066 2257 ecclesiae
1103 2186 1295 2276 parochiali
1322 2186 1358 2256 in
1385 2186 1738 2277 Ourosuwanlry.
1765 2185 1837 2257 No·

283 2307 446 2395 tandum,
474 2307 565 2398 qnod
601 2305 768 2378 decimam
808 2308 1058 2398 manipularem
1095 2310 1130 2379 in
1159 2308 1286 2398 oppido
1313 2306 1468 2398 praefato
1495 2307 1837 2397 Cnroszwanlry

282 2430 372 2500 inste
400 2437 436 2500 et
463 2428 616 2518 legitime
644 2427 687 2498 ad
715 2429 961 2500 monasterium
998 2429 1309 2503 sanctimonialium
1337 2429 1456 2499 Sancti
1484 2428 1646 2499 Andreae
1673 2430 1708 2500 in
1735 2427 1836 2499 Gra-

283 2551 423 2621 oovia
449 2549 679 2640 pertinentem
708 2570 750 2620 ex
779 2552 943 2639 antiquo,
970 2550 1036 2621 snb
1063 2558 1177 2621 aetate
1205 2570 1280 2620 mea
1307 2556 1482 2638 recenter,
1510 2549 1680 2619 violenter
1705 2549 1838 2638 primus

290 2672 465 2745 abstraxit
491 2669 744 2742 Grneslaus
770 2670 813 2742 de
840 2668 1054 2763 Grzibow
1083 2671 1291 2744 castellanus
1318 2671 1546 2757 Lublinensis,
1573 2678 1610 2741 et
1626 2669 1784 2741 fundavit
1800 2671 1836 2739 in
1956 2656 1961 2663 ’

284 2814 326 2865 ea
358 2790 589 2881 praebendam
618 2792 652 2863 in
680 2790 1030 2883 Curosznanky,
1057 2800 1203 2882 uterque
1230 2792 1461 2863 damnationis
1487 2813 1586 2879 reus,
1612 2792 1732 2881 etqui
1758 2810 1836 2861 eam

286 2913 456 2985 violenter
482 2913 634 3001 abstulit,
662 2921 698 2984 et
724 2913 1007 3004 praebendarius,
1034 2915 1092 3004 qui
1120 2934 1195 2985 eam
1223 2915 1349 2985 iniuste
1377 2914 1534 3003 percipit.
1600 2944 1605 2957 ·

391 3033 664 3106 Ournsznrczn
691 3033 745 3104 vel
773 3032 1046 3123 Ournsszmnr,
1074 3042 1109 3106 et
1137 3055 1225 3125 quae
1252 3036 1362 3105 veteri
1390 3034 1528 3104 nomine
1555 3034 1681 3105 amisso
1699 3030 1839 3103 Wirz-

284 3158 417 3229 liuza
452 3155 621 3228 hactenns
660 3162 823 3245 vocatur,
859 3157 924 3228 sub
960 3156 1126 3246 parochia
1161 3155 1328 3227 ecclesiae
1361 3156 1407 3226 de
1443 3153 1608 3226 Chlina
1635 3155 1713 3257 sita,
1739 3155 1838 3225 cuius

284 3280 480 3369 proprietas
516 3276 560 3347 ad
596 3278 850 3349 serenissimum
890 3278 1052 3349 Poloniae
1089 3298 1206 3369 regem
1242 3278 1410 3368 pertinet·
1448 3277 1488 3348 ln
1524 3296 1593 3365 qua
1629 3283 1711 3347 sunt
1744 3274 1839 3345 lanei

289 3398 530 3487 cmetlmnales‚
559 3398 602 3469 de
630 3398 756 3488 quibus
783 3400 942 3470 omnibns
969 3394 1117 3469 solvitur
1142 3398 1277 3469 decima
1301 3397 1538 3486 manipularis,
1556 3404 1594 3467 et
1610 3418 1673 3487 per
1690 3402 1842 3485 quatuor

288 3520 427 3612 iarugas
456 3519 652 3610 canapelis,
679 3524 715 3589 et
746 3519 885 3591 ducitur
920 3520 1071 3610 propriis
1096 3520 1258 3591 curribus
1284 3520 1320 3590 in
1347 3518 1509 3589 horreum
1537 3538 1601 3607 pro
1628 3516 1842 3587 monasterio

291 3640 601 3717 sanctimonialium
629 3638 747 3711 Sancti
777 3641 947 3729 Andreae,
975 3648 1010 3712 et
1038 3641 1137 3712 valor
1163 3641 1238 3715 eins
1264 3640 1470 3711 aestimatur
1495 3638 1539 3709 ad
1558 3692 1671 3707 .....
1694 3656 1842 3709 marcas

286 3762 372 3835 lteris
400 3762 555 3851 taberna,
582 3762 664 3832 item
692 3760 867 3833 hortulani
896 3816 1001 3850 ....,
1029 3762 1112 3833 item
1139 3761 1371 3833 molendinum
1391 3815 1504 3830 .....
1505 3802 1510 3811 -
1541 3760 1627 3830 item
1655 3757 1838 3847 praedium

284 3884 416 3975 regium
444 3883 559 3954 estin
587 3882 706 3953 eadem
735 3882 829 3973 villa,
856 3882 899 3953 de
926 3883 1023 3954 cuius
1050 3883 1145 3973 agris
1172 3882 1321 3954 solvitur
1338 3883 1471 3953 decima
1489 3880 1713 3970 manipularis
1729 3879 1859 3971 altari¹

284 4004 402 4077 Sancti
438 4002 608 4077 Vladislai
649 4004 743 4095 regis
778 4005 813 4075 in
850 4004 1006 4076 Ecclesia
1041 4004 1261 4075 Gracoviensi
1298 4025 1319 4074 a
1354 4002 1583 4074 casimiro
1621 4000 1839 4073 Secundo

200 4132 213 4143 ''
284 4125 449 4197 Poloniae
485 4144 583 4215 rege,
620 4145 683 4216 pro
719 4123 871 4196 remedio
907 4126 1041 4196 animae
1075 4124 1316 4196 Vladislai
1343 4122 1523 4195 Loktek
1550 4122 1717 4193 Poloniae
1742 4122 1840 4213 regis

284 4247 453 4339 genitoris
480 4247 542 4329 sui,
569 4253 605 4317 et
631 4250 711 4317 ante
740 4246 877 4319 bustum
906 4247 980 4318 eius
1008 4246 1163 4329 mndata,
1191 4251 1227 4316 et
1254 4247 1351 4317 valor
1378 4246 1453 4316 eius
1479 4244 1685 4315 aestimatur
1703 4242 1748 4313 ad
1764 4248 1842 4313 tres

283 4388 426 4440 marcas.

388 4488 539 4561 Mouza

387 4608 591 4681 Zarnscna
620 4666 627 4680 .
655 4664 697 4680 ..

388 4732 667 4805 Szrunznmcza
704 4732 790 4803 alias
818 4730 959 4802 Wonra
988 4729 1268 4820 Wrnzmczssa,
1303 4732 1368 4803 sub
1404 4732 1568 4822 parochia
1591 4731 1643 4801 'de
1669 4729 1840 4801 Zarno·

284 4874 430 4944 wyecz
458 4854 535 4941 sita,
562 4854 659 4923 cuius
687 4853 882 4942 proprietas
909 4860 945 4922 et
971 4852 1159 4922 dominium
1187 4852 1231 4922 ad
1258 4852 1514 4923 serenissimum
1534 4872 1649 4941 regem
1668 4849 1837 4921 Poloniae

283 4975 442 5064 pertinet.
471 4974 510 5045 ln
539 4995 608 5064 qua
634 4982 715 5045 sunt
741 4974 831 5045 lanei
860 4974 1104 5061 cmethonales,
1131 4974 1174 5043 dc
1202 4974 1326 5063 quibus
1353 4974 1520 5061 omnibus,
1539 4972 1686 5043 solvitur
1703 4971 1842 5042 decima·

283 5094 526 5184 manipularis,
553 5102 589 5166 et
625 5116 688 5185 per
724 5100 872 5184 quatuor
907 5096 1046 5185 ierugas
1083 5094 1277 5183 oanapalie,
1304 5100 1340 5165 et
1366 5114 1430 5184 per
1457 5095 1656 5164 emethones
1683 5092 1839 5183 propriis

284 5215 443 5287 curribus
470 5215 608 5287 ducitur
636 5216 670 5286 in
699 5217 860 5286 horreum
894 5236 961 5306 pro
985 5216 1195 5287 monasterio
1222 5216 1338 5286 Sarrcti
1367 5215 1545 5303 Andreae,
1573 5220 1609 5284 et
1637 5214 1734 5283 valor
1760 5214 1839 5285 eius

284 5338 489 5409 aestimatur
515 5336 559 5407 ad
580 5392 587 5405 .
606 5392 640 5407 ..
668 5358 821 5426 mareas,
850 5338 930 5407 item
959 5336 1124 5425 taberna,
1151 5338 1232 5407 item
1260 5337 1454 5425 hortulani,
1483 5337 1565 5405 item
1592 5334 1840 5405 molendinum

283 5459 370 5530 Item
399 5458 576 5549 praedium
605 5458 748 5548 regium,
775 5459 818 5529 de
846 5459 942 5528 cuius
970 5459 1065 5548 agris
1088 5456 1235 5528 solvitur
1253 5458 1388 5529 decima
1405 5455 1631 5547 manipularis
1649 5456 1839 5546 pro·altari

284 5578 401 5651 Sancti
438 5578 607 5650 Vladislai
644 5580 736 5671 regis
770 5580 805 5649 in
843 5578 999 5649 lindesia
1034 5578 1276 5667 cracoviensi,
1312 5600 1333 5649 a
1369 5577 1599 5650 Oasimiro
1626 5575 1869 5675 Secundo„

285 5698 449 5772 Poloniae
475 5721 574 5790 rege,
603 5700 638 5771 in
666 5700 852 5772 remedium
890 5702 1024 5770 animae
1061 5698 1298 5770 Vladislai
1335 5700 1514 5771 Lolrtelr
1551 5698 1716 5769 Poloniae
1742 5676 1863 5787 regia

284 5822 412 5911 patris,
439 5827 475 5891 et
501 5826 581 5893 ante
611 5822 830 5911 sepulchrum
847 5846 849 5853 ·
864 5842 963 5891 suum
990 5820 1144 5910 fundato,
1172 5827 1208 5892 ct
1235 5822 1332 5892 valor
1360 5821 1434 5892 eius
1461 5820 1665 5891 aestimatur
1691 5818 1735 5889 ad
1763 5824 1840 5889 tres

283 5962 427 6015 marcas.
1721 5930 1731 5941 “

323 6116 331 6127 ..
386 6062 592 6137 Bonuanra
595 6118 736 6135 ......

388 6184 588 6277 Marsuas,
625 6183 708 6257 villa
736 6186 799 6258 sub
835 6186 1000 6277 parochia
1027 6185 1070 6256 de
1099 6186 1258 6257 Borow
1286 6185 1371 6271 sita,
1408 6190 1443 6254 et
1470 6184 1534 6255 sub
1562 6189 1683 6254 nostm
1717 6187 1840 6255 aetate

155 6324 160 6329 ·
282 6306 318 6377 in
346 6306 453 6411 sylvia
479 6306 790 6381 sanctimonialium
810 6308 845 6378 in
865 6306 972 6378 cruda
999 6306 1117 6377 radice
1145 6305 1269 6394 locata,
1296 6306 1393 6376 cuins
1420 6305 1617 6394 proprietas
1646 6302 1689 6373 ad
1716 6324 1841 6376 mona·

283 6422 427 6501 sterium
447 6418 575 6621 &cti
589 6426 761 6529 Διᾱψε
789 6428 1016 6577 ροηίιιοδίῑι
1046 6447 1115 6518 qua
1142 6433 1224 6498 sunt
1250 6425 1444 6516 quindecim
1473 6427 1564 6497 lanei
1592 6424 1842 6519 cmetlronales,

1002 6656 1029 6693 »at

414 6668 688 6777 sess
711 6684 838 6778 ev
