4217 8059
241 1700 356 1789 spatio
383 1699 548 1770 nobiliter
573 1696 640 1770 init
665 1705 701 1770 et
728 1699 869 1771 dotatus
895 1704 932 1770 et
957 1698 1164 1787 insignitum
1199 1697 1243 1769 ud
1270 1682 1502 1788 populandam
1532 1774 1592 1791 ,
1632 1694 1637 1707 “

240 1819 455 1891 fundationis
482 1820 692 1908 coenobium,
720 1819 764 1890 ad
792 1819 952 1891 abbatem
971 1819 1097 1890 montis
1124 1818 1311 1889 Gassini
1339 1836 1402 1907 per
1419 1817 1510 1889 .Bo·l
1569 1800 1706 1919 'ffun-
1721 1817 1790 1890 Po-

140 2032 144 2039 ·
203 1941 205 1945 ’
242 1939 356 2011 laniae
391 1959 508 2028 regem
543 1959 706 2010 recursus
740 1939 881 2010 babitus
914 1945 988 2028 est,
1024 1945 1061 2010 et
1087 1959 1150 2027 per
1175 1939 1315 2009 nuntios
1350 1938 1517 2028 speciales
1594 1920 1598 1927 ¹
1646 1920 1788 2028 'seme

243 2061 376 2149 missos,
403 2059 581 2131 duodecim
608 2058 736 2130 fratres
763 2081 806 2130 ex
837 2059 1004 2131 coenobio
1031 2057 1261 2148 Gassiniensi,
1288 2079 1407 2130 omnes
1433 2040 1728 2150 generandique
1755 2064 1791 2130 et

244 2181 363 2270 lingva
389 2181 521 2269 Italici,
556 2180 722 2259 Poloniae
749 2181 823 2269 regi
850 2165 1072 2251 Boleslao
1106 2178 1321 2268 transmissi,
1356 2183 1392 2250 et
1418 2179 1462 2250 ab
1489 2178 1549 2251 illo
1575 2166 1857 2270 benignitate*
1892 2204 1900 2215 ·
1942 2218 1984 2277 2·

244 2303 343 2390 regia
368 2299 528 2390 suscepti,
555 2306 590 2370 et
615 2300 651 2370 iu
677 2301 889 2371 monasterio
917 2299 1149 2370 Calvariensis
1171 2299 1328 2370 coenobii
1355 2300 1524 2372 collocati.
1551 2299 1584 2370 A
1611 2320 1678 2390 quo
1700 2305 1791 2371 tem·
1864 2194 1967 2419 ι

244 2441 328 2510 pore
354 2420 426 2492 iare
453 2441 561 2510 usque
580 2420 623 2491 ad
642 2426 797 2492 nostram
824 2426 984 2508 aetatem,
1011 2420 1047 2490 in
1073 2418 1221 2490 fratrum
1241 2419 1477 2490 decedentium
1505 2420 1790 2510 supplementum,
1864 2397 1869 2405 ’
1921 2400 1940 2439 '²'

246 2541 325 2612 novi
360 2540 492 2627 iratres
524 2541 568 2611 ad
605 2542 852 2613 monesterium
888 2539 1035 2611 Sanctae
1070 2539 1192 2611 Crucis
1227 2538 1359 2611 Galvi
1394 2541 1564 2611 montis
1600 2561 1642 2612 ex
1673 2546 1791 2612 monte

201 2734 204 2745 ,
245 2659 441 2732 Cassino
468 2662 647 2733 Poloniam
674 2662 910 2733 mittebantur.
937 2661 978 2731 In
1004 2661 1202 2733 novissimis
1227 2660 1367 2732 tandem
1385 2661 1516 2750 diebus,
1543 2663 1653 2732 reteri
1672 2663 1790 2732 obser-
1861 2690 1883 2729 ο

207 2868 209 2871 ,
245 2783 365 2853 nantia
390 2782 539 2870 abolita,
574 2782 758 2853 Polonicae
793 2782 908 2871 gentis
938 2781 1100 2881 borsines
1136 2782 1336 2852 coenobium
1369 2781 1454 2853 iliud
1482 2787 1519 2852 et
1546 2781 1790 2853 administrare

246 2908 434 2991 coeperunt
460 2908 497 2973 et
523 2902 682 2991 incolere,
710 2903 802 2992 quod
819 2909 857 2972 et
873 2876 1048 3107 bt?
1065 2901 1162 2993 regit
1187 2901 1351 2991 religiosa
1379 2901 1602 2973 observantia
1627 2903 1792 2991 magister

247 3021 396 3092 Michael
424 3022 467 3093 de
493 3022 697 3113 Lyppye,
724 3023 779 3093 vir
806 3020 933 3112 sagon
980 3000 1171 3137 {mi-¹¹⁵2
1199 3022 1258 3110 qui
1285 3027 1321 3092 et
1347 3021 1478 3111 lignum
1504 3021 1720 3093 Dominicnm
1749 3021 1791 3093 de
1863 3050 1865 3054 ¹

146 3170 148 3175 ·
246 3147 411 3231 argenteo
438 3143 474 3212 in
501 3141 586 3213 fulvi
612 3143 688 3212 auri
715 3142 902 3229 vasculum,
926 3140 1153 3233 transposuit,
1179 3147 1216 3211 et
1242 3142 1339 3212 cuius
1373 3141 1594 3231 providentia
1617 3148 1792 3213 monaste-

246 3262 336 3346 rium
363 3261 448 3332 illud
474 3262 644 3333 notabilia
669 3262 821 3351 accepit,
858 3248 951 3334 intra
976 3269 1014 3333 et
1039 3260 1126 3332 foris
1151 3261 1374 3352 incrementa,
1400 3281 1442 3332 eo
1469 3282 1538 3333 uno
1565 3262 1620 3334 r'ol
1646 3263 1793 3334 maxime

247 3383 340 3452 iuter
365 3383 481 3452 omnia
506 3383 604 3471 regni
630 3380 794 3452 Poloniae
821 3382 972 3453 omnium
1000 3381 1158 3453 ordinum
1186 3382 1397 3453 monasteria
1424 3381 1663 3472 nobilitatum,
1690 3382 1792 3473 ,quod

247 3508 284 3574 et
309 3508 484 3574 vetustum
511 3507 548 3572 et
574 3503 720 3591 primum
749 3503 843 3573 iuter
869 3503 984 3573 omnia
1010 3501 1128 3590 sitin
1155 3501 1273 3572 arduis
1291 3507 1327 3573 et
1344 3507 1405 3592 pet
1446 3503 1494 3575 sis
1521 3502 1656 3592 alpibus
1678 3503 1819 3592 situm,·
1874 3538 1877 3543 ·

248 3623 497 3713 pretiosissimo
523 3628 563 3694 ut
590 3624 830 3712 praemisimus
864 3622 1022 3694 vivificae
1058 3620 1179 3693 (trucis
1203 3622 1299 3712 ligno
1326 3622 1377 3693 oei
1462 3676 1471 3712 ,
1511 3628 1547 3693 et
1572 3622 1793 3694 multitudine

243 3743 292 3830 qd
327 3742 412 3814 illud
447 3743 660 3814 adorandum
696 3749 732 3814 et
759 3743 944 3833 quotannis
980 3748 1017 3813 et
1043 3748 1128 3833 qoot
1163 3742 1284 3814 diebos
1319 3743 1501 3832 utriusque
1536 3763 1639 3814 sexus
1674 3742 1793 3832 popuii

248 3863 453 3934 confluentia
487 3862 665 3935 famosum.
709 3862 807 3952 Quod
843 3861 1124 3934 Vladislaos
1160 3862 1397 3934 Secundus
1433 3861 1598 3937 Poloniae
1632 3882 1694 3934 rex
1720 3867 1791 3933 tam

249 3984 451 4073 scrupulosa
477 3984 700 4055 veneratione
727 3983 857 4071 coluit,
896 3988 937 4054 ut
963 3983 1007 4054 ad
1020 3983 1163 4054 nnllam
1185 3983 1439 4073 expeditionem
1465 3985 1688 4073 transiverit,
1727 3984 1793 4055 uisi

247 4103 324 4175 loco
360 4124 422 4193 per
454 4105 553 4193 vprius
588 4103 742 4193 pedestri
777 4104 902 4175 itinere
937 4104 1091 4175 visitato.
1135 4101 1200 4175 Oui
1226 4109 1262 4176 et
1288 4103 1379 4174 tilius
1415 4124 1499 4175 suns
1535 4103 1793 4176 casimirus

249 4223 439 4295 Tertius
465 4224 630 4294 Poloniae
657 4245 718 4295 rex
753 4225 864 4314 patris
891 4197 1117 4296 ¹devotionem
1145 4244 1370 4312 expressurus
1406 4223 1585 4295 ecclesiam
1613 4225 1793 4315 parochio-

248 4344 316 4415 lem
343 4345 389 4414 in·
406 4345 533 4434 oppido
559 4345 657 4434 regio
684 4344 1011 4434 Wawelnicza,
1046 4344 1132 4414 satis
1159 4349 1376 4433 ventrosam,
1412 4363 1489 4416 oum
1525 4345 1683 4415 omnibus
1719 4347 1794 4415 eius

207 4540 209 4544 ,
249 4466 473 4554 proventibus
508 4465 684 4537 consensit
719 4465 856 4536 annecti
882 4470 919 4535 et
944 4464 1168 4554 incorporari.
1213 4461 1319 4534 Cuius
1355 4463 1493 4555 quidem
1530 4465 1731 4537 monasterii
1757 4465 1794 4535 bi

250 4591 371 4656 extant
397 4585 553 4657 redditus
580 4591 617 4656 et
642 4585 816 4675 introitus,
841 4586 995 4674 haecque
1021 4584 1226 4675 substantia,
1253 4583 1479 4675 decimaeque
1500 4586 1605 4675 atque
1631 4585 1743 4656 villae.

354 4702 603 4777 Monosterium
630 4710 745 4777 autem
773 4703 965 4796 praefatum
993 4702 1125 4776 Calvi
1159 4705 1332 4787 montis
1367 4705 1579 4795 clarissimus
1605 4724 1667 4776 ror
1693 4704 1795 4777 Polo·

251 4827 328 4898 niae
355 4825 493 4897 Vladi
506 4827 634 4897 sla-us
661 4824 898 4898 Secundus
925 4825 1066 4896 natione
1085 4824 1289 4914 Litbuanus,
1315 4824 1359 4896 ad
1386 4825 1574 4915 supplicem
1592 4826 1795 4897 instantiam

251 4924 384 5018 Nicolai
410 4945 652 5016 Droszdek
692 4946 845 5018 eiusdem
872 4946 1074 5017 monasterii
1101 4950 1184 5015 tunc
1210 4945 1364 5036 abbatis,
1399 4953 1436 5016 et
1462 4945 1516 5017 sui
1542 4946 1631 5036 regii
1658 4946 1794 5036 praedi·
1998 5026 2000 5035 ,

251 5068 378 5137 catoris
405 5072 440 5137 et
465 5066 682 5155 confessoris,
708 5087 730 5137 a
749 5064 931 5159 podwodis
957 5067 1108 5137 statione
1117 5119 1131 5154 ,.
1166 5065 1343 5137 laboribus
1370 5067 1543 5137 curiarum
1569 5067 1749 5157 regalium,
1775 5088 1797 5138 a
1931 5052 1935 5059 ’

250 5187 421 5258 solutione
447 5186 706 5275 frumentorum,
733 5206 755 5256 a
781 5185 952 5257 solutione
971 5182 1206 5279 pandoces
1232 5186 1276 5257 ab
1303 5186 1462 5258 omnibus
1488 5186 1664 5277 ductoris,
1690 5208 1797 5279 anga-

159 5305 172 5317 '
251 5308 323 5397 riis,
351 5312 518 5397 perpetuo
545 5307 673 5378 exemit
699 5306 851 5378 absolvit
876 5311 913 5377 et
939 5325 1002 5396 per
1027 5305 1148 5378 literas
1174 5309 1332 5395 patentes
1358 5306 1511 5379 libertat

501 5570 804 5649 monasterium
837 5567 955 5649 Onici
989 5518 1145 5649 nfltis
1176 5566 1359 5649 Sanctus
1392 5567 1557 5649 Oroete.

356 5790 395 5860 In
423 5796 539 5861 monte
566 5787 675 5861 arduo
702 5794 739 5859 et
764 5808 945 5858 nemoroso
972 5786 1219 5859 calvariae
1247 5789 1350 5859 situm
1369 5787 1432 5878 est,
1458 5810 1502 5860 ex
1521 5810 1588 5880 quo
1606 5791 1642 5861 in
1661 5812 1795 5863 omnem

202 5880 226 5915 Τ
253 5912 428 6001 regionem
456 5910 731 5980 circumvicinam
758 5909 932 5996 spatiosus
958 5914 996 5978 et
1021 5915 1185 5979 extensus
1210 5915 1249 5979 et
1276 5910 1334 5998 qni
1360 5908 1469 5979 oculis
1495 5931 1565 5981 non
1591 5918 1708 6000 potest
1725 5918 1797 5981 ter-

253 6034 388 6120 minari,
415 6032 562 6101 babetur
589 6036 801 6118 prospectus.
827 6026 1034 6099 Monosterii
1062 6032 1176 6098 autem
1203 6028 1351 6118 praefati
1377 6036 1477 6101 vetus
1504 6030 1664 6121 ccclesia,
1692 6051 1797 6121 opere

252 6159 390 6225 vetusto
416 6158 452 6222 et
477 6170 602 6240 graeco
630 6171 673 6220 ex
699 6156 809 6239 petra,
834 6148 1004 6220 fabricata
1030 6154 1066 6219 et
1092 6153 1228 6218 murata
1252 6147 1318 6219 init
1345 6132 1450 6238 opere
1476 6149 1596 6220 humili
1624 6157 1661 6220 et
1691 6152 1796 6223 basso
1878 6151 1881 6156 ’

255 6295 317 6364 per
341 6270 608 6355 Buleslaum
637 6269 837 6341 Obrabri
864 6267 1477 6358 primom‚P010niacregem,etper
1503 6267 1797 6343 Vladislaum
1876 6344 1882 6357 ,

254 6392 508 6465 Secundum
536 6391 700 6461 Poloniae
726 6410 841 6479 regem
867 6390 1006 6478 pictura
1031 6408 1157 6479 graeca
1183 6394 1361 6477 exornata,
1402 6408 1490 6478 quae
1516 6385 1621 6460 bodie
1647 6391 1798 6464 babetur
