4217 8059
357 1491 428 1566 186

354 1720 555 1789 grossorum
591 1703 653 1775 aut
680 1697 851 1784 valorem,
879 1698 961 1767 item
988 1716 1055 1767 ova
1081 1697 1237 1786 triginta,
1272 1698 1353 1768 item
1389 1697 1499 1786 gallos
1535 1697 1631 1786 dnos,
1666 1698 1749 1769 item
1786 1717 1904 1768 caseos

356 1819 461 1907 dnos;
488 1820 570 1888 item
597 1816 734 1887 labores
761 1815 874 1887 facere
902 1837 969 1887 non
995 1824 1160 1890 tenentur
1186 1818 1440 1908 septimanales,
1466 1819 1548 1889 item
1567 1839 1631 1908 pro
1643 1817 1792 1912 powobo
1809 1820 1906 1889 labo·
2026 1905 2029 1911 y

356 1947 436 2012 rant
463 1960 565 2028 agros
593 1937 771 2031 ιἰιιίψιιι,Ι
787 1958 873 2028 quos
900 1943 1064 2009 tenentur
1091 1924 1202 2027 arare,
1230 1942 1410 2030 sominare,
1436 1945 1576 2029 metare,
1604 1940 1803 2029 conducere,
1835 1941 1905 2010 fro

355 2062 481 2131 mentis
520 2059 732 2131 monasterii.
772 2041 859 2130 item
896 2080 1032 2153 oaszyep
1069 2080 1137 2130 non
1172 2066 1335 2131 tenentur
1370 2061 1523 2150 solvere,
1549 2060 1609 2131 sod
1637 2082 1740 2132 unam
1763 2082 1905 2132 -vaccam

355 2182 459 2269 dant;
485 2182 569 2252 item
598 2202 700 2251 unam
728 2201 870 2270 pernam
898 2179 997 2270 lardi,
1024 2187 1087 2251 aut
1113 2202 1177 2270 pro
1204 2181 1265 2251 illa
1291 2203 1395 2252 unum
1423 2181 1614 2252 fertonem·
1641 2180 1728 2253 Item
1756 2189 1811 2253 est
1837 2200 1907 2253 nna

231 2310 236 2319 '
355 2303 502 2375 taberna
528 2302 659 2371 babens
687 2321 798 2390 agros
827 2307 867 2369 et.
889 2301 994 2372 solvit
1020 2308 1094 2371 tres
1113 2323 1187 2372 cum
1217 2289 1329 2372 m'edia
1355 2322 1500 2391 marcas,
1526 2307 1563 2372 ct
1581 2303 1651 2372 tria
1670 2302 1815 2391 prandia
1835 2323 1905 2372 ma-

355 2445 501 2514 gnorum
529 2423 753 2511 iudiciorum;
780 2423 860 2491 item
888 2428 960 2491 tres
987 2421 1163 2492 hortulani
1191 2423 1357 2494 babentes
1384 2443 1497 2512 agros,
1524 2429 1560 2493 et
1587 2423 1692 2493 solvit
1718 2445 1808 2494 unns
1833 2429 1906 2493 tres

355 2544 517 2634 fertones
545 2551 581 2614 et
599 2543 668 2614 duo
686 2563 749 2632 per
768 2541 916 2612 medinm
935 2562 1095 2638 marcam.
1123 2542 1209 2612 Item
1237 2549 1291 2614 est
1318 2544 1366 2614 ibi
1389 2543 1567 2633 praedium
1587 2545 1796 2634 coenobiale,
1815 2544 1905 2634 quod

357 2667 443 2737 nulli
479 2666 540 2736 dat
566 2665 751 2753 decimam,
779 2663 839 2734 sed
867 2684 942 2733 eam
970 2684 1034 2753 pro
1061 2684 1098 2733 se
1125 2663 1226 2733 tollit.
1264 2664 1350 2735 Item
1378 2664 1629 2753 molendinum,
1656 2665 1793 2736 solvens
1820 2665 1906 2735 duas

357 2807 557 2876 sexagenas,
584 2792 620 2855 et
645 2791 766 2855 vetera
794 2784 950 2854 aedificin
977 2784 1140 2873 impensis
1172 2786 1371 2856 monasterii
1400 2784 1600 2857 reformans.
1627 2786 1786 2857 Itom'de
1813 2787 1906 2876 agris

358 2908 587 2995 cmetbonum,
614 2888 780 2977 tabernae
807 2914 844 2975 ιι
875 2905 1160 2994 hortulaniarnm,
1188 2906 1337 2977 solvitur
1359 2907 1492 2978 decima
1509 2908 1734 2998 manipularis
1753 2913 1789 2978 et
1805 2926 1906 2977 cana-

358 3028 445 3117 palis
473 3048 540 3098 uno
568 3049 659 3097 anno
686 3048 750 3116 pro
768 3028 930 3116 episcopo
958 3025 1189 3115 Gracoviensi
1217 3028 1326 3098 altero
1352 3048 1416 3117 pro
1444 3028 1629 3098 ecclesia
1620 3049 1654 3098 ιιι
1682 3026 1737 3098 Slr
1750 3047 1810 3098 ιιι
1823 3028 1907 3115 ina,

357 3155 394 3219 et
429 3149 526 3219 valor
561 3149 651 3226 eius
675 3148 880 3218 aestimatur
920 3146 963 3216 ad
1007 3152 1092 3236 quat
1093 3167 1158 3217 nor
1192 3169 1333 3218 marcas.
1378 3147 1537 3220 Gonfiuat
1522 3156 1648 3220 tcnm
1685 3148 1714 3225 P
1722 3149 1906 3239 yekary

228 3293 234 3302 ·
357 3268 551 3359 Lyszky,
579 3267 841 3356 Chorzelin,
862 3266 1040 3356 ,‚Chelm
1060 3267 1296 3359 Byelyani.

462 3390 617 3477 Lrsznr,
644 3389 728 3458 villa
754 3388 922 3459 babens
914 3409 948 3458 m
977 3406 1014 3458 se
1041 3389 1221 3460 ecclesiam
1248 3390 1491 3478 parochialem,
1519 3388 1625 3461 Sanct
1609 3395 1646 3460 to
1665 3326 1907 3499 Nicolpdbonj

357 3509 482 3580 fossori
509 3510 658 3580 dicatam
685 3508 851 3597 ligneam,
879 3509 976 3577 cuius
1003 3510 1200 3599 proprietas
1232 3509 1277 3579 ad
1303 3511 1551 3580 monasterinm
1579 3502 1803 3635 Thincapppac
1828 3529 1908 3600 per·

218 3617 225 3628 ’
358 3632 455 3700 tinet.
491 3628 531 3698 In
559 3651 628 3718 qna
655 3635 735 3698 sunt
720 3627 941 3698 tdnodecim
969 3626 1059 3696 lanei
1092 3633 1127 3697 ιι
1155 3628 1254 3718 virga
1280 3629 1395 3699 media
1421 3635 1511 3700 emet
1495 3630 1669 3700 thonales
1664 3622 1909 3723 ,atnnidbct

359 3750 463 3821 solvit
490 3770 553 3839 pro
581 3770 696 3819 annno
714 3769 819 3819 censu
830 3747 985 3817 mediam
1005 3768 1154 3818 marcam
1174 3748 1323 3820 latorum
1339 3770 1537 3839 grossorum
1558 3728 1909 3871 Progenss,

359 3891 426 3940 ova
444 3869 634 3955 duodecim,
653 3869 736 3938 item
754 3868 864 3956 gallos
883 3868 980 3956 dnos,
998 3868 1082 3938 item
1101 3889 1239 3940 caseum
1258 3891 1373 3958 unum,
1388 3870 1470 3939 item
1489 3871 1651 3942 laborant
1668 3838 1841 3965 alatam(
1842 3889 1908 3959 pro

360 4010 442 4060 vere
469 3996 505 4058 ιι
532 3990 663 4077 bpeme,
691 3994 727 4057 ot
753 3993 916 4058 tenentur
943 4009 1046 4075 agros
1074 4010 1184 4079 arare,
1211 3990 1380 4061 seminare
1408 3992 1609 4062 monasterii
1625 3990 1820 4080 frumentio,
1839 4010 1909 4065 me-

359 4116 444 4198 tere,
472 4109 682 4195 conducere;
710 4108 791 4176 item
814 4106 997 4200 pownbooa
1024 4130 1092 4179 non
1119 4117 1282 4181 tenentur
1308 4111 1477 4182 laborare.
1505 4112 1592 4183 Item
1620 4112 1787 4202 plebanus
1805 4111 1910 4181 habet

360 4232 410 4316 ibi
445 4251 548 4318 agros
586 4235 623 4298 et
659 4233 779 4318 prata,
807 4248 870 4315 pro
906 4249 968 4299 suo
996 4229 1148 4319 praedio.
1175 4231 1262 4302 Item
1288 4232 1455 4302 tabernae
1482 4237 1573 4321 tres,
1600 4233 1770 4303 habentes
1797 4251 1909 4320 agros,
1988 4237 1992 4242 ’

360 4352 449 4422 duae
476 4351 615 4422 solvunt
641 4370 704 4445 por
739 4347 826 4418 duas
863 4369 1053 4438 sexagenas
1080 4357 1116 4421 et
1142 4352 1248 4423 tertia
1274 4372 1377 4423 unam
1404 4354 1573 4444 marcam,
1600 4355 1681 4424 item
1709 4351 1909 4423 hortulania

325 4482 331 4487 ’
360 4494 430 4543 una
456 4478 511 4542 est
537 4473 572 4541 in
600 4470 720 4541 eadem
748 4469 839 4558 villa,
867 4488 955 4558 quae
982 4471 1086 4542 solvit
1112 4492 1177 4561 pro
1203 4492 1316 4543 annuo
1344 4493 1450 4544 censu
1481 4494 1583 4544 unam
1620 4493 1789 4559 marcam3
1825 4473 1910 4541 item

361 4602 416 4665 est
443 4593 549 4680 faber,
577 4591 635 4681 qui
663 4591 706 4661 de
733 4591 835 4660 horto
862 4589 967 4660 solvit
993 4610 1096 4660 unam
1122 4611 1283 4663 marcam.
1309 4593 1397 4663 Item
1425 4593 1591 4683 plebanus
1619 4594 1725 4665 babet
1751 4592 1910 4682 proprios

361 4736 466 4805 agros
492 4734 556 4802 pro
583 4711 735 4801 praedio.
763 4710 847 4780 Item
875 4708 1055 4799 praedium
1083 4712 1281 4783 coenobiale
1308 4734 1377 4784 non
1404 4715 1520 4784 estin
1547 4714 1668 4785 eadem
1696 4713 1788 4784 villa.
1823 4712 1911 4782 Item

362 4835 546 4906 advocatia
573 4854 641 4902 non
668 4836 731 4920 est,
759 4829 819 4900 sed
846 4829 915 4901 duo
942 4830 1033 4901 lanei
1060 4831 1279 4922 scoltetiales,
1314 4833 1421 4915 solvit
1446 4833 1593 4924 quilibet
1619 4833 1706 4905 duas
1733 4851 1912 4904 mensuras

363 4977 511 5044 avenae,
539 4953 685 5025 totidem
720 4950 885 5039 siliginis,
913 4957 1064 5040 quatuor
1089 4972 1239 5042 grossos.
1273 4953 1360 5023 Item
1388 4954 1431 5023 de
1458 4954 1613 5045 quolibet
1638 4955 1738 5026 laneo
1765 4953 1913 5024 solvitur

234 5159 237 5168 ‚
263 5152 266 5157 ,
363 5099 433 5149 una
460 5096 620 5148 mensura
646 5092 786 5144 avenae.
812 5072 899 5142 Item
927 5078 1003 5142 tota
1030 5074 1113 5144 villa
1140 5073 1244 5144 solet
1270 5093 1372 5145 unam
1400 5094 1542 5162 pernam
1560 5076 1658 5165 lardi,
1676 5096 1779 5165 quam
1797 5094 1912 5144 emen·

364 5200 443 5271 darn
471 5197 658 5269 Cracoviae
685 5195 905 5284 dispensator
932 5192 1070 5264 abbatis
1087 5194 1351 5265 demonstraret.
1369 5194 1455 5265 Item
1474 5195 1517 5264 de
1536 5196 1693 5266 omnibus
1711 5195 1805 5283 agris
1822 5212 1913 5262 ome-

364 5322 509 5392 thonum
536 5315 684 5388 soluitur
711 5322 747 5386 et
774 5305 978 5385 conducitur
1012 5334 1077 5403 pro
1112 5314 1243 5384 decima
1272 5315 1479 5403 manipulari
1506 5320 1542 5385 et
1568 5315 1721 5404 canapali
1749 5333 1814 5402 pro
1841 5332 1914 5382 mo·

367 5440 521 5512 nasterio
547 5459 705 5529 manuni,
731 5435 845 5506 dando
874 5434 917 5505 de
944 5434 1044 5504 laneo
1064 5433 1218 5523 quolibet
1236 5434 1323 5505 duas
1340 5455 1519 5506 mensuras
1536 5436 1655 5524 tritIci,
1673 5434 1758 5505 duas
1775 5452 1915 5520 avenae,

366 5563 452 5634 dnas
480 5560 636 5650 siliginis.
676 5558 763 5628 Item
790 5561 867 5627 tota
893 5554 977 5626 villa
1003 5553 1065 5624 dat
1091 5554 1237 5643 siugulis
1263 5556 1363 5626 annis
1391 5575 1493 5625 nnam
1521 5575 1678 5643 vaccam,
1704 5575 1768 5644 pro
1796 5573 1915 5623 mona-

366 5684 493 5771 sterio,
521 5689 583 5751 aut
618 5680 693 5749 eius
720 5677 882 5750 valorem.
919 5674 1079 5746 Confinat
1105 5694 1181 5745 cnm
1209 5674 1580 5766 Szmyerdzacza,
1607 5674 1806 5765 Raczna,
1835 5672 1914 5742 No-

254 5846 256 5850 ·
367 5825 427 5874 wa
455 5798 837 5892 wyosz,'liaszow‚
864 5794 1056 5884 Czulow,
1083 5793 1302 5886 Mnikow,
1327 5795 1615 5885 Morawicza,
1642 5794 1916 5883 Chorzelyn.

473 5922 704 6003 Notandum,
733 5920 815 6009 quia
842 5918 924 5988 uilla
950 5915 980 5986 L
988 5916 1129 6006 yszky
1157 5915 1222 5986 fuit
1248 5916 1420 6005 quondam
1447 5917 1648 5987 monasterii
1672 5913 1916 5985 sanctimonia·
1956 5964 1960 5973 .

366 6046 449 6116 lium
477 6044 519 6113 de
546 6040 929 6132 Zwyerzynyecz,
957 6036 1018 6107 sed
1054 6036 1301 6107 monasterium
1329 6035 1554 6108 Thincziense
1582 6036 1745 6107 cambivit
1771 6054 1848 6116 eam
1876 6038 1912 6101 ιι

368 6166 434 6237 sibi
461 6162 720 6255 appropriavit,
746 6141 783 6229 et
809 6159 906 6230 dedit
943 6179 1006 6248 pro
1033 6178 1075 6227 ea
1101 6157 1311 6229 monasterio
1338 6155 1381 6226 de
1407 6154 1771 6247 Zwyerzynyecz
1798 6152 1916 6225 villam

367 6286 651 6372 Wolowicze,
670 6290 706 6353 ιι
732 6280 927 6351 scoltetiam
954 6279 990 6349 in
1017 6278 1232 6350 Kolbark.
1842 6295 1847 6305 ·

472 6405 673 6491 liasszow,
709 6401 792 6472 villa
827 6402 890 6471 snb
928 6400 1094 6490 parocbia
1130 6398 1174 6469 de
1200 6397 1231 6467 L
1238 6398 1383 6489 yszky
1410 6398 1497 6487 sita,
1524 6400 1620 6470 cuius
1646 6400 1842 6489 proprietas
1869 6398 1915 6471 ad

1799 6604 1845 6719 a

1929 6754 2033 6911 ἰ
