4217 8059
288 1492 363 1565 464

288 1696 563 1771 consiliariorum
592 1697 827 1785 variantibus,
863 1705 899 1767 et
926 1696 989 1767 lite
1016 1697 1052 1766 in
1081 1696 1222 1787 longum
1256 1694 1324 1767 diei
1353 1700 1527 1783 extracto,
1563 1692 1708 1765 tandem
1743 1692 1850 1763 unius

289 1820 437 1892 hominis
473 1818 654 1891 delirantis
691 1819 881 1904 sententia,
918 1840 986 1908 quo
1014 1816 1269 1888 Casimirus
1307 1837 1367 1886 ren·
1406 1836 1469 1905 pro
1508 1815 1642 1886 deliciis
1678 1816 1850 1905 tanquam

290 1941 385 2015 latua
412 1940 584 2030 utebatur,
611 1948 755 2031 accepta
781 1946 845 2028 est,
872 1946 908 2009 nt
937 1938 1099 2009 videlicet
1127 1938 1162 2007 id
1190 1937 1436 2008 monasterium
1465 1936 1562 2026 prius
1590 1956 1662 2006 rem
1693 1934 1850 2007 divinam

288 2067 417 2152 ageret,
445 2062 610 2153 priusque
636 2068 778 2132 sonaret
804 2081 986 2150 campana,
1016 2059 1107 2149 quod
1135 2059 1231 2148 prius
1258 2066 1294 2129 et
1322 2057 1433 2149 magis
1460 2066 1595 2128 mature
1623 2057 1849 2143 surrexisset3

187 2272 194 2297 Ι
290 2183 334 2253 ad
362 2183 459 2254 ouius
486 2182 771 2255 consultationem
800 2188 835 2252 ot
862 2182 979 2273 regiae
1007 2179 1317 2270 interpretationis,
1345 2185 1381 2249 ot
1407 2179 1683 2250 consiliariorum
1711 2178 1850 2249 directa

269 2310 346 2375 ιιι
372 2304 554 2376 ιιιιιιιιι.

396 2527 674 2601 monasterium
711 2526 840 2600 Sancti
876 2524 1091 2609 francisci,
1128 2528 1163 2597 in
1200 2525 1422 2599 Gracoviensi
1457 2525 1546 2597 urbe
1572 2544 1595 2595 a
1620 2525 1848 2597 Boleslao

290 2649 463 2721 Pudico
491 2649 712 2721 cracoviensi
739 2656 775 2720 et
802 2648 1072 2720 Sandomiriensi
1101 2648 1186 2719 duce
1213 2648 1407 2729 fundatum,
1421 2650 1458 2719 ιι
1484 2651 1653 2735 erectum,
1680 2647 1715 2716 in
1742 2652 1848 2735 parte

275 2769 495 2869 ¹occidentali
522 2771 626 2843 situm
653 2776 717 2860 est,
744 2778 780 2843 et
807 2792 909 2841 unam
938 2771 1088 2860 plateam
1116 2770 1269 2840 civitatis
1296 2766 1536 2851 Crotoniensis
1563 2768 1630 2839 sibi
1649 2767 1849 2839 confronta·

295 2896 381 2980 tam,
405 2913 427 2962 a
453 2914 516 2963 suo
543 2892 682 2965 nomine
707 2888 878 2979 bruczslru,
906 2892 1013 2961 idest
1039 2891 1185 2961 irat-rum
1204 2888 1412 2978 intitulavit3
1439 2893 1477 2961 et
1493 2888 1650 2979 quamvis
1668 2908 1730 2978 per
1748 2908 1851 2979 prae·

292 3013 400 3085 latum
428 3013 709 3085 Boleslaum·
732 3012 949 3085 Pudicam
986 3012 1152 3083 fuisset
1143 3033 1178 3083 ιι
1206 3010 1377 3083 muriset
1402 3011 1438 3082 in
1475 3015 1545 3081 test
1530 3008 1739 3081 titudinibus
1766 3030 1847 3081 con·

292 3138 518 3225 summatum,
546 3154 713 3226 campana
748 3140 863 3206 tamen
892 3154 1018 3225 magna
1044 3132 1135 3204 turri
1161 3132 1362 3255 ιιοιιιιιιιι
1390 3132 1571 3222 imposita,
1598 3132 1694 3203 etin
1722 3130 1849 3203 diebus

294 3254 493 3327 solennibus
520 3255 669 3346 pulsata,
696 3254 783 3327 adeo
811 3255 990 3345 quatiebat
1017 3276 1133 3325 muros
1168 3230 1334 3325 ecclesiae
1361 3254 1428 3325 sibi
1455 3254 1607 3340 iunctos,
1634 3260 1675 3323 ut
1701 3273 1743 3323 ex
1772 3274 1847 3323 ma·

293 3377 385 3449 ximo
423 3383 520 3448 motu
551 3397 671 3447 omnes
706 3376 928 3447 testitudines
969 3376 1134 3447 caderent
1170 3396 1238 3445 una
1273 3380 1383 3461 rroate
1426 3373 1576 3464 Propter
1612 3373 1704 3463 quod
1735 3374 1850 3444 veteri

290 3497 537 3605 monasterio
529 3520 563 3568 ιι
591 3518 717 3587 magna
752 3501 851 3587 parte
879 3495 1060 3586 demolito,
1088 3496 1241 3586 parietes
1268 3494 1372 3567 medii
1397 3501 1434 3567 et
1461 3495 1576 3585 paries
1603 3494 1842 3583 occidentalis,

177 3682 181 3689 .
293 3590 520 3710 eleemosynis
547 3616 700 3689 fidelium
727 3622 764 3690 et
789 3618 1049 3729 ιιιιιιιιιι..ιβ
1068 3618 1336 3688 Κ.1ιιιιιιιι
1363 3618 1567 3687 mercatoris
1593 3616 1849 3703 Cracoriensis,

291 3739 382 3809 muri
409 3738 555 3828 praefati
584 3738 785 3811 monasterii
811 3736 855 3813 de
882 3760 971 3811 novo
1007 3670 1166 3810 fabricati
1194 3744 1293 3827 sunt,
1261 3743 1356 3809 tet
1382 3738 1625 3810 monasterium
1653 3736 1852 3861 praelatum

221 3958 225 3965 ι
291 3879 416 3949 magna
442 3880 484 3931 ιιι
513 3860 650 3949 parte
641 3881 677 3930 ιι
704 3858 777 3931 suis
803 3858 1060 3930 minationibus
1086 3860 1262 3931 relectum.

809 4272 1315 4358 ZAWICHOS'l'ENSE.

302 4479 335 4512 '¹'
396 4494 621 4571 Secundum
651 4497 929 4572 monasterium
954 4498 1101 4572 ordinis
1122 4497 1314 4570 minorum
1334 4498 1370 4570 in
1392 4497 1562 4597 dioecesi
1585 4494 1842 4597 Oracovienai

263 4619 324 4689 in
353 4617 480 4709 oppido
507 4619 817 4691 sanctimonialium
845 4618 888 4691 de
916 4618 1040 4690 Sancto
1069 4618 1211 4691 Andrea
1237 4619 1368 4689 ordinis
1396 4598 1542 4691 Sanum
1568 4597 1693 4691 Clarae
1717 4618 1762 4715 ιι
1773 4618 1847 4694 Za·

289 4741 488 4813 wichost
514 4741 638 4829 situm,
666 4739 757 4830 quod
784 4740 888 4813 etiam
918 4741 1167 4812 Boleslaus
1195 4740 1396 4812 Pudicus
1423 4739 1663 4812 Oracoviensis
1690 4746 1727 4811 et
1754 4740 1843 4819 Sau-

290 4859 510 4933 domiriensis
537 4861 624 4949 dun,
652 4866 688 4931 et
714 4862 811 4953 regni
842 4861 1005 4933 Poloniae
1040 4862 1227 4933 monarcha
1255 4881 1346 4933 anno
1372 4860 1512 4933 Domini
1545 4864 1641 4933 1257
1669 4862 1784 4934 erexit
1810 4854 1849 4935 el

289 4980 457 5069 fundavit,
484 4986 618 5052 ettam
647 4982 826 5055 ecclesiam
855 4984 1065 5075 monasterii,
1093 5004 1194 5073 quam
1223 4982 1468 5055 monasterium
1495 4989 1531 5053 et
1549 5004 1668 5053 omnes
1686 4966 1897 5115 officiantes-

292 5102 368 5172 eius
404 5123 445 5174 ex
475 5102 589 5203 coctili
625 5100 735 5175 latere
772 5103 973 5195 fabricavit,
1000 5126 1090 5195 quae
1116 5103 1233 5175 omnia
1268 5104 1423 5175 videmus
1450 5104 1494 5175 ad
1522 5104 1657 5175 ruinam
1685 5122 1849 5193 magnam

290 5192 430 5293 redacta
456 5243 552 5311 esse;
571 5220 722 5301 lundato
741 5223 912 5314 siquidem
929 5228 966 5297 et
983 5224 1106 5297 dotato
1125 5224 1436 5297 sanctimonialium
1455 5202 1694 5295 monasterio
1685 5245 1719 5293 m
1739 5244 1842 5315 prae·

153 5362 158 5371 ·
288 5342 360 5414 lato
388 5343 515 5435 oppido
542 5342 855 5435 Zawicbosth,
883 5350 916 5417 ιι
944 5344 1127 5417 aedificata
1162 5345 1309 5418 ecclesia
1344 5352 1381 5417 et
1406 5346 1616 5417 monasterio
1643 5366 1708 5437 pro
1736 5328 1866 5436 virgi-²

288 5464 434 5537 nibus
425 5486 460 5535 ιι
496 5463 661 5537 bonorem
699 5464 845 5537 Sanctae
882 5464 1108 5557 Helizabetb,
1144 5486 1284 5539 necesse
1322 5488 1457 5558 quoque
1493 5471 1570 5537 erat
1555 5466 1781 5538 taedificare
1809 5472 1848 5541 et

288 5591 490 5658 construere
519 5586 766 5659 monasterium
795 5588 958 5676 virorum,
986 5587 1131 5659 eandem
1166 5589 1321 5680 regulam
1348 5596 1384 5661 et
1411 5589 1567 5660 ordinem
1595 5586 1846 5685 professorum,

288 5708 345 5797 qui
373 5706 464 5799 apud
493 5728 631 5779 sorores
658 5714 693 5779 et
720 5709 998 5780 sanctimoniales
1027 5728 1098 5780 rem
1127 5708 1277 5781 divinam
1312 5714 1472 5801 agerent,
1501 5716 1537 5781 et
1563 5687 1847 5781 sanctimoniales

288 5826 606 5903 Zawicbosthenses
633 5830 669 5901 in
697 5850 781 5902 cura
807 5831 996 5901 animarum
1025 5836 1061 5901 et
1088 5831 1388 5905 administratione
1416 5831 1649 5922 spiritualium
1678 5850 1846 5921 procura·

288 5955 386 6038 rent;
414 5971 501 6042 quae
530 5953 645 6023 omnia
681 5952 832 6043 providit
860 5952 1036 6043 praelatus
1073 5953 1323 6027 Boleslaus
1349 5952 1572 6042 Pudicus,
1599 5959 1635 6024 et
1662 5950 1846 6043 collegium

287 6071 465 6144 duodecim
493 6073 639 6145 fratrum
667 6072 799 6145 ordinis
827 6074 1002 6146 Minorum
1031 6074 1156 6146 ibidem
1185 6074 1348 6167 instituit,
1374 6083 1411 6145 et
1437 6082 1506 6146 turn
1527 6070 1843 6147 sanctimonialium

286 6195 543 6285 monasterium,
572 6216 673 6285 quarn
701 6195 856 6285 fratrum,
885 6196 1049 6269 calicibus
1068 6202 1105 6269 et
1123 6196 1346 6287 ornamentis,
1366 6196 1582 6287 caeterisque
1602 6194 1767 6269 clenodiis
1787 6214 1845 6267 ec-

207 6300 210 6307 ’
286 6314 433 6387 clesiast'
408 6316 488 6387 trcis
506 6316 670 6409 implevit
690 6316 859 6411 Quamdiu
878 6324 993 6393 autem
1014 6318 1136 6411 religio
1155 6316 1496 6417 sanctimonialium
1486 6341 1522 6390 ιιι
1540 6316 1568 6389 Ζ
1579 6300 1844 6391 auicbostlr

285 6436 436 6527 dmavit,
463 6436 676 6529 praedictum
696 6460 832 6551 quoqne
850 6442 1098 6542 ιιιιιιιιιιιιιι
1115 6440 1263 6536 fratrum
1299 6523 1308 6535 ,Ι
1335 6438 1350 6451 ’“
1371 6430 1433 6553 '32'
1477 6440 1514 6513 ln
1531 6420 1843 6537 Zatclclrostb,
