4217 8059
1735 1468 1782 1540 sl

230 1662 332 1739 redes
367 1660 563 1737 Stanislaus
606 1658 996 1758 Byenyateazsky
1031 1688 1109 1741 oum
1143 1667 1222 1740 aliis
1257 1666 1432 1759 pluribus,
1468 1671 1527 1761 qui
1563 1692 1682 1745 omnes
1720 1674 1786 1745 soli

230 1785 350 1861 uolunt
383 1804 488 1877 sgros
515 1786 666 1877 proprio
684 1790 821 1876 aratro,
855 1793 892 1860 el
918 1787 1060 1861 solvunt
1086 1788 1254 1861 decimam
1281 1790 1529 1881 manipularem
1556 1794 1592 1864 in
1619 1793 1785 1886 Busko,

121 1929 125 1934 ·
225 1911 269 2009 et
283 1906 392 2008 -salor
418 1907 494 1981 eius
528 1894 734 1981 aestimatur
765 1906 810 1980 ad
836 1912 926 1999 mes,
962 1914 1024 1981 aut
1050 1915 1200 1999 quatuor
1226 1931 1370 1982 marcas.
1410 1912 1499 2009 Item
1527 1896 1609 1985 sunt
1635 1915 1685 1986 ibi
1712 1920 1785 1989 tres

231 2016 454 2099 hortulaniaa
480 2027 648 2101 babentes
675 2048 796 2120 agros,
826 2028 868 2101 de
896 2029 1020 2121 quibus
1048 2029 1196 2105 solvitur
1223 2037 1259 2103 ot
1285 2008 1650 2117 conducitur'decima
1675 2037 1786 2108 mani·

212 2147 368 2243 ‘palaris
394 2168 459 2238 pro
486 2148 657 2222 decanatu
683 2148 976 2249 Sandomiriensi3
1011 2151 1109 2231 valor
1134 2151 1179 2223 ad
1206 2152 1353 2224 mediam
1380 2173 1540 2224 marcam.
1805 2245 1807 2251 Α

339 2268 486 2377 masa
510 2269 709 2370 Kossaxs,
734 2271 818 2357 villa
843 2272 909 2345 sub
925 2272 1092 2364 parocbia
1108 2272 1274 2381 ecclesiae
1300 2272 1345 2346 ds
1362 2273 1517 2346 Buslro
1537 2275 1635 2347 sita·
1660 2275 1700 2347 ln
1720 2297 1788 2366 qua
1899 2254 1903 2261 ’

231 2396 315 2469 suut
340 2389 458 2481 plures
484 2390 619 2465 nobiles
645 2391 688 2463 de
707 2392 813 2465 armis
839 2445 981 2464 ......
1007 2393 1162 2466 colentes
1189 2414 1254 2484 pro
1273 2415 1311 2466 se
1338 2414 1441 2485 agros
1469 2394 1572 2467 villae
1598 2396 1786 2486 praefatae.

231 2511 320 2595 Item
345 2514 428 2583 suat
461 2511 595 2602 aliquot
629 2513 847 2591 hortulaniaa
882 2514 1053 2588 habentes
1079 2535 1200 2617 agros,
1228 2514 1271 2586 de
1299 2516 1424 2606 quibus
1451 2516 1612 2588 omnibus
1638 2517 1786 2589 soluitur
1878 2498 1882 2505 ’

96 2685 103 2694 .
231 2630 365 2729 decima
390 2632 616 2724 manipularis
653 2635 689 2705 in
716 2633 889 2725 Buslro,
924 2639 961 2706 et
987 2635 1085 2708 valor
1120 2637 1195 2708 eius
1222 2637 1426 2708 aestimatur
1458 2637 1603 2708 adires
1638 2658 1782 2710 marcas

334 2753 465 2827 Minos
490 2752 687 2847 Kosrrmr,
714 2755 799 2826 uilla
824 2755 889 2856 sub
911 2756 1078 2848 parocbia
1104 2757 1272 2830 ecelesiae
1297 2757 1341 2829 de
1364 2757 1516 2829 Busko
1543 2758 1621 2831 sita
1660 2758 1702 2829 In
1720 2779 1788 2850 qua

232 2879 314 2947 suat
341 2875 458 2965 plures
484 2874 617 2948 nobilrs
643 2876 811 2949 dammis
837 2930 979 2948 ......
1006 2878 1159 2956 colantes
1185 2899 1249 2970 per
1267 2899 1304 2950 se
1331 2899 1434 2969 agros
1462 2876 1565 2951 villae
1592 2878 1786 2971 praefatam

231 2997 316 3077 item
342 3003 426 3071 sust
450 2996 584 3090 aliquot
617 2998 836 3071 hortulaniaa
862 2998 1032 3072 habentes
1059 2999 1251 3091 agros‚·de
1276 2999 1401 3091 quibus
1428 2999 1576 3073 solvitur
1603 3006 1640 3073 et
1657 3002 1786 3073 condu-

230 3118 322 3191 citur
348 3117 483 3203 decima
507 3119 734 3211 manipularis
760 3140 824 3211 pro
851 3121 1063 3195 monasterio
1089 3121 1127 3193 in
1153 3121 1317 3212 Busko,
1343 3124 1381 3193 et
1396 3121 1496 3193 valor
1522 3121 1596 3194 eius
1622 3122 1785 3194 aestima·

208 3243 291 3323 ¹tur
316 3238 364 3313 sd
388 3244 464 3313 tras
487 3260 632 3314 marcas
868 3308 871 3313 .
1048 3220 1052 3227 ’
1537 3324 1539 3331 ,

334 3359 662 3453 Smsnawrozs,
698 3362 802 3438 silla...
816 3361 881 3435 sub
908 3361 1075 3453 parochia
1110 3361 1153 3434 de
1180 3361 1332 3435 Busko
1360 3361 1446 3452 sita,
1478 3362 1576 3435 cuius
1601 3362 1785 3437 haeredes:

174 3571 176 3575 Ι
231 3478 396 3587 Nioohus
422 3482 738 3577 Bpeebowsky
765 3482 813 3556 do
834 3483 941 3557 armis
967 3481 1152 3556 Powala
1178 3504 1242 3574 pro
1268 3483 1392 3569 maiori
1418 3488 1533 3575 parta,
1556 3479 1786 3590 stGaorgius

231 3602 388 3679 Suasa
414 3602 459 3677 ds
476 3604 582 3677 armis
607 3604 851 3696 Druszyna
876 3624 940 3697 pro
959 3605 1085 3677 minori
1112 3610 1224 3695 parts.
1263 3605 1304 3677 In
1322 3626 1392 3695 qua
1409 3609 1491 3693 sunt
1508 3602 1665 3678 undecim
1694 3606 1787 3678 lanei

233 3712 486 3816 nemorales,
513 3731 550 3797 et
566 3747 628 3799 sex
654 3726 874 3799 bortulanise
899 3727 1069 3800 habentes
1095 3746 1214 3816 agros,
1240 3725 1426 3816 dequibus
1453 3724 1612 3798 omnibus
1639 3727 1787 3800 solvitur

233 3852 270 3925 et
296 3846 501 3919 conducitur
525 3847 660 3920 decima
685 3848 913 3939 manipularis
939 3868 1003 3939 pro
1022 3847 1195 3921 decanatu
1221 3846 1506 3938 Saudomiriensi‚
1533 3852 1571 3919 et
1587 3847 1686 3921 valor
1712 3849 1787 3920 eins

231 3968 439 4043 aestimatur
465 3969 511 4063 ad
537 3969 656 4043 decom
685 3976 827 4044 storto
854 3990 997 4051 marcas.
1036 3970 1126 4042 Item
1153 3974 1236 4042 sunt
1261 3970 1311 4045 ibi
1337 3970 1514 4071 tabernae,
1541 3968 1698 4042 sednon
1725 3971 1788 4041 ha-

234 4091 319 4165 taut
345 4111 465 4183 agros.
504 4090 595 4164 Item
625 4097 708 4165 suut
742 4092 792 4165 ibi
827 4092 896 4165 duo
928 4090 1074 4183 praedia
1098 4089 1275 4165 militaria
1309 4091 1479 4164 habentes
1513 4110 1637 4182 agros,
1658 4098 1708 4163 et
1730 4091 1788 4163 da

85 4298 90 4311 ,
147 4296 155 4309 θ
236 4212 404 4285 omuibus
420 4212 568 4285 solvitur
590 4213 723 4286 decima
748 4212 975 4304 manipularis
1001 4212 1214 4287 monastario
1241 4212 1277 4283 in
1305 4211 1467 4302 Busko,
1502 4193 1613 4284 Valor
1639 4212 1684 4284 ad
1703 4233 1788 4302 qua-

105 4324 117 4423 '⁴
232 4336 313 4406 tuor
329 4353 475 4409 marcas.

337 4432 623 4546 Somnoszssz,
648 4453 732 4527 uilla
757 4452 1100 4527 habonsecolssiam
1125 4451 1276 4544 bgneam
1302 4452 1338 4524 in
1356 4473 1403 4523 se.
1443 4451 1572 4543 inqua
1589 4456 1671 4524 sunt
1695 4451 1788 4524 lanei

234 4575 480 4667 cmctbormlss,
503 4577 586 4649 item
613 4576 798 4666 sasernae,
824 4575 907 4647 item
925 4565 1163 4664 hortulaniaa
1185 4573 1268 4645 itam
1287 4595 1391 4677 unum
1418 4572 1598 4663 praedium
1625 4571 1815 4664 militare,'

157 4745 160 4750 -
234 4696 277 4795 de
304 4697 428 4789 quibus
455 4697 613 4769 omnibus
640 4696 788 4770 solvitur
814 4701 851 4769 et
869 4685 1073 4775 conducitur
1099 4694 1234 4767 decima
1260 4692 1485 4784 manipularis
1512 4694 1722 4765 monasterio
1750 4695 1786 4766 in

234 4817 395 4908 Busko,
420 4825 458 4892 et
483 4819 683 4909 valarsius
710 4818 917 4891 aestimatur
944 4815 990 4889 ad
1014 4867 1157 4888 ......
1291 4862 1295 4869 -

337 4939 504 5032 Cunus,
534 4941 618 5013 villa
643 4941 708 5013 sub
734 4939 903 5032 parochia
928 4939 972 5012 ds
991 4990 1106 5010 .....
1133 4938 1211 5011 sita
1250 4937 1291 5009 In
1310 4955 1379 5045 qua
1408 4939 1490 5009 sunt
1515 4934 1607 5007 lanei
1634 4935 1787 5023 emetha·

233 5062 349 5152 noles,
366 5061 458 5135 item
486 5063 671 5152 tabernae,
697 5062 780 5135 item
807 5061 1045 5152 hortulaniaa,
1076 5061 1160 5133 item
1187 5058 1366 5150 praedium
1392 5057 1561 5148 militare,
1589 5056 1632 5129 de
1660 5057 1785 5148 quibus

234 5184 393 5257 omnibus
418 5182 566 5256 solvitur
601 5190 639 5256 et
663 5184 867 5268 conducitur
902 5181 1036 5257 decima
1070 5178 1296 5272 manipularis
1323 5178 1532 5252 monasterio
1558 5177 1594 5250 in
1622 5178 1786 5270 Busko,

234 5311 272 5379 ot
295 5305 394 5378 valor
418 5305 495 5378 ains
520 5303 731 5379 aestimatur·
752 5304 798 5378 ad
824 5356 965 5376 ......

122 5438 127 5447 “
212 5414 220 5423 ”
336 5425 514 5516 sauros,
549 5408 633 5499 villa
665 5424 738 5523 sub,
761 5420 933 5541 posthia
963 5421 1132 5497 ecclesiae
1167 5420 1238 5523 ¹(le.
1239 5475 1380 5493 ......
1407 5421 1482 5493 sita
1523 5419 1564 5491 ln
1600 5440 1670 5511 qua
1704 5426 1786 5495 sunt

233 5547 336 5638 lanei,
355 5548 405 5641 ude
424 5547 550 5640 quibus
574 5518 875 5651 solvitusliffl'a
899 5542 1125 5637 manipularis
1151 5548 1188 5615 et
1205 5543 1390 5634 canapalis.
1430 5541 1519 5613 Item
1538 5545 1594 5613 est
1611 5542 1647 5612 in
1665 5541 1785 5614 eadem

235 5668 319 5741 villa
345 5669 525 5761 praedium
558 5670 704 5744 unicum
731 5668 901 5769 militare,
936 5669 1020 5741 itam
1053 5669 1109 5739 est
1141 5685 1212 5738 una
1245 5665 1411 5755 taberna,
1446 5664 1577 5735 habens
1614 5685 1717 5755 agros
1743 5664 1787 5736 de

236 5811 306 5864 ano
331 5791 450 5883 laneo,
477 5795 514 5865 ct
538 5797 611 5866 tam
638 5793 682 5865 de
706 5790 801 5882 agris
827 5790 1082 5880 praesulibus,
1110 5809 1213 5880 qaam
1240 5787 1283 5859 de
1300 5786 1394 5878 agris
1422 5785 1458 5857 in
1484 5786 1656 5877 Busko,
1683 5784 1787 5858 solvi,

234 5919 292 5987 tur
317 5914 454 5987 decima
478 5914 703 6006 manipularis
730 5913 765 5985 in
793 5911 956 5985 Busko.
996 5911 1108 5985 Valor
1134 5912 1209 5984 eius
1236 5910 1281 5983 ad
1307 5914 1380 5983 tres
1408 5929 1553 5981 marcas.

338 6036 557 6109 Saornsnrr
583 6035 737 6128 Pauus,
764 6034 848 6107 villa
874 6034 939 6107 sub
957 6033 1122 6137 parocbia
1148 6031 1312 6105 ecclesiae
1340 6030 1383 6104 de
1402 6083 1516 6102 .....
1540 6030 1617 6101 sita.
1657 6027 1698 6098 In
1718 6047 1787 6118 qua

233 6163 316 6231 suat
340 6163 491 6250 quatuor
518 6157 666 6249 nobiles,
692 6157 751 6251 qui
770 6176 874 6250 agros
891 6174 955 6247 per
972 6174 1010 6226 se
1028 6154 1166 6243 colunt3
1192 6155 1276 6239 item
1303 6160 1384 6225 sunt
1412 6152 1545 6243 aliquot
1567 6148 1785 6222 hortulaniaa
1839 6240 1844 6251 ι

234 6279 467 6371 praelatorum
495 6279 681 6373 nobilium,
707 6280 876 6353 babentes
903 6297 1023 6371 agros,
1063 6281 1102 6348 et
1127 6274 1170 6347 de
1197 6274 1355 6348 omnibus
1382 6273 1529 6345 solvitur
1555 6272 1690 6345 decima
1715 6292 1788 6344 mo·

233 6402 387 6475 nastasia
414 6403 451 6474 in
478 6402 643 6493 Busko,
670 6405 707 6475 et
732 6401 830 6475 valor
856 6401 931 6475 eius
958 6398 1004 6473 ad
1029 6419 1091 6475 sex
1117 6417 1252 6472 marcas
1278 6395 1494 6469 aestimatur.
1530 6478 1538 6495 Ι

338 6569 550 6614 mammam.
1593 6544 1628 6593 1³
