4217 8059
387 1486 470 1558 188·
514 1536 517 1543 ·

385 1691 580 1762 conducunt
612 1709 688 1763 eam
724 1709 788 1778 pro
814 1691 1025 1775 monasterio
1051 1689 1270 1762 Thincziensi
1295 1709 1441 1779 manum
1468 1688 1604 1779 dendo,
1630 1688 1673 1761 de
1703 1689 1820 1783 tritico
1848 1688 1935 1760 duas

262 1803 265 1808 ’
367 1816 574 1899 'mensumn
598 1809 687 1881 duas
713 1829 862 1900 avenae,
890 1810 980 1882 duas
1006 1811 1163 1901 siliginis.
1196 1809 1359 1882 Continet
1381 1831 1460 1882 cum
1485 1808 1681 1900 Oculow,
1705 1809 1935 1900 Koseude,

386 1930 521 2001 Nona
546 1948 704 2021 nyesz,
730 1929 887 2002 Ribna.

488 2049 610 2122 Noun
636 2049 789 2140 Wram,
825 2051 892 2122 sub
927 2049 1094 2140 parochia
1126 2049 1173 2122 de
1209 2049 1392 2141 Lysnky
1428 2051 1515 2142 sita,
1541 2051 1638 2122 cuius
1664 2050 1861 2140 proprietas
1886 2050 1934 2129 ad
1972 2100 1976 2107 -

382 2169 629 2242 monasterinm
664 2169 869 2242 Thinciense
896 2171 1057 2260 pertinet
1092 2171 1132 2241 ln
1157 2170 1228 2261 qua'
1255 2175 1338 2242 sunt
1359 2170 1542 2242 duodecim
1569 2170 1661 2243 lanei
1688 2169 1932 2267 cmethonnlcu,
2010 2168 2012 2172 ⁴

382 2295 421 2363 et
443 2291 593 2381 quilibet
619 2290 725 2362 solvit
750 2311 814 2380 pru
840 2310 945 2362 censu
973 2290 1121 2362 mediam
1156 2311 1307 2362 marcam
1334 2290 1483 2363 latorum
1507 2311 1728 2380 grossorum,
1755 2292 1839 2362 item
1865 2278 1961 2362 ova

382 2412 571 2501 duodecim,
598 2412 682 2482 item
707 2410 818 2500 gallos
846 2416 1003 2501 quatuor,
1033 2412 1117 2482 item
1144 2428 1262 2482 caseos
1288 2410 1386 2501 duos,
1412 2412 1496 2482 item
1523 2411 1686 2484 laborant
1710 2407 1869 2506 imrzqms',
1895 2416 1931 2483 et

309 2553 315 2562 ⁴
381 2537 453 2603 tam
479 2551 543 2622 pro
570 2552 652 2603 rere
679 2551 782 2621 quam
807 2551 871 2621 pro
897 2532 1021 2621 hyeme
1046 2536 1211 2603 tenentur
1235 2551 1348 2622 arare,
1366 2532 1546 2622 seminare,
1564 2536 1705 2622 metere,
1723 2531 1930 2622 conducere3

381 2654 478 2724 itan,
494 2650 678 2746 poroobcm
704 2672 773 2723 nou
807 2651 986 2741 laborant,
1013 2652 1097 2723 item
1112 2673 1261 2746 romzyep
1288 2672 1356 2724 non
1384 2652 1541 2741 solvunt3
1574 2652 1658 2723 item
1685 2652 1832 2724 taberna
1857 2673 1928 2724 una

381 2774 513 2845 habena
549 2792 672 2862 agtus,
696 2792 786 2862 quae
821 2772 927 2843 solvit
960 2778 1033 2844 tres
1066 2791 1216 2863 marcas,
1242 2773 1278 2844 in
1302 2793 1388 2845 area
1413 2772 1519 2844 etiam
1542 2772 1777 2863 cmethonuli‚¹
1797 2773 1836 2843 in
1863 2793 1931 2865 qua

224 2872 229 2878 ⁸
382 2895 588 2984 propinatur
613 2893 770 2983 cervisia,
798 2892 946 2965 solvitur
971 2912 1041 2965 una
1066 2914 1144 2965 cum
1171 2893 1284 2965 media
1310 2913 1434 2982 mama,
1461 2898 1604 2983 propter
1628 2893 1812 2965 tabernam
1830 2912 1930 2984 prae-

379 3012 505 3103 tatum3
528 3015 615 3086 item
640 3014 836 3103 hortulani3
869 3014 953 3085 item
990 3013 1170 3104 praedium
1197 3013 1397 3092 coenobiale
1423 3033 1491 3086 non
1519 3020 1573 3085 est
1600 3014 1635 3084 in
1662 3011 1820 3103 praefatu
1837 3013 1929 3086 villa.
2008 3018 2012 3025 ’

379 3126 467 3207 Item
489 3155 613 3206 omnes
639 3134 716 3224 agri
741 3132 844 3206 villae
870 3133 1010 3204 solvunt
1036 3133 1203 3205 decimam
1230 3153 1300 3204 non
1318 3133 1568 3224 manipularem
1586 3140 1623 3206 et
1639 3132 1849 3225 canupclem,
1866 3133 1928 3205 sed

378 3274 454 3326 eam
481 3253 677 3327 conducunt
701 3272 780 3344 pro
793 3253 1002 3325 monasterio
1028 3252 1143 3325 dando
1168 3272 1334 3343 granum,
1359 3253 1447 3325 duas
1482 3254 1661 3327 mensuras
1686 3255 1812 3346 tritici,
1839 3253 1925 3327 duas

377 3375 542 3465 siliginis,
575 3374 664 3446 duas
699 3394 839 3446 avenae.
878 3373 967 3445 Item
1002 3371 1161 3463 praefata
1196 3372 1298 3462 villa,
1332 3393 1403 3445 uua
1438 3364 1514 3447 cum
1542 3374 1626 3446 rillo
1650 3372 1925 3485 Prnegittya,
1953 3450 1957 3457 ,

378 3494 519 3566 solvunt
543 3494 754 3566 monasterio
781 3513 920 3565 mecam
946 3513 1010 3582 pro
1036 3492 1126 3565 festo
1152 3490 1272 3564 Sancti
1297 3490 1404 3565 Petri
1431 3494 1519 3566 ltem
1546 3494 1629 3566 villa
1644 3490 1805 3607 prQ
1820 3493 1928 3567 solvit

379 3614 639 3703 quatuordecim
665 3634 806 3704 grossos
841 3634 905 3703 pro
932 3633 1042 3703 perna
1068 3613 1167 3685 lardi.
1187 3614 1290 3685 ltem
1318 3621 1400 3685 sunt
1426 3614 1475 3686 ibi
1501 3614 1570 3687 duo
1597 3615 1691 3686 lanei
1716 3596 1927 3737 sudwales

375 3739 413 3804 et
437 3740 512 3805 tres
533 3738 694 3824 quartae,
721 3733 867 3823 quilibet
893 3732 998 3807 sclrit
1024 3738 1175 3824 quatuor
1200 3753 1350 3824 grossos,
1377 3754 1481 3806 unam
1507 3753 1703 3807 mensnram
1721 3700 1870 3833 alimus
1888 3738 1925 3807 et

375 3853 462 3924 dnus
480 3873 619 3926 avenae
645 3851 901 3926 Oonfiuctcnm
925 3852 1158 3944 Kasszow,
1184 3852 1439 3946 Onuiowelr,
1464 3854 1626 4006 Ribna,
1649 3852 1924 3946 Prnegiuya,

376 3971 714 4064 Gzprnyeclrow
741 3978 779 4045 et
803 3972 993 4046 Raczna

477 4090 712 4182 Pnzncrrrrs,
738 4092 821 4165 villa
845 4095 911 4165 sub
937 4094 1104 4184 parocbia
1129 4095 1174 4166 de
1191 4091 1530 4185 Gnyrnyechow
1557 4095 1636 4185 sita,
1653 4094 1750 4166 cuim
1768 4094 1925 4185 proprie-

374 4215 428 4281 ω
454 4211 500 4283 ad
527 4212 772 4284 monasterium
809 4212 1033 4286 'lirinczienae
1068 4215 1231 4305 pertinet.
1266 4214 1306 4285 ln
1331 4234 1403 4305 quo
1430 4219 1511 4287 suut
1538 4219 1688 4305 qrmtuer
1714 4214 1805 4285 lanei
1830 4235 1923 4286 crue-

372 4331 541 4425 tlrunales,
565 4340 604 4404 et
630 4332 776 4423 quilibet
800 4333 906 4406 solvit
931 4354 995 4425 pro
1022 4354 1129 4437 censu
1154 4335 1302 4407 mediam
1327 4353 1479 4408 marcam
1510 4336 1719 4425 communis,
1746 4336 1830 4407 item
1856 4356 1923 4407 ova

372 4450 562 4543 duodemm,
575 4455 658 4524 item
675 4452 787 4542 gallos
805 4460 963 4549 quatuor,
981 4475 1101 4527 cuseos
1119 4455 1215 4546 duos,
1233 4456 1316 4527 item
1335 4447 1497 4528 laborant
1512 4451 1672 4550 intrzyoi,
1690 4461 1920 4546 tenemurque

371 4590 531 4663 agms...;
548 4573 633 4644 item
650 4571 836 4667 potoubum
853 4595 923 4646 non
940 4574 1111 4666 laborant,
1129 4577 1212 4648 item
1230 4596 1368 4670 omzyep
1385 4595 1454 4647 non
1470 4573 1627 4665 solrrmt3
1653 4575 1737 4647 item
1754 4575 1921 4657 tabernae

369 4695 468 4786 dux,
493 4714 565 4767 ana
589 4695 801 4783 monasterii,
826 4694 938 4766 altera
965 4695 1136 4786 militaris,
1160 4696 1248 4767 ilem
1273 4695 1492 4767 hortulaniae
1520 4716 1589 4768 non
1607 4701 1699 4786 sunt,
1717 4696 1800 4767 item
1819 4715 1919 4787 prae-

369 4815 464 4886 dimn
490 4822 642 4889 nonest
667 4814 717 4886 ibi
743 4815 963 4888 coenobiale·
976 4815 1063 4887 Item
1090 4834 1208 4886 omnes
1233 4815 1311 4904 agri
1337 4814 1438 4886 villae
1464 4815 1509 4886 de
1533 4815 1737 4888 monasterii
1760 4816 1920 4906 ,proprie-

368 4941 459 5024 tate,
491 4936 630 5006 solvunt
664 4932 832 5006 decimam
867 4935 1118 5024 manipularem
1144 4942 1181 5008 et
1206 4935 1424 5026 carmprlem,
1449 4941 1488 5006 et
1513 4935 1709 5008 conducunt
1734 4955 1809 5007 eam
1835 4934 1919 5008 Ors-

369 5056 521 5127 coviensi
553 5056 735 5147 episcopo,
761 5063 822 5127 aut
851 5055 970 5154 ,dando
1005 5055 1093 5151 duas
1127 5076 1306 5128 mensuras
1332 5055 1460 5147 tritici,
1487 5055 1574 5128 duas
1600 5056 1747 5148 siliginis
1774 5061 1811 5126 et
1836 5061 1915 5127 octo

370 5181 500 5246 scottos
527 5176 697 5265 latorum3
732 5176 815 5252 item
842 5181 1006 5248 tenentur
1030 5194 1220 5266 procurare
1255 5175 1413 5248 nuntium
1439 5176 1689 5267 episcopalem,
1714 5177 1845 5249 babent
1871 5176 1915 5248 de

369 5295 566 5368 conditione
582 5295 764 5369 solutionis
782 5296 935 5368 decimae
952 5295 1187 5369 Jchannis
1204 5294 1443 5370 cracoviensis
1460 5297 1612 5388 episcopi
1630 5297 1862 5388 privilegium,
1880 5298 1916 5368 in
1993 5348 2001 5362 .

370 5415 602 5507 Thyniecz
628 5417 830 5508 repositum,
855 5437 960 5488 uuum
987 5437 1066 5488 cum
1093 5416 1177 5489 villa
1202 5415 1360 5488 Ribna.
1386 5415 1473 5488 ltem
1499 5422 1582 5488 sunt
1607 5416 1656 5488 ibi
1682 5417 1784 5506 lanei,
1809 5417 1917 5508 perti·
1982 5473 1984 5476 .

368 5542 490 5607 nentes
511 5535 1063 5625 addohanuemSlrawinsky
1089 5535 1133 5607 de
1159 5534 1260 5606 domo
1286 5534 1473 5608 Doliwa
1500 5533 1660 5607 Confluat
1686 5555 1764 5608 cum
1792 5535 1914 5608 Ozir-

368 5657 598 5746 nyecbow,
619 5656 942 5746 Ruszocnicze,
964 5632 1146 5744 Brodla,
1167 5653 1326 5745 Ribna,
1348 5653 1484 5728 Nona
1501 5655 1660 5746 Wyesz
1686 5661 1723 5728 et
1740 5655 1913 5729 Raczna.

470 5774 767 5866 cannamomum,
794 5776 877 5847 villa
912 5774 1144 5865 parochialem
1171 5775 1350 5847 ecclesiam
1376 5775 1509 5848 habens
1536 5777 1572 5848 in
1599 5796 1653 5866 se,
1681 5778 1778 5850 cuius
1806 5777 1911 5849 villae

342 5897 562 5989 ,proprietas
589 5917 653 5987 pro
679 5916 748 5967 una
775 5902 875 5986 parte
900 5895 1053 5986 pertinet
1079 5894 1124 5966 ad
1150 5895 1398 5968 monasterium
1425 5896 1660 5970 Thincziense.
1687 5897 1727 5971 ln
1746 5919 1815 5989 qua
1831 5904 1914 5970 sunt

256 6081 264 6092 J
365 6016 434 6088 duo
461 6019 553 6089 lanei
578 6016 813 6088 cmethonales
839 6024 876 6089 et
901 6017 1048 6107 quilibet
1075 6017 1180 6088 solvit
1205 6037 1269 6108 pro
1295 6036 1400 6089 ceusu
1420 6071 1428 6088 .
1447 6071 1455 6086 .
1471 6039 1500 6106 .;
1527 6018 1610 6089 item
1637 6039 1704 6090 ova
1717 6017 1911 6108 duodecim,
1939 6049 1942 6055 ·

365 6137 446 6207 item
472 6138 582 6226 gallos
600 6142 759 6228 quatuor,
776 6138 859 6208 item
883 6157 1003 6208 meaos
1029 6136 1127 6227 duos,
1152 6138 1235 6217 item
1262 6137 1381 6224 labor3
1407 6137 1488 6208 item
1507 6137 1693 6232 poroobom
1718 6160 1786 6211 nou
1813 6139 1909 6211 labo·

365 6267 466 6348 rant;
492 6261 575 6331 item
601 6281 738 6354 omzyep
763 6280 832 6330 non
850 6257 1009 6345 solvuut3
1035 6258 1121 6329 item
1146 6257 1312 6338 tabernae
1338 6277 1407 6327 nou
1425 6264 1506 6330 sunt
1525 6260 1560 6330 in
1578 6265 1679 6350 purte
1697 6261 1910 6352 monasterii,

362 6380 446 6451 item
481 6381 674 6471 hortulani,
710 6381 794 6451 item
829 6379 1009 6470 praedium
1043 6375 1242 6448 coenobiale
1276 6376 1325 6448 ibi
1360 6398 1430 6451 non
1465 6385 1528 6451 est
1572 6379 1659 6452 Item
1695 6401 1758 6470 pro
1794 6381 1907 6451 ultera
