4217 8059
124 1496 133 1512 ‘
275 1498 349 1570 336

280 1710 317 1777 et
333 1724 376 1776 ex
395 1702 455 1774 illo
472 1709 629 1793 tempore
647 1701 752 1773 desiit
769 1703 987 1792 episcopatus
1010 1700 1249 1772 mmoviensis
1274 1698 1410 1771 solvere
1426 1699 1523 1770 illum
1541 1720 1682 1771 censum
1708 1698 1829 1771 decem

278 1843 470 1896 mammam
497 1823 654 1913 argenti,
677 1842 763 1913 quas
790 1823 980 1923 insignum
1010 1820 1153 1894 dominii
1179 1822 1263 1892 lisso
1289 1819 1402 1891 ducali
1429 1819 1564 1892 solvere
1590 1826 1829 1893 consueverat.

241 1926 243 1931 ¹
380 1938 593 2016 Oellarlum
621 1941 771 2016 ducale.
815 1942 904 2014 Item
941 1941 1120 2032 praefatus
1159 1941 1407 2014 Boleslaus
1443 1938 1647 2012 Pudicus
1682 1939 1754 2013 dux
1775 1946 1829 2023 ¹et

271 2064 459 2137 monarcha
485 2064 583 2159 regui
604 2062 794 2155 Poloniae,
828 2063 864 2134 in
899 2061 1047 2153 praefati
1073 2062 1286 2135 monasterii
1318 2061 1595 2136 Zaviclroatensia
1622 2061 1827 2154 fundatione

271 2191 307 2258 et
322 2184 551 2258 translatione
577 2160 721 2256 donarit
746 2182 902 2274 praelato
928 2182 1141 2259 monasterio
1169 2188 1338 2273 perpetuo
1364 2204 1425 2255 sex
1443 2204 1551 2256 urnas
1577 2184 1701 2255 mellis·
1715 2180 1829 2255 crudi‘

89 2372 95 2382 .
212 2374 220 2385 .,
271 2328 314 2378 ex
341 2302 482 2378 cellaiio
508 2325 572 2379 suo
598 2304 713 2379 ducali
740 2324 803 2394 per
829 2304 1031 2377 coenobium
1058 2304 1317 2394 perc'mieudas,
1353 2305 1416 2394 qui·
1439 2326 1562 2377 census
1588 2288 1716 2376 dudum
1741 2324 1828 2377 cva-

274 2432 396 2500 cuatus
422 2432 478 2499 est
503 2431 540 2499 ct
564 2426 763 2498 abstractus
790 2425 835 2497 ab
861 2426 1083 2498 monasterio.

375 2547 408 2618 Y
516 2524 575 2653 ’,ᾗ
600 2547 764 2638 oppidum
792 2547 943 2638 regium,
978 2546 1014 2617 in
1042 2567 1110 2637 qno
1137 2546 1282 2618 ecclesia
1309 2551 1447 2617 murata
1473 2552 1527 2618 est
1553 2546 1764 2636 parochialis
1790 2552 1831 2619 et

272 2665 446 2758 plumbii
548 2664 565 2759 3
603 2688 645 2741 es
671 2667 1031 2761 cuiusproventibus
1058 2650 1098 2738 et¹
1123 2666 1318 2739 redditibus
1345 2667 1596 2740 Boleslaus
1622 2666 1828 2741 Pudicus

273 2790 373 2880 mgni
399 2788 566 2862 Poloniae
592 2788 662 2862 dux
687 2796 735 2863 et·
751 2790 956 2879 monarcha,
991 2789 1140 2861 contulit
1165 2789 1377 2861 monasterio
1402 2788 1661 2862 Zavichostensi
1687 2787 1724 2861 in
1751 2790 1829 2862 eius

271 2909 473 2983 fundatione
500 2916 537 2983 et
562 2911 788 3013 translatique
814 2911 902 2983 duas
927 2899 1064 2982 marcas
1089 2910 1176 3000 auri,
1203 2930 1246 2982 ex
1259 2910 1406 3001 plumbo
1433 2910 1676 2984 Ylliuaclrieusi
1703 2932 1860 3003 prose·

272 3032 426 3121 pientes,
461 3032 559 3106 cuius
589 3033 699 3113 ,etiam
735 3053 859 3113 census
893 3054 916 3105 a
950 3031 1162 3104 monasterio
1199 3030 1316 3104 Sancti
1351 3031 1515 3105 Andreae
1554 3033 1751 3105 abstractus
1790 3038 1832 3105 et

272 3153 443 3225 alienatus
470 3160 534 3244 cat,
561 3174 624 3227 uec
649 3155 685 3227 iu
712 3154 802 3228 hauc
828 3153 919 3227 diem
948 3153 1161 3226 monasterio
1187 3158 1269 3226 sunt
1294 3154 1459 3227 restituti.
1599 3160 1602 3165 ’

724 3658 726 3665 ’
842 3670 1188 3757 SANDEOZEN
1191 3673 1260 3757 SE

347 3866 588 3948 Secundum
623 3869 924 3948 monasterium
957 3869 1333 3948 sanctimonialium
1367 3867 1537 3948 Ordinis
1569 3869 1753 3950 Sanctae
1797 3884 1803 3893 '

662 4003 816 4087 claras
850 4006 890 4085 ln
915 4004 1113 4088 dloccssl
1145 4003 1440 4087 Ocacovlsosl.

375 4225 556 4297 Gousortis
574 4245 658 4297 suae
680 4223 980 4335 Gau-eguudis
1007 4225 1152 4316 virginis
1171 4231 1206 4298 et
1224 4225 1394 4297 foeminae
1412 4227 1553 4314 beatae,¹
1572 4226 1709 4298 Belae
1726 4225 1829 4299 Hun-

270 4348 389 4437 gariae
416 4347 508 4437 regis
541 4346 657 4436 tiliae,
684 4346 934 4420 Boleslans
966 4345 1169 4419 Pudicus
1205 4346 1444 4420 cracoviensis
1471 4354 1509 4419 et
1535 4347 1829 4431 Sandomiricuais

267 4468 354 4558 dux,
367 4469 547 4559 regnique
568 4467 734 4540 Polouiao
760 4468 947 4540 monarcha
973 4467 1115 4540 assiduo
1141 4473 1284 4559 precatu
1310 4473 1347 4540 et
1364 4470 1531 4541 lostautia
1557 4469 1765 4541 sollicitatus
1790 4474 1836 4541 ot'
1940 4499 1944 4506 ·

198 4604 206 4615 ·
261 4590 458 4681 impulsus,
493 4611 569 4662 cum
598 4594 634 4661 et
660 4590 735 4680 ipse
762 4596 884 4679 suapte
916 4588 960 4660 ad
988 4590 1158 4679 religiosa
1178 4611 1284 4680 opera
1311 4590 1522 4678 exhibenda,
1559 4594 1595 4661 et
1622 4589 1667 4661 ad
1693 4589 1828 4673 cultum

272 4711 425 4783 divinum
447 4710 648 4801 augendum
666 4710 803 4782 fervens
829 4710 928 4799 toret,
955 4711 1048 4782 aliud
1068 4711 1312 4785 monasterium
1339 4711 1663 4783 sanctimonialium·
1678 4710 1828 4783 Sanctae

271 4832 413 4922 Clarae,
439 4833 503 4905 sub
522 4832 643 4922 regula
662 4831 780 4905 Sancti
798 4831 977 4905 Francisci
995 4832 1200 4922 viventium,
1226 4833 1334 4922 priori
1354 4833 1446 4922 qnod
1472 4833 1509 4903 iu
1527 4821 1827 4904 Zawichosth

273 4960 448 5043 erexerat,
474 4953 683 5026 fundaverat
707 4960 745 5025 et
762 4953 946 5026 dotaverat
972 4975 1040 5025 non
1060 4958 1259 5044 contentus,
1286 4955 1321 5047 iu
1334 4952 1698 5044 oppido-suoducali
1724 4952 1828 5025 Sau-

271 5074 378 5145 dccz
415 5074 710 5165 sub-Alpibus
745 5073 964 5163 Sarmaticis,
1005 5073 1208 5164 duobusque
1232 5056 1432 5146 luminibus
1460 5073 1639 5164 Poprod
1674 5079 1712 5145 ct
1745 5073 1827 5145 Du·
1873 5062 1876 5071 '

271 5212 462 5287 nayecz,
489 5195 582 5267 haud
600 5195 702 5285 longe
720 5196 766 5267 ab
783 5194 911 5287 oppido
937 5195 1141 5286 fluentibus,
1168 5196 1335 5269 ambitum
1364 5196 1594 5293 consistente,
1620 5194 1765 5266 tundam
1793 5201 1830 5267 et

270 5316 407 5407 erigere
442 5321 479 5388 et
504 5316 627 5388 dotare
662 5316 827 5388 deceruit
867 5315 1028 5407 Amplam
1044 5348 1050 5361 ·
1064 5316 1233 5408 siquidem
1269 5323 1306 5388 ct
1332 5334 1486 5387 crassam
1513 5315 1650 5406 dotem,
1686 5317 1825 5389 ratione

193 5520 199 5531 ¹
271 5437 449 5528 praefatae
475 5436 602 5509 Kune
611 5436 781 5529 gaudis
807 5437 965 5510 ducissae
992 5459 1014 5509 a
1040 5438 1150 5509 lea
1178 5436 1379 5531 Huugariac
1407 5458 1488 5527 rege
1516 5441 1616 5527 patre
1642 5438 1718 5508 eius
1743 5458 1826 5509 oon·

271 5565 455 5650 sequutus,
490 5558 526 5630 iu
554 5558 629 5631 eius
664 5558 871 5632 refusionem
908 5565 946 5631 et
972 5558 1262 5648 vicissitudinem,
1294 5554 1539 5630 monasterium
1567 5557 1763 5648 praefatum
1790 5558 1826 5629 iu

271 5679 486 5770 Saudecz,
521 5700 585 5770 pro
620 5700 662 5751 ea
688 5685 895 5771 tempestate
930 5662 1062 5752 famoso
1097 5685 1133 5752 ct
1159 5680 1290 5771 inclyto
1327 5700 1389 5751 suo
1417 5679 1531 5751 duculi
1558 5678 1704 5776 oppido,
1731 5678 1828 5770 quod

270 5801 501 5876 hactennsad
520 5800 749 5874 differentiam
769 5801 940 5893 Novae,
969 5801 1218 5893 Antiquam
1247 5802 1453 5874 Saudccz
1481 5800 1827 5891 vocamus,lundarc

270 5931 306 5997 et
332 5925 477 6016 erigere‘
494 5923 530 5994 in
559 5924 709 5995 animum
737 5924 890 6015 induxit,
925 5930 961 5998 et
988 5946 1078 5997 anuo
1110 5927 1216 5997 1257.
1253 5932 1352 5996 sexto
1379 5945 1499 5995 nonas
1526 5920 1674 6012 Martia·
1691 5922 1736 5994 ad
1764 5923 1828 5995 lro·

270 6068 389 6119 norem
416 6045 672 6138 Omnipoteutis
690 6046 770 6136 Dei,
788 6045 1031 6118 exaltationem
1050 6045 1150 6136 fidoi,
1175 6045 1324 6118 salutem
1342 6046 1548 6133 animarum,
1575 6044 1826 6117 incrementum
1904 6022 1912 6030 ⁸

271 6176 307 6240 et
333 6168 595 6259 amplitudinem
627 6168 725 6259 regui
760 6166 944 6258 Poloniae,
981 6173 1017 6239 ot
1044 6188 1108 6258 pro
1141 6167 1310 6239 relatione
1337 6187 1474 6255 aarum,
1509 6186 1597 6256 quae
1623 6165 1828 6256 pudicitiam

270 6308 367 6361 suam
395 6311 524 6363 vovere
551 6297 587 6363 et
614 6311 836 6381 consecrare,
871 6291 908 6361 iu
935 6291 1009 6361 eius
1037 6308 1174 6379 quoquo
1207 6288 1385 6378 obsequiis
1412 6288 1505 6361 vitae
1536 6287 1829 6378 contemplativae

271 6408 503 6504 inhaerendo,
531 6413 692 6487 famulari
710 6412 785 6487 Deo
802 6409 979 6501 solent,l
1056 6410 1065 6425 ‘
1198 6409 1300 6511 ,qb
1317 6410 1421 6484 titulo
1440 6409 1474 6484 S.
1493 6409 1676 6483 Trinitatis
1692 6407 1830 6499 laudm,

1131 6534 1302 6689 :Qut-aa,
