4217 8059
1741 1473 1963 1601 120

240 1710 376 1762 annum.
401 1687 491 1761 Item
518 1709 654 1785 caazyep
681 1688 828 1780 quilibet
854 1689 958 1763 solvit
975 1711 1044 1782 ¹pro
1063 1691 1284 1765 monasterio.
1311 1689 1399 1764 Item
1418 1688 1604 1788 peccabam
1630 1694 1791 1768 laborant

206 1792 208 1795 ⁵
240 1831 302 1899 pru
330 1831 421 1900 vere,
449 1817 485 1881 et
510 1812 633 1902 hyeme
660 1834 728 1882 uon
756 1813 926 1884 laborant.
953 1815 1041 1884 Item
1069 1835 1138 1884 una
1165 1821 1219 1885 est
1245 1815 1392 1887 taberna
1417 1815 1454 1884 in
1473 1815 1593 1886 eadem
1611 1817 1791 1911 villanae

238 1931 371 2002 habens
396 1953 512 2021 agros,
538 1931 644 2003 solvit
671 1953 775 2003 unam
802 1954 1018 2023 sexagenum.
1042 1935 1132 2030 ltem
1150 1935 1367 2006 hortulaniae
1386 1935 1474 2006 duae
1491 1936 1661 2008 habentes
1678 1958 1791 2028 agros,

238 2053 414 2141 quaelibet
441 2053 546 2124 solvit
572 2075 678 2124 unum
703 2053 874 2126 fertonem
901 2062 937 2126 et
955 2078 1060 2126 unum
1079 2055 1170 2126 diem
1187 2057 1334 2128 laborat
1360 2056 1447 2127 Item
1470 2057 1702 2128 molendinum
1720 2079 1790 2131 non

236 2173 388 2260 estsed
415 2175 547 2263 pucina
572 2175 664 2246 bona
690 2182 746 2247 est
772 2178 836 2246 suh
863 2178 960 2247 curia
986 2177 1186 2248 coenobiali.
1213 2178 1300 2248 Item
1327 2177 1507 2267 praedium
1533 2183 1588 2249 est
1614 2179 1649 2248 iu
1668 2179 1789 2250 eadem

237 2295 322 2371 villa
347 2295 565 2385 coenobiale,
592 2295 636 2371 de
662 2297 761 2367 cuius
788 2298 882 2386 agris
909 2297 1057 2369 solvitur
1082 2298 1215 2369 decima
1240 2291 1465 2387 manipularis
1492 2318 1555 2387 pro
1578 2299 1728 2370 ecclesia
1752 2295 1799 2376 iu,
1922 2375 1925 2385 ,

237 2406 457 2487 Tarnoua
491 2437 600 2507 prope
621 2414 884 2489 Chrzelow.
928 2419 1017 2489 Item
1043 2426 1123 2508 post
1150 2440 1268 2490 omnes
1297 2440 1400 2508 agros
1435 2418 1538 2490 villae
1574 2419 1722 2491 soluitur
1749 2424 1786 2490 et
1870 2405 1874 2416 ’

237 2537 442 2608 conducitur
468 2538 601 2608 decima
626 2538 854 2628 manipularis
881 2546 917 2610 et
944 2540 1138 2628 canapalis;
1164 2561 1235 2610 una
1261 2561 1342 2629 pars
1370 2561 1433 2630 pro
1460 2541 1672 2612 monasterio
1690 2540 1790 2631 Mye-
1934 2535 1935 2542 ’

233 2658 421 2747 choriensi,
448 2659 599 2729 secunda
625 2679 707 2748 pars
725 2659 878 2730 decimae
897 2661 1044 2733 solvitur
1061 2682 1125 2750 pro
1143 2661 1345 2750 episcopatu
1364 2660 1595 2750 cracoviensi,
1622 2658 1660 2732 et
1683 2654 1788 2732 tertia
1832 2685 1835 2688 ·

236 2797 301 2867 pro
327 2780 590 2851 monasterioin
617 2779 802 2869 Mugila.
829 2779 989 2852 Gonlinut
1006 2801 1084 2852 cum
1103 2780 1497 2871 Sozepauowicze,
1517 2775 1790 2853 Szmroliow.

235 2899 376 2970 Donata
408 2901 621 2972 monasterio
657 2921 720 2990 per
756 2901 1085 2992 Nyemyerzam
1121 2903 1164 2974 de
1191 2901 1429 2973 Chrzelow
1455 2903 1632 2975 custodem
1669 2901 1788 2974 Sancti
1865 2959 1868 2961 >

234 3019 390 3090 Floriani
418 3021 620 3092 canonicum
646 3019 911 3094 Gracoviensam
937 3022 980 3093 de
1007 3022 1109 3094 domo
1136 3022 1356 3113 Vulpinm
1386 3024 1494 3094 1427.

338 3141 542 3212 Ponnasun
568 3141 725 3232 Wonra,
753 3143 837 3214 uilla
863 3144 927 3215 sub
954 3144 1122 3233 parochia
1147 3144 1191 3214 de
1217 3143 1447 3234 Myechow
1475 3145 1554 3233 sita,
1581 3144 1679 3214 cuius
1706 3165 1786 3233 pro·

234 3263 366 3352 prietas
401 3262 446 3334 ad
472 3265 718 3334 monasterium
744 3262 1014 3355 Myechoviense
1041 3266 1203 3354 pertinet.
1242 3265 1284 3334 In
1311 3285 1380 3355 qua
1405 3270 1487 3336 sunt
1514 3264 1606 3335 lanei
1633 3265 1786 3336 cmetho·
1822 3290 1851 3302 ··
1964 3299 1968 3309 ·

232 3383 341 3472 ncles,
366 3390 403 3454 et
438 3384 585 3474 quilibet
619 3384 724 3456 solvit
760 3406 823 3474 pro
867 3405 972 3459 ceusu
999 3385 1146 3456 mediam
1173 3405 1398 3476 sexagenum,
1425 3386 1507 3456 Item
1535 3405 1602 3455 ova
1627 3385 1785 3475 triginta,

231 3504 320 3575 item
353 3504 464 3594 gellus
500 3511 669 3595 quatuor,
695 3507 780 3577 item
816 3525 936 3577 caseos
971 3506 1076 3596 duos,
1103 3507 1187 3576 item
1213 3506 1377 3578 laborant
1402 3506 1492 3577 diem
1520 3507 1556 3576 in
1583 3506 1786 3595 septimane

234 3624 321 3694 ltem
340 3623 525 3718 pcwcbocu
551 3632 733 3716 utramque
760 3632 926 3698 tenentur
953 3647 1122 3717 provere
1149 3632 1185 3697 et
1209 3626 1342 3717 hyeme.
1368 3626 1455 3696 item
1482 3647 1619 3720 oaczpep
1645 3627 1787 3698 solvunt

233 3767 298 3835 pro
325 3748 545 3817 monasterio.
572 3747 659 3818 Item
685 3748 833 3818 taberna
858 3768 928 3818 una
953 3747 1087 3819 habens
1113 3765 1236 3837 agros,
1260 3754 1300 3819 et
1326 3747 1432 3818 solvit
1456 3768 1522 3837 pro
1550 3767 1655 3818 censu
1682 3767 1784 3818 unam

142 3912 144 3914 ψ
234 3887 452 3957 sexagenam.
478 3867 565 3938 ltem
592 3868 792 3949 hortulanis
818 3889 888 3939 una
913 3869 1047 3940 habens
1074 3889 1187 3958 agros,
1205 3868 1435 3940 solvitunum
1451 3866 1630 3957 fertonem,
1649 3868 1787 3940 laborat

231 3987 323 4058 dmm
351 3990 386 4058 iu
413 3989 614 4078 septimana
640 3989 729 4060 ltem
755 3989 936 4079 praedium
962 3989 1162 4060 coenobiale
1187 4011 1256 4060 non
1283 3996 1338 4061 est
1363 3990 1400 4060 in
1427 3989 1548 4061 eadem
1574 3989 1665 4060 villa
1692 3989 1780 4063 Item

233 4108 477 4180 molendinum.
503 4110 592 4180 Item
618 4130 737 4181 omues
763 4110 840 4200 agri
868 4110 970 4181 villae
997 4109 1136 4181 solvunt
1162 4115 1198 4181 et
1223 4109 1420 4181 conducunt
1441 4108 1607 4180 decimam
1625 4109 1784 4199 manipu-⁸

232 4230 341 4301 larem
367 4236 404 4300 et
429 4231 629 4320 canapalem
656 4251 720 4320 pro
745 4232 957 4303 monasterio
984 4231 1262 4322 Myechoviensi,
1289 4236 1326 4302 et
1352 4231 1451 4303 valor
1476 4231 1552 4301 eius
1579 4231 1784 4302 aestimatur
1899 4325 1905 4333 ι

232 4351 276 4420 ad
302 4350 485 4421 duodecim
519 4371 663 4422 marcas
698 4351 909 4442 Gorsignata
935 4360 1050 4423 autem
1078 4357 1133 4424 est
1159 4373 1222 4442 per
1248 4352 1485 4442 praepositum
1512 4356 1549 4422 et
1575 4358 1785 4423 conventum

197 4495 201 4505 ¹
231 4471 533 4563 Myechovicnsem
561 4493 624 4563 pro
651 4475 819 4566 magistro
845 4472 983 4544 scholae
1010 4474 1045 4543 in
1072 4473 1314 4564 Myecbow‚
1334 4474 1369 4543 in
1387 4473 1442 4544 sui
1459 4473 1589 4544 laboris
1606 4472 1785 4561 solarium,

230 4593 290 4682 qui
315 4615 393 4665 mm
418 4594 530 4664 annia·
544 4594 689 4684 singulis
714 4594 808 4666 tollit
833 4601 870 4666 et
895 4595 1061 4684 percipit,
1089 4600 1126 4675 et
1152 4594 1195 4664 de
1224 4594 1283 4664 illa
1309 4593 1471 4682 disponit
1512 4591 1673 4664 Confluat
1699 4613 1776 4663 cum

232 4713 631 4805 Pszostrcszicze,
658 4714 922 4806 Syedliska
1001 4766 1004 4770 »
1045 4726 1060 4740 “·
1115 4801 1119 4815 1

335 4836 602 4926 Bazucunura,
629 4836 713 4908 villa
738 4837 802 4906 sub
830 4837 994 4926 parochia
1021 4835 1064 4907 de
1092 4834 1132 4904 M
1140 4835 1327 4926 yechow-
1352 4835 1434 4924 sita,
1460 4832 1558 4910 cuius
1585 4832 1784 4924 proprietas

231 4957 275 5026 ad
301 4958 549 5029 monasterium
577 4957 845 5049 Myechoviense
872 4958 1033 5047 pertinet.
1060 4957 1101 5027 In
1129 4978 1197 5047 qua
1223 4964 1306 5027 sunt
1332 4962 1463 5046 septem
1489 4955 1591 5046 lanei,
1610 4956 1684 5028 sive
1703 4957 1783 5031 hor-

230 5078 385 5150 tulaniae
421 5076 675 5168 cmethonalea,
702 5085 739 5148 et
773 5078 885 5151 solvit
913 5078 1059 5169 quilibet
1094 5098 1159 5167 pro
1185 5097 1291 5149 censu
1320 5097 1382 5148 sex
1409 5082 1560 5166 scottos,
1588 5076 1695 5166 aliqui
1723 5097 1786 5167 per
1816 5169 1819 5174 Ι

229 5198 357 5288 decem,
373 5199 465 5269 item
492 5219 559 5270 ova
584 5197 741 5289 triginta,
768 5200 851 5270 item
876 5199 989 5290 gallos
1016 5206 1175 5289 quatuor,
1203 5200 1286 5273 item
1315 5217 1435 5269 caseos
1452 5196 1551 5269 duos.
1577 5196 1666 5268 Item
1688 5196 1785 5277 labo·

228 5326 317 5390 rent.
335 5320 483 5410 quilibet
507 5320 649 5411 proprio
673 5338 785 5407 curru
807 5325 869 5393 aut
889 5326 1012 5391 aratro
1039 5334 1157 5390 unum'
1172 5319 1263 5390 diem
1290 5318 1327 5392 iu
1353 5318 1557 5408 septimana,
1584 5338 1647 5407 per
1665 5324 1782 5389 totum

229 5461 366 5512 annum.
391 5441 481 5512 item
499 5438 685 5535 powubma
711 5447 892 5531 utramque
919 5447 1083 5512 tenentur
1109 5461 1173 5531 pro
1200 5459 1282 5513 vere
1309 5446 1346 5511 et
1371 5439 1503 5533 hyeme.
1530 5437 1618 5509 item
1644 5459 1782 5532 ocazyep

201 5582 298 5643 ¹uon
325 5560 473 5633 solvunt.
508 5562 595 5633 Item
621 5563 788 5633 tabernae
814 5584 883 5633 non
909 5569 992 5634 sunt
1017 5561 1076 5634 ibi.
1111 5562 1199 5632 Item
1225 5560 1445 5632 hadrianiae
1471 5580 1540 5632 uon
1567 5567 1658 5630 suut.
1695 5558 1783 5641 Item

229 5682 409 5771 praedium
435 5689 490 5754 est
517 5684 644 5755 bouum
671 5683 872 5754 coenobiale
898 5683 934 5753 in
961 5682 1082 5754 eadem
1104 5682 1202 5771 uilla,
1228 5681 1272 5752 de
1299 5681 1397 5771 cuius
1415 5681 1514 5770 angs
1532 5680 1781 5751 monasterium

230 5803 497 5894 MyechorIense
523 5803 690 5874 decimam
716 5824 781 5894 pro
808 5824 846 5875 se
872 5803 975 5875 tollit.
988 5803 1087 5874 Item
1115 5803 1301 5893 sciendum,
1319 5801 1411 5893 quod
1437 5800 1608 5886 medietas
1626 5807 1780 5871 tantum-

230 5924 333 5995 modo
350 5925 460 5996 'villae
486 5925 800 6016 Brnuchanya,
827 5924 889 5996 sed
916 5925 1037 6015 maior,
1063 5924 1218 6014 pertinet
1243 5923 1287 6013 ad
1307 5923 1559 6012 proprietatem
1576 5920 1778 5993 monasterii

228 6045 517 6137 ldyechcviensb,
540 6047 654 6118 minor
680 6050 797 6117 autem
823 6045 991 6116 medietas
1018 6046 1171 6135 pertinet
1195 6044 1241 6115 ad
1268 6039 1783 6134 milites,·vide1iootadJaco-

138 6196 142 6203 ·
227 6167 309 6238 bum
335 6165 418 6238 Pir
444 6167 701 6240 et-Johannem
727 6167 1020 6258 Slawiczshy.
1047 6167 1134 6236 Item
1162 6165 1296 6236 decima
1320 6163 1546 6253 manipularis
1573 6167 1653 6251 post
1670 6162 1782 6234 homi·

228 6309 288 6359 nes
314 6290 518 6360 monasterii
539 6287 834 6380 *Myechoviensis
861 6288 1013 6377 pertinet
1039 6286 1084 6357 ad
1110 6287 1309 6376 episcopum
1335 6283 1612 6374 cracoviensem,
1630 6290 1667 6355 et
1686 6282 1783 6355 valor

227 6410 302 6482 eius
329 6411 535 6482 aestimatur
561 6411 606 6482 ad
620 6463 761 6480 ......
771 6433 780 6498 ;
805 6415 886 6499 post
912 6409 1068 6479 homiues
1095 6413 1211 6478 autem
1239 6405 1427 6496 militasse,
1454 6405 1546 6476 cedit
1571 6405 1782 6477 monasterio
