4217 8059
1702 1469 1817 1553 db

267 1677 392 1753 haeres
410 1678 730 1765 Barbara*‘eorrsors
748 1680 872 1753 Jacobi
899 1682 1198 1773 Swydniczar
1225 1682 1379 1771 consulis
1404 1681 1652 1754 cracoviensis.
1691 1683 1733 1755 ln
1750 1705 1819 1774 qna

269 1809 352 1873 sunt
378 1809 455 1872 octo
487 1801 579 1872 lanei
608 1802 859 1891 emethonales‚
896 1803 938 1872 de
967 1803 1091 1892 quibus
1119 1803 1276 1874 omnibns
1313 1803 1459 1873 solvitur
1495 1803 1627 1875 decima
1664 1805 1820 1895 manipu-

267 1920 351 1991 laris
379 1929 416 1991 et
446 1921 624 2011 canapalis
662 1924 870 1993 monasterio
898 1923 1080 2011 hospitalis
1113 1923 1260 1993 Sanctae
1292 1922 1412 1994 Crucis
1440 1923 1475 1993 in
1491 1922 1563 2019 Cr
1572 1925 1759 2014 aeonia,
1786 1933 1821 1996 et

267 2042 438 2114 inducunt
473 2064 549 2113 eam
580 2044 784 2125 ‚cmethones
815 2045 965 2132 propriis
1002 2045 1161 2115 curribus
1198 2044 1234 2114 in
1270 2044 1432 2114 horreum
1469 2064 1490 2113 a
1522 2046 1720 2135 praeposito
1747 2067 1820 2119 me-

268 2163 416 2234 nesterii
451 2163 634 2253 hospitalis
668 2163 816 2234 Sanctae
852 2163 972 2234 Crucis
1006 2165 1206 2253 locandum,
1241 2171 1276 2234 et
1302 2165 1399 2234 valor
1435 2149 1509 2234 eius
1544 2165 1749 2238 aestimatur
1775 2168 1819 2237 ad

269 2289 348 2355 octo
375 2305 519 2360 marcas.
557 2285 646 2357 Item
672 2286 818 2355 taberna
845 2306 913 2356 nen
936 2292 998 2356 est.
1037 2287 1124 2356 Item
1151 2285 1370 2357 hortulaniae
1398 2285 1485 2355 duae
1514 2286 1681 2358 babentes
1708 2308 1820 2376 agros,
1903 2252 1920 2260 -
1958 2302 1965 2314 “

268 2404 465 2494 dequibus
501 2426 563 2494 pro
591 2407 754 2496 hospitali
791 2390 990 2477 decimatur.
1032 2407 1118 2478 Item
1155 2407 1333 2495 praedium
1370 2407 1507 2477 unicum
1544 2413 1606 2477 est.
1631 2408 1668 2479 in
1700 2409 1817 2481 eadem

268 2525 367 2615 villa,
394 2526 524 2605 habens
550 2546 653 2616 agros
680 2527 838 2615 optimos,
866 2527 1051 2615 dequibus
1079 2528 1226 2598 solvitur
1252 2527 1385 2597 decima
1412 2528 1638 2616 manipularis
1663 2529 1818 2618 praefato

269 2647 481 2736 moriasterio
507 2648 690 2738 hospitalis
717 2647 864 2719 Sanctae
892 2647 1022 2719 Crucis.
1063 2649 1151 2718 Item
1177 2649 1410 2719 molendinum
1438 2671 1506 2718 rien
1534 2654 1594 2718 est.

364 2766 748 2857 ‚Czannecnowrczm
776 2769 859 2839 villa
894 2770 957 2840 snb
994 2769 1160 2858 parochia
1186 2769 1351 2840 ecclesiae
1378 2760 1717 2857 de'Wyeliczka
1742 2771 1821 2859 sita,

269 2889 370 2961 cuins
397 2888 740 2961 haeres-Stanislaus
768 2888 1169 2980 Czarnocbowsky
1196 2890 1322 2960 nobilis
1349 2891 1392 2960 de
1411 2889 1517 2962 armis
1543 2889 1754 2962 dunosza.
1782 2892 1821 2962 In

269 3030 341 3100 qua
376 3017 457 3081 sunt
492 3011 643 3100 quinque
677 3010 769 3081 lanei
805 3011 1052 3100 cmotbenaleS‚
1081 3011 1123 3081 de
1159 3011 1285 3099 quibus
1320 3011 1479 3082 omnibus
1515 3011 1662 3083 solvitur
1688 3013 1820 3085 decima

268 3130 496 3220 manipularis
522 3131 731 3203 monasterie
759 3132 942 3221 hospitalis
969 3130 1116 3203 Sanctae
1144 3130 1265 3201 Crucis
1293 3132 1328 3200 in
1347 3130 1575 3203 Cracovia
1602 3138 1638 3203 et
1655 3140 1819 3207 tenentur

269 3270 348 3321 mm
375 3252 573 3323 cmetbones
608 3253 771 3323 inducere
799 3253 835 3323 in
862 3253 1042 3343 horreum,
1070 3272 1091 3321 a
1117 3253 1285 3339 magistro
1312 3251 1386 3321 sive
1413 3253 1609 3341 praeposito
1637 3254 1820 3343 hospitalis

269 3368 418 3442 Sanctae
442 3372 562 3445 Crucis
589 3373 780 3461 locandum,
807 3380 844 3444 et
871 3373 968 3444 valor
996 3374 1070 3445 cius
1097 3372 1301 3443 aestimatur
1329 3371 1372 3442 ad
1400 3371 1486 3442 duas
1504 3394 1647 3462 marcas,
1665 3373 1821 3477 aliquan]-

270 3493 315 3564 do
343 3492 388 3563 ad
414 3501 574 3584 quatuor,
601 3499 661 3564 aut
688 3495 839 3584 quinque
867 3515 1010 3564 marcas.
1039 3493 1125 3563 Item
1153 3494 1301 3563 taberna
1328 3514 1395 3563 nen
1423 3500 1477 3562 est
1505 3493 1553 3564 ibi
1579 3494 1705 3584 aliqua.
1732 3494 1820 3565 Item

270 3614 491 3687 hortulaniae
527 3636 596 3685 non
631 3620 721 3686 sunt
761 3613 849 3685 Item
885 3614 1063 3704 praedium
1101 3614 1238 3684 unicum
1275 3604 1335 3682 est'
1355 3614 1389 3682 in
1417 3613 1536 3684 eadem
1565 3614 1664 3702 villa,
1691 3615 1821 3685 habens

269 3754 374 3824 agros
397 3735 557 3825 optimos,
583 3732 627 3805 de
654 3735 779 3824 quibus
816 3733 963 3803 solvitur
989 3733 1123 3803 deonna
1149 3733 1374 3821 manipularis
1401 3734 1611 3805 monasterio
1638 3736 1821 3824 hospitalis

270 3853 418 3926 Sanctae
445 3854 576 3927 Crucis.
603 3827 794 3925 Redactum
820 3861 934 3925 tanmn
963 3859 1018 3925 est
1044 3855 1080 3925 in
1107 3854 1178 3924 tria
1204 3854 1357 3943 praedia,
1376 3854 1500 3944 quibus
1519 3855 1628 3927 additi
1647 3862 1728 3926 sunt
1744 3859 1820 3946 agri

270 3975 513 4065 emethonales,
542 3975 585 4045 (19
612 3976 770 4047 omnibus
797 3974 990 4045 decimatur
1016 3995 1080 4064 pro
1108 3974 1282 4062 hospitali.
1309 3975 1396 4045 Item
1420 3973 1651 4045 molendinum
1671 3999 1740 4047 non
1757 3983 1821 4049 est.

374 4096 658 4185 Sunnzowrczn,
686 4095 769 4166 villa
795 4096 858 4167 sub
886 4096 1053 4184 parochia
1079 4093 1245 4166 ecclesiae
1273 4095 1315 4166 de
1336 4095 1377 4163 W
1385 4094 1603 4185 yeliczlra
1628 4097 1707 4186 sita,
1724 4098 1821 4169 cuius

271 4217 467 4307 proprietas
495 4222 531 4287 et
557 4217 743 4287 dominium
772 4217 817 4286 ad
843 4215 1037 4287 Jobarmem
1065 4215 1343 4305 Wyerzinek
1372 4217 1520 4287 nobilem
1549 4216 1591 4286 de
1614 4218 1720 4287 armis
1747 4217 1822 4291 Po

270 4337 472 4429 lanczye.
500 4337 541 4408 In
559 4344 637 4427 ,qua
664 4344 719 4408 est
746 4359 834 4408 unus
862 4357 1003 4427 campus
1030 4357 1092 4407 seu
1118 4359 1228 4430 arpena,
1248 4337 1305 4426 qui
1325 4337 1407 4407 olim
1426 4337 1623 4426 pertinebat
1641 4338 1685 4411 ao
1704 4339 1820 4409 villam

269 4442 707 4548 Czarnoobowicze,
735 4459 777 4530 de
814 4481 880 4550 qno
917 4460 1022 4531 datur
1050 4458 1274 4547 nranipularis
1303 4459 1436 4529 decima
1462 4461 1673 4531 monasterio
1702 4460 1820 4549 hospi-

261 4572 349 4653 'alis
376 4580 525 4652 Sanctae
552 4579 673 4652 Crucis
694 4581 736 4665 in
764 4580 1007 4676 Cracovia;
1035 4581 1116 4649 item
1144 4579 1187 4649 de
1215 4580 1292 4649 aliis
1320 4580 1429 4649 laiseis
1456 4588 1492 4648 et
1510 4582 1604 4669 agris
1622 4582 1822 4670 praedictae

268 4702 371 4774 uillae
399 4702 546 4783 solvitur
574 4701 707 4772 decima
733 4702 969 4790 manipularis
997 4708 1032 4771 et
1062 4701 1158 4771 valor
1185 4701 1259 4771 eius
1278 4700 1482 4775 aestimatur
1500 4691 1545 4770 ad
1563 4701 1712 4807 mediam
1731 4723 1821 4774 mar-

269 4843 352 4895 cam.
380 4824 467 4894 Item
497 4823 624 4894 ibidem
653 4823 832 4912 praedium
859 4823 997 4893 unicum
1024 4822 1193 4911 militare,
1221 4821 1263 4893 de
1291 4821 1388 4891 cuins
1416 4823 1510 4911 agris
1538 4821 1731 4903 decimatur
1759 4843 1822 4910 pro

269 4945 414 5017 ecclesia
442 4947 476 5015 in
506 4943 549 5013 W
558 4945 783 5034 yeliczka,
811 4950 846 5014 et
875 4944 970 5015 valor
997 4944 1072 5013 eius
1099 4944 1143 5013 ad
1172 4943 1322 5031 quinque
1351 4963 1493 5013 marcas.
1529 4942 1616 5013 ltem
1648 4944 1825 5033 tabernae,

268 5065 351 5141 item
379 5066 613 5138 hortulaniae.
1412 5073 1432 5116 0

373 5186 596 5275 89999999,
624 5186 707 5257 villa
741 5188 805 5257 sub
841 5184 1008 5277 &cellia
1040 5185 1205 5255 ecclesiae
1233 5185 1276 5255 de
1304 5184 1587 5275 Biskupicne
1614 5185 1700 5275 sita,
1727 5186 1824 5257 cuius
1909 5282 1912 5287 ³

269 5309 465 5401 proprietas
501 5314 538 5378 et
564 5308 751 5380 dominium
789 5307 833 5379 ad
861 5306 1103 5396 Wpdzgam
1130 5305 1457 5397 Sczeglowsky
1485 5306 1528 5376 de
1555 5306 1660 5378 minis
1679 5360 1822 5376 ......

257 5431 431 5529 pertinet
471 5430 511 5500 In
544 5451 612 5519 qua
647 5436 728 5500 sunt
765 5450 824 5499 sex
862 5428 953 5497 lanei
989 5427 1243 5517 ometbonales,
1271 5427 1313 5498 de
1341 5427 1466 5517 quibus
1494 5427 1651 5499 omnibus
1678 5427 1824 5499 solvitur

248 5551 403 5643 ‚decima
428 5551 655 5639 manipularis
681 5550 892 5621 monasterio
928 5549 1111 5638 hospitalis
1139 5549 1286 5619 Sanctae
1314 5548 1436 5620 Crucis
1464 5550 1498 5619 in
1527 5548 1762 5638 Cracovia,
1789 5556 1824 5619 et

272 5671 447 5745 inducitur
474 5692 536 5761 per
564 5671 761 5742 cmethones
795 5671 947 5761 propriis
974 5671 1152 5758 sammua,
1182 5671 1215 5740 in
1243 5670 1407 5741 borreum
1434 5691 1456 5739 a
1482 5671 1681 5761 praeposito
1710 5672 1824 5743 locam

273 5792 359 5884 dnm,
387 5801 435 5867 et·
450 5793 548 5864 valor
575 5793 649 5863 eius
677 5792 879 5863 aestimatur
906 5791 950 5861 ad
979 5799 1128 5882 quatuor
1155 5811 1298 5862 inrarcas
1325 5791 1415 5861 ltem
1441 5793 1587 5865 taberna
1604 5782 1673 5863 una
1692 5792 1822 5863 babens

275 5933 382 6005 agros,
410 5915 453 5985 (19
480 5913 606 6004 quibus
633 5912 824 5985 decimatur
851 5913 886 5993 in
910 5910 1118 6006 poriltlnoonr
1144 5934 1207 6002 pro
1229 5912 1391 6002 hospitali
1409 5912 1528 5983 Sancti
1546 5913 1706 6003 Spiritus.
1734 5912 1821 5983 Item

277 6032 489 6107 bortulamae
525 6057 594 6105 non
631 6039 712 6104 sunt
747 6034 781 6104 in
818 6034 938 6104 endem
976 6034 1067 6104 villa.
1110 6033 1197 6104 Item
1234 6041 1288 6104 est
1315 6035 1350 6104 in
1381 6034 1499 6108 eadem
1527 6033 1611 6104 villa
1644 6033 1823 6123 praedium

281 6155 422 6229 militare
449 6157 636 6246 optimum,
664 6154 707 6226 de
729 6156 831 6233 ¹ciuilis
858 6155 953 6244 agris
981 6154 1085 6224 datur
1113 6156 1246 6225 decima
1273 6155 1499 6245 manipularis
1526 6155 1734 6226 monasterio
1762 6157 1824 6228 ho·
1862 6230 1865 6241 ,
1939 6146 1941 6150 ⁴

285 6276 408 6363 spitalis
434 6276 581 6353 89119199
608 6274 728 6347 Crucis
756 6277 791 6346 in
818 6275 1056 6346 Cracovia.

378 6396 590 6487 Znnneczn,
618 6397 701 6469 villa
736 6398 800 6469 sub
836 6397 1002 6487 parochia
1038 6395 1204 6467 ecclesiae
1231 6396 1274 6466 de
1301 6393 1587 6499 lliskupicze
1614 6396 1700 6488 sita,
1727 6398 1824 6469 cuius
