4217 8059
1665 1551 1668 1556 .
1749 1496 1830 1569 441·

271 1683 468 1774 proprietas
494 1685 538 1755 ad
565 1688 813 1759 monasterium
840 1687 1078 1761 Gairziczense
1102 1692 1264 1779 pertinet.
1292 1690 1332 1762 ln
1359 1713 1429 1782 qua
1455 1702 1537 1765 snut
1566 1703 1716 1786 quatuor
1734 1702 1826 1774 lanei

273 1805 516 1895 cmethonales,
543 1813 579 1876 et
605 1807 751 1896 quilibet
776 1808 880 1881 solvit
906 1830 970 1899 pro
997 1830 1102 1882 censu
1130 1817 1207 1882 octo
1235 1818 1376 1901 scottos,
1403 1815 1487 1886 item
1506 1836 1583 1907 ova,
1601 1820 1683 1889 item
1701 1822 1823 1912 gallos,

272 1928 355 1998 item
383 1947 522 2016 caseos;
550 1930 632 1998 item
659 1928 797 2000 laborat
823 1930 969 2020 quilibet
996 1928 1149 2021 liutwini,
1176 1934 1307 2004 arando
1335 1954 1398 2024 pro
1427 1956 1508 2007 vere
1536 1943 1572 2007 et
1599 1959 1662 2028 pro
1690 1941 1825 2031 hyeme,

271 2048 459 2138 arpicando
486 2054 523 2119 et
549 2048 695 2120 serendo
723 2071 827 2139 agros
853 2052 1066 2141 monasterii,
1094 2058 1171 2123 sata
1198 2054 1368 2143 metendo,
1395 2060 1431 2126 et
1457 2058 1493 2128 in
1518 2058 1680 2129 horreum
1699 2067 1823 2133 cosno-

269 2169 362 2240 biale
389 2168 591 2241 inducendo.
621 2170 707 2241 ltem
727 2169 922 2264 pecodum,
949 2173 1031 2243 item
1058 2195 1217 2268 usurpem
1244 2175 1327 2245 item
1354 2176 1510 2266 taberna,
1537 2179 1620 2250 item
1639 2180 1825 2272 hortulani,

271 2292 353 2383 item
380 2290 569 2380 praedium.
596 2291 684 2361 Item
712 2313 830 2362 omnes
858 2293 934 2382 agri
962 2293 1065 2364 villae
1092 2294 1233 2366 solvunt
1259 2302 1296 2366 et
1322 2296 1519 2370 conducunt
1545 2299 1711 2375 decimam
1747 2324 1823 2374 ma·

271 2411 463 2501 nipularem
500 2417 536 2483 et
571 2413 788 2502 canapalem,
816 2435 879 2503 pro
916 2415 1128 2486 monasterio
1156 2414 1403 2507 Gzirziczensi,
1430 2426 1467 2490 et
1493 2421 1591 2491 valor
1617 2421 1692 2493 eius
1719 2424 1824 2494 aesti-
1939 2485 1944 2494 .

271 2538 387 2604 matur
413 2532 456 2603 ad
485 2533 635 2622 quinque
663 2555 806 2605 marcas.
833 2534 992 2607 Gonfinat
1018 2559 1096 2608 cunr

375 2644 580 2744 Gzrsszo'uv,
608 2654 692 2727 villa
717 2656 781 2763 sub
809 2657 975 2745 parochia
1001 2658 1167 2741 ecclesiae
1194 2659 1237 2729 de
1256 2713 1263 2727 .
1283 2714 1290 2728 .
1310 2714 1316 2728 .
1336 2660 1413 2748 sita,
1440 2662 1537 2732 cuius
1564 2664 1759 2753 proprietas
1786 2670 1828 2736 et.

270 2776 457 2846 dominium
492 2775 536 2847 ad
573 2776 816 2851 monasterinm
851 2776 1086 2851 Czirziozense
1122 2779 1294 2868 pertinet,
1329 2780 1573 2872 pertinereque
1609 2783 1732 2871 debet;
1759 2783 1820 2855 sed

272 2897 388 2969 villam
415 2898 505 2968 hauc
530 2898 776 2969 monasterium
804 2897 1038 2971 Gzirziozense
1065 2900 1232 2973 hactenus
1260 2922 1328 2970 non
1355 2900 1521 2990 possidet,
1548 2901 1609 2973 sed
1628 2903 1684 2974 vel
1702 2903 1820 2977 deser-

271 3025 345 3090 tata
372 3018 427 3088 vel
455 3039 476 3088 a
503 3019 712 3089 monasterio
735 3017 961 3092 Czirziczensi
988 3018 1174 3091 abstracta.
1282 3060 1285 3065 ·

373 3138 675 3228 Sonuaomrczn,
703 3140 785 3211 villa
821 3141 885 3212 sub
919 3141 1084 3231 parochia
1119 3140 1163 3211 de
1191 3138 1527 3231 ¹W'yszoczicze.
1546 3163 1653 3232 supra
1679 3143 1820 3215 fluvium

269 3260 485 3351 Dlnbnya
512 3260 598 3348 sita,
625 3260 721 3331 ouius
757 3261 954 3351 proprietas
981 3261 1024 3332 ad
1052 3260 1300 3332 monasterium
1328 3257 1562 3332 Ozirziozense
1591 3264 1749 3351 pertinet
1778 3263 1818 3335 Iu

269 3402 338 3471 qua
364 3387 445 3452 suut
471 3362 651 3452 duodecim
678 3381 779 3470 lanei,
807 3385 845 3452 et
871 3381 1017 3472 quilibet
1043 3381 1148 3453 solvit
1174 3380 1320 3452 mediam
1347 3401 1507 3470 marcam,
1535 3383 1616 3452 item
1645 3403 1719 3472 ova,
1738 3385 1821 3455 item

268 3502 398 3591 gallos,
425 3501 510 3572 item
535 3502 675 3590 ca'seos;
701 3504 784 3573 item
812 3504 948 3574 ratione
974 3503 1132 3574 laborum
1159 3502 1306 3592 quilibet
1332 3507 1410 3573 arat
1436 3523 1499 3593 pro
1527 3520 1610 3575 vere
1637 3509 1672 3575 et
1699 3505 1821 3596 hyeme

268 3619 407 3699 irurziui
433 3628 469 3693 et
495 3623 646 3713 arpicat,
673 3624 777 3713 serit,
806 3624 922 3712 metit,
950 3623 1104 3713 disponit
1130 3628 1167 3694 et
1193 3623 1374 3711 conducit;
1401 3623 1485 3694 item
1506 3622 1708 3718 mahom,
1735 3625 1818 3695 item

268 3766 426 3839 caesapon
461 3744 544 3815 item
583 3745 747 3835 taberna,
782 3745 867 3816 item
903 3743 1097 3833 hortulani,
1123 3745 1208 3817 item
1234 3744 1432 3834 praedium,
1457 3744 1543 3815 item
1569 3742 1821 3833 molendinum;

269 3868 351 3937 item
379 3887 498 3937 omnes
526 3867 601 3956 agri
630 3865 732 3938 villae
758 3866 898 3938 solvunt
924 3871 961 3936 et
988 3865 1184 3936 conducunt
1210 3864 1378 3937 decimam
1395 3865 1646 3955 manipularem
1666 3870 1702 3936 et
1719 3886 1822 3937 cana·

267 3989 389 4078 palem,
417 4009 481 4078 pro
508 3989 669 4078 episcopo
697 3986 938 4076 cracoviensi,
965 3991 1002 4059 et
1028 3987 1127 4059 valor
1153 3987 1229 4057 eius
1254 3968 1459 4061 aestimatur
1485 3986 1529 4058 ad
1555 3986 1703 4077 triginta
1728 4007 1819 4058 mar-

219 4165 222 4171 .
268 4131 335 4181 cas.
362 4108 521 4181 Gonfinat
547 4130 623 4179 oum
643 4163 650 4177 .
670 4163 704 4178 ..
1813 4148 1818 4153 -

371 4229 590 4317 Lunzruruz,
617 4228 700 4299 villa
727 4228 956 4318 parochialem
986 4226 1165 4298 ecclesiam
1192 4226 1325 4301 habens
1351 4227 1387 4297 in
1414 4247 1461 4315 se,
1488 4232 1524 4297 et
1551 4228 1587 4297 in
1614 4249 1683 4315 qua
1701 4249 1819 4298 meua-

267 4350 411 4427 sterium
438 4348 679 4421 Gzirziozense¹
699 4349 764 4419 fuit
789 4349 979 4437 fundatum,
1005 4348 1103 4451 cuius
1130 4346 1326 4436 proprietas
1352 4347 1396 4417 ad
1423 4347 1671 4418 monasterium
1690 4345 1820 4418 Ozirzi-
1885 4413 1889 4425 ,

267 4490 389 4541 ozense
427 4469 589 4559 pertinet.
624 4470 664 4540 ln
691 4490 759 4560 qua
794 4476 876 4541 sunt
901 4473 1051 4560 quatuor
1078 4468 1169 4538 lanei
1196 4467 1449 4571 cupetbqnales‚
1475 4472 1512 4538 et
1539 4467 1686 4557 quilibet
1712 4468 1820 4540 soluit

268 4593 384 4662 decem
420 4613 561 4679 grossos
595 4611 659 4680 pro
686 4612 809 4678 censu,
836 4591 919 4663 item
946 4612 1031 4678 ova,
1058 4591 1141 4660 item
1167 4586 1297 4679 gallos-3
1311 4588 1407 4661 ‘item
1434 4608 1573 4676 caseou3
1599 4589 1684 4658 item
1711 4588 1820 4679 labor,

267 4714 349 4784 item
370 4709 537 4806 quomodo,
573 4713 654 4782 item
691 4733 851 4806 oaszyep3
886 4711 968 4782 item
994 4711 1160 4798 taberna,
1187 4710 1270 4781 item
1298 4708 1493 4798 hortulani,
1516 4709 1602 4799 item
1630 4709 1818 4798 praedium.

239 4905 241 4915 ,
265 4834 353 4905 Item
380 4853 500 4904 omnes
527 4833 603 4922 agri
630 4832 733 4903 villae
759 4832 898 4903 solvunt
924 4837 961 4902 et
986 4830 1184 4903 conducunt
1201 4828 1369 4901 decimam
1388 4828 1638 4930 manipularem
1656 4835 1693 4900 et
1711 4850 1814 4899 cana·

266 4955 390 5045 palem,
417 4975 481 5043 pro
508 4953 718 5024 monasterio
745 4952 982 5045 Gzirzicaonsi,
1008 4956 1044 5023 et
1071 4951 1169 5024 valor
1195 4952 1269 5021 eins
1296 4930 1564 5022 aestimatnrad
1579 4952 1655 5021 tras
1671 4970 1817 5021 marcas.

267 5075 428 5147 Goufiuat
454 5096 531 5145 cum
551 5129 559 5144 .
578 5128 611 5145 ..
1092 5074 1095 5080 '

380 5195 657 5268 Nnnozunrsna
694 5201 803 5285 prata
838 5193 955 5266 Habet
988 5192 1236 5267 monasterium
1271 5188 1507 5265 Gairzicaensu
1541 5191 1674 5282 optima
1707 5197 1818 5281 pratu,

266 5338 371 5396 unum
390 5317 536 5387 milliare
563 5337 586 5389 a
610 5316 821 5387 monasterio
849 5313 1074 5389 Gzirniczensi
1101 5312 1278 5401 distantia,
1304 5304 1621 5404 Nyedzelislra
1647 5312 1818 5382 communi

266 5438 475 5508 vocitatione
501 5436 686 5528 appellata,
712 5456 800 5527 quae
819 5434 1062 5528 aequipollent
1088 5435 1147 5506 uui
1174 5433 1287 5522 villae,
1314 5436 1358 5506 e'x
1385 5433 1510 5523 quibus
1537 5432 1654 5521 plures
1672 5451 1815 5502 cousue-

267 5559 318 5629 vit
343 5578 407 5648 pro
434 5579 497 5630 suo
523 5564 561 5631 et
581 5558 797 5633 'aduenarum
823 5578 898 5647 usu,
925 5552 1105 5647 percipere
1132 5546 1405 5629 commoditates

372 5675 551 5751 Taberna
580 5679 616 5751 in
643 5677 807 5769 hlagno
834 5678 950 5767 Sale,
976 5677 1037 5750 ubi
1064 5676 1168 5748 hodie
1194 5673 1488 5769 Wyelyozku.
1528 5672 1616 5743 Item
1644 5676 1817 5753 monaste

266 5802 354 5871 rium
391 5799 625 5872 Czirziczense
666 5800 771 5871 habet
810 5799 1006 5889 habereque
1047 5797 1153 5870 debet
1190 5816 1294 5868 unam
1333 5796 1514 5885 tabernam
1551 5790 1739 5865 notabilem
1779 5793 1815 5863 iu
1903 5776 1939 5871 “·’,

266 5920 430 6011 Magno
457 5921 574 6010 Sale,
600 5942 689 6012 quae
716 5926 752 5992 et
778 5919 1061 6012 Wyelyozha
1086 5940 1178 5991 nunc
1204 5916 1367 6008 oppidum
1394 5914 1540 6004 dicitnr,
1567 5915 1602 5985 in
1630 5934 1699 6003 quo
1726 5913 1816 5985 sales

266 6042 494 6133 effodiuntur,
522 6064 609 6135 quae
645 6043 752 6115 habet
786 6062 890 6132 agros
925 6041 1122 6132 habereque
1149 6039 1272 6130 debet,
1298 6043 1336 6124 et
1361 6058 1450 6128 quae
1477 6057 1541 6129 pro
1568 6055 1675 6106 oensu
1702 6054 1815 6105 annuo

266 6163 369 6235 solvit
396 6164 598 6255 solvoreque
624 6169 764 6236 tenetur
791 6162 1001 6235 monasterio
1019 6161 1247 6233 Gzirziczensi
1266 6214 1274 6230 .
1293 6214 1327 6229 ..
1799 6156 1804 6163 ’
1892 6255 1895 6259 ,

368 6285 588 6375 Daoorurn,
614 6284 959 6378 villa-parochialem
986 6283 1165 6361 aeclesiam
1194 6281 1327 6353 habens
1351 6280 1388 6351 in
1415 6298 1462 6368 se,
1490 6277 1587 6349 cuius
1604 6275 1818 6367 >proprietas

215 6486 221 6500 ι
264 6404 308 6476 ad
335 6406 589 6478 monasterium
626 6403 860 6479 Ozirriczense
896 6404 1058 6498 pertinet.
1090 6403 1133 6475 ln
1168 6423 1244 6494 qua·
1263 6406 1346 6474 sunt
1380 6400 1472 6473 lanei
1499 6395 1753 6487 cmethonales,
1768 6401 1817 6472 :at

367 6576 414 6615 Lib.
424 6574 520 6616 somne.
534 6574 578 6616 111.
1555 6574 1564 6583 ”
1613 6548 1650 6596 56
