4217 8059
287 1479 332 1551 16

283 1685 468 1774 hortulani,
495 1687 577 1756 item
603 1685 834 1756 molendinum
861 1686 992 1781 habens
1019 1706 1132 1775 agros,
1164 1685 1270 1756 solvit
1300 1683 1417 1756 decem
1448 1698 1592 1757 marcae.
1626 1685 1715 1756 Item
1746 1704 1831 1787 nau·

282 1806 353 1878 lum
379 1807 416 1877 in
442 1807 581 1877 flumine
607 1806 735 1895 Nida,
762 1807 854 1896 qnod
881 1806 987 1878 solvit
1013 1813 1164 1896 quatuor
1189 1826 1333 1894 marcas,
1360 1811 1397 1877 et
1422 1805 1530 1881 habat
1548 1805 1591 1879 an
1618 1806 1758 1877 flumine
1775 1804 1832 1879 ias

282 1926 445 2016 piscandi.
472 1927 560 1997 Item
587 1926 776 2016 praedium,
803 1928 847 1999 de
874 1927 972 2000 cuius
999 1927 1093 2016 agris
1120 1927 1268 1998 solvitur
1295 1926 1428 1998 decima
1454 1926 1621 1998 ecclesiae
1646 1927 1682 1997 in
1709 1925 1829 1999 Wro-

282 2066 503 2138 ezyrzysz
529 2047 729 2137 parochiali.
755 2047 843 2119 Item
871 2067 989 2118 ornnes
1015 2049 1092 2137 agri
1118 2047 1222 2118 villae
1239 2047 1379 2119 solvunt
1395 2052 1432 2117 et
1449 2046 1647 2120 conducunt
1664 2046 1831 2119 decimam

281 2167 531 2257 manipularem
558 2173 595 2239 et
620 2167 819 2259 canapalem
846 2189 910 2257 pro
937 2168 1083 2239 ecelesIa
1109 2173 1145 2239 et
1172 2167 1319 2257 plebano
1346 2168 1383 2237 iu
1408 2167 1771 2259 Wreczyrzisch,
1794 2174 1860 2265 et¹

281 2287 379 2359 valor
406 2289 481 2360 elus
509 2289 714 2360 aestimatur
749 2288 794 2359 ad
821 2289 1015 2378 quindecim
1042 2309 1185 2359 marcas.
1206 2286 1381 2359 ‚Confluat
1407 2308 1484 2360 cum
1511 2288 1729 2377 Yedlcza,
1756 2288 1831 2359 Pa-
1884 2278 1888 2283 ’

280 2407 522 2497 wlowiezc,
546 2414 695 2499 utraque
721 2409 954 2500 Zagayow,
973 2406 1441 2500 Sandziwoyowycze,
1461 2409 1592 2481 Thur.
1619 2409 1845 2513 Emptqpro'-

281 2530 491 2601 monasterio
526 2530 571 2602 ab
606 2531 768 2620 episeopo
803 2530 1018 2601 Lubuczeusi
1053 2529 1232 2618 dohanne,
1260 2548 1323 2618 per
1357 2529 1567 2601 Stauislauru
1594 2508 1835 2620 praepositui

282 2649 595 2741 Myechoviensem,
621 2672 685 2743 pro
712 2651 884 2723 sexcentis
911 2651 1037 2722 marcis
1064 2651 1214 2722 latorum
1240 2662 1451 2740 grossorum

386 2771 717 2861 Mrcunuowrczu,
744 2773 828 2844 villa
854 2772 918 2844 sub
945 2771 1113 2861 parochia
1130 2771 1172 2843 de
1191 2770 1613 2862 Wyanczslawieze
1639 2706 1853 2875 simetrii?
1818 2806 1882 2947 3

133 2922 135 2926 ·
279 2892 476 2981 proprietas
502 2892 547 2966 ad
574 2894 821 2967 monasterium
848 2893 1118 2984 Myechoviense
1145 2892 1306 2983 pertinet.
1333 2893 1374 2964 ln
1401 2910 1470 2984 qua
1495 2898 1578 2965 sunt
1600 2890 1739 2983 viginti
1731 2858 1849 2989 Μ

199 3104 201 3109 A
280 3016 362 3083 tuor
398 3013 489 3084 lanei
524 3014 841 3103 emethenales,t
806 3019 841 3085 et
867 3014 1013 3105 quilibet
997 3013 1155 3086 tsolvit
1139 3012 1444 3103 tquatuordecim
1468 3015 1602 3085 scottos
1628 3032 1692 3103 pro
1718 2998 1833 3101 cenn,

279 3133 363 3204 ltem
401 3155 466 3205 ova
499 3135 665 3226 triginta,
699 3136 785 3209 item
819 3135 930 3225 gallos
964 3139 1136 3224 quatuor,
1163 3135 1246 3205 item
1274 3154 1393 3209 caseos
1418 3132 1526 3224 dues;
1560 3135 1644 3206 item
1670 3124 1858 3215 laboraffl¹

279 3247 483 3350 irarzyaom,
509 3255 592 3327 item
611 3255 797 3352 powodom
814 3261 997 3346 utramque
1015 3255 1185 3345 laborant,
1203 3276 1269 3345 pro
1287 3275 1370 3326 vere
1387 3257 1425 3327 ct
1441 3254 1574 3346 hyeme,
1592 3255 1676 3326 item
1694 3270 1833 3373 ommi

215 3365 217 3374 '
277 3373 437 3463 solvuut3
464 3376 547 3447 item
574 3376 742 3449 tabernae
768 3378 856 3449 duae
882 3378 1052 3449 habentes
1079 3397 1183 3468 agros
1209 3381 1245 3448 et
1262 3381 1372 3467 prata,
1400 3395 1469 3448 una
1486 3377 1593 3449 solvit
1610 3397 1671 3448 sex
1677 3356 1843 3468 marcq&

278 3495 389 3566 altera
414 3503 493 3568 octo
521 3518 664 3570 marcas
691 3498 780 3568 Item
807 3499 1024 3569 bortulauiae
1050 3504 1194 3588 septem,
1221 3496 1397 3588 quaelibet
1422 3497 1528 3570 solvit
1555 3518 1616 3570 sex
1635 3502 1777 3587 scottos,
1793 3503 1832 3570 et

279 3615 418 3689 laborat
447 3628 557 3689 haurn
592 3616 684 3689 dlem
724 3619 760 3689 iu
797 3619 997 3709 septimana.
1035 3620 1122 3691 Item
1159 3617 1354 3691 molendina
1389 3618 1459 3691 duo
1494 3619 1530 3691 in
1564 3620 1703 3691 flumine
1728 3618 1831 3690 Dlu·

277 3740 407 3831 bnya,
435 3760 524 3830 quae
550 3740 690 3812 solvunt
714 3761 778 3830 pro
806 3761 921 3831 ceusu,
941 3742 1093 3832 quinque
1119 3759 1253 3812 mareas
1271 3761 1387 3830 unum,
1406 3740 1500 3812 aliud
1519 3745 1670 3832 quatuor
1687 3760 1832 3811 marcas.
1856 3756 1863 3765 ·

277 3860 365 3932 Item
392 3860 572 3951 praedium
600 3861 807 3951 coenobiale,
836 3862 928 3952 quod
954 3862 1040 3934 nulli
1067 3862 1171 3934 solvit
1197 3861 1373 3951 decimam,
1401 3862 1462 3934 sed
1489 3884 1564 3935 eam
1591 3883 1655 3953 pro
1673 3882 1711 3934 se
1728 3860 1832 3950 tollit,

280 3989 439 4073 coempta
465 3983 625 4055 scoltetia
659 3982 866 4055 ordiuatum.
904 3984 992 4055 Item
1027 4004 1147 4056 amnes
1169 3983 1249 4073 agri
1275 3983 1379 4055 villae
1406 3984 1546 4057 solvunt
1572 3989 1609 4057 ct
1634 3982 1832 4056 conducunt

277 4103 444 4175 decimam
470 4104 718 4196 manipularem
747 4108 783 4176 et
808 4105 1018 4194 canapalem,
1045 4126 1110 4195 pro
1136 4104 1338 4195 praebenda
1363 4103 1593 4196 cracoviensi,
1620 4124 1709 4197 quae
1726 4123 1830 4193 voca:¹
1841 4166 1845 4173 .

278 4230 337 4295 tur
364 4224 604 4316 Gzechouska,
631 4232 668 4298 et
694 4226 793 4298 valor
819 4225 893 4297 eius
919 4227 1124 4298 aestimatur
1156 4226 1201 4297 ad
1227 4225 1462 4317 quadraginta
1487 4224 1818 4299 marcescamus

277 4365 354 4417 cum
381 4342 794 4438 Maszlomchza..

168 4450 172 4459 ¹
384 4522 516 4560 ......
543 4467 627 4541 villa
653 4474 735 4541 aute
772 4468 955 4559 Rudam,
983 4467 1111 4541 donata
1137 4469 1348 4541 monasterio
1384 4488 1447 4559 per
1473 4414 1560 4540 Τιιι
1544 4474 1693 4541 manem
1719 4467 1833 4540 Thea-

276 4592 437 4681 touicum,
464 4591 616 4665 alienata
642 4611 664 4663 a
689 4591 954 4662 monasterio..

378 4713 563 4801 Urrruow,
591 4712 674 4782 villa
709 4713 840 4783 habens
878 4712 912 4780 in
940 4730 977 4780 se
973 4645 1183 4783 ⁸ecclesiam
1211 4706 1453 4800 parochialem,
1473 4710 1598 4783 Sancto
1617 4710 1717 4782 Vitto
1735 4710 1832 4785 dica·

278 4839 361 4921 tam,
388 4832 503 4922 lapide
530 4832 619 4904 albo·
635 4831 849 4920 fabricatam,
877 4830 975 4901 cuius
1002 4831 1201 4920 proprietas
1219 4831 1263 4901 ad
1290 4833 1538 4905 monasterium
1557 4832 1827 4924 Myecherdeuse

277 4953 438 5042 pertinet.
465 4953 505 5022 ln
524 4965 602 5043 ‘qua
629 4959 711 5024 sunt
737 4952 827 5023 lanei
855 4952 1099 5042 emethonales,
1126 4955 1163 5022 et
1190 4953 1336 5042 quilibet
1362 4953 1467 5025 solvit
1492 4974 1555 5043 per
1582 4959 1660 5026 octo
1688 4959 1830 5044 scottos,

274 5073 359 5145 item
387 5095 453 5146 eva
479 5074 634 5164 triginta,
662 5075 746 5146 item
772 5073 883 5163 gallos
910 5078 1069 5164 quatuor,
1096 5073 1179 5144 item
1206 5092 1326 5145 caseos
1354 5074 1449 5146 duos.
1477 5075 1565 5146 Item
1591 5075 1731 5148 laborat
1755 5077 1831 5167 qni·
1939 5167 1950 5179 α

277 5195 364 5268 libet
399 5216 505 5266 unum
540 5195 629 5266 diem
667 5195 702 5265 in
738 5195 931 5286 septimana
965 5195 1107 5287 proprio
1144 5215 1249 5266 curm
1282 5201 1344 5267 aut
1369 5200 1496 5268 aratro.
1537 5197 1625 5268 Item
1645 5194 1832 5291 powodom

279 5320 463 5407 utramque
490 5316 662 5407 laborant,
688 5337 753 5406 pro
780 5335 862 5388 vere
890 5321 926 5387 et
951 5317 1083 5407 hyeme.
1110 5317 1198 5387 Item
1224 5338 1361 5412 osazyep
1388 5319 1493 5390 solvit
1512 5317 1657 5408 quilibet
1674 5339 1738 5408 pro
1757 5340 1831 5389 mo-

275 5438 439 5510 nasterio.
466 5438 553 5511 Item
580 5438 728 5543 taberna
754 5458 823 5509 uua
848 5437 981 5509 habens
1008 5459 1122 5528 agros,
1149 5443 1186 5509 ct
1212 5439 1317 5510 solvit
1340 5459 1404 5529 pro
1431 5459 1535 5512 consu
1551 5493 1718 5510 .......
1736 5440 1826 5511 Item

274 5559 494 5630 hortulauiae
520 5560 690 5651 quiuque,
716 5564 752 5631 ct
778 5559 953 5650 quaelibet
979 5559 1084 5631 solvit
1110 5579 1216 5630 unum
1241 5559 1411 5632 fertonem
1440 5562 1661 5651 monasterio,
1680 5566 1716 5632 et
1733 5561 1830 5633 labe-

273 5686 339 5761 rat,
366 5700 472 5751 unum
508 5680 598 5751 diem
634 5681 671 5751 iu
707 5680 907 5772 septimana.
948 5681 1035 5752 Item
1062 5680 1296 5752 molendinum
1331 5702 1400 5754 non
1428 5689 1499 5771 est,
1526 5683 1587 5754 sed
1615 5684 1748 5774 piscina
1774 5689 1831 5755 est

271 5802 477 5875 monasterii
513 5802 614 5874 bona,
653 5803 740 5874 Item
776 5803 955 5892 praedium
982 5800 1182 5874 coenobiale
1209 5808 1264 5874 est
1290 5804 1340 5875 ibi
1366 5804 1511 5892 bonum,
1540 5804 1583 5875 de
1610 5806 1708 5876 euius
1736 5804 1831 5894 agris

276 5925 524 5997 monasterium
561 5923 830 6015 Myechovlense
856 5924 950 5995 tollil
976 5924 1153 5995 deeImarn.
1198 5925 1285 5995 Item
1313 5945 1431 5997 omnes
1459 5925 1535 6015 agri
1563 5925 1666 5997 villae
1692 5926 1833 5998 solvunt

275 6050 312 6115 et
339 6044 729 6118 conducunt-decimam
756 6045 1005 6137 manipularem
1033 6050 1069 6117 et
1094 6046 1311 6136 canapalem,
1337 6067 1401 6138 pro
1429 6049 1639 6119 monasterio
1666 6047 1832 6139 Myecho·

273 6167 394 6257 riensi,
421 6174 458 6239 et
484 6168 582 6241 valer
608 6167 683 6239 eius
710 6167 916 6239 aestimatur
943 6166 987 6239 ad
1015 6167 1165 6239 sedecim
1192 6186 1336 6239 marcas.
1363 6167 1523 6240 Confluat
1545 6189 1622 6241 curu
1641 6168 1833 6241 Marcei·

271 6288 485 6377 ueniere,
511 6288 805 6380 Poguisdorr,
832 6288 1159 6379 Charsznicza,
1186 6288 1485 6380 Swoycziani.

373 6407 558 6500 Gaonow,
595 6410 678 6483 villa
714 6411 845 6485 habens
881 6412 916 6482 in
953 6432 991 6483 se
1027 6411 1207 6484 ecclesiam
1242 6411 1476 6503 parochialem
1503 6411 1671 6505 ligneam,
1697 6411 1827 6488 Sancte
