4217 8059
160 1402 366 1538 744

319 1668 512 1759 hospitalia.
557 1668 644 1773 Item
669 1665 725 1739 de
753 1666 849 1739 curia
885 1673 921 1736 et
947 1665 1050 1738 horto
1087 1670 1155 1737 uuo
1193 1665 1341 1738 solvitur
1376 1688 1440 1757 pro
1466 1643 1555 1739 19919
1571 1666 1702 1739 Sancti
1728 1666 1874 1741 Martini

316 1811 386 1860 una
422 1809 593 1878 sexagena
628 1788 847 1858 monasterio.
887 1788 975 1858 Item
1011 1787 1054 1857 de
1091 1788 1194 1858 horto
1223 1787 1353 1875 altero,
1390 1789 1494 1858 etiam
1532 1809 1596 1877 pro
1632 1788 1723 1860 19919
1752 1787 1870 1863 Sancti

317 1909 465 1991 Martini
491 1909 640 1981 solvitur
676 1909 790 1982 media
816 1928 933 1979 marca
964 1928 1028 1997 pro
1056 1908 1277 1986 monasterio.
1316 1908 1403 1979 ltem
1430 1909 1473 1980 de
1500 1908 1604 1980 horto
1631 1911 1738 1981 tertio
1765 1911 1873 1980 etiam

180 2046 183 2050 ’
315 2051 379 2120 pro
396 2029 486 2109 sesto
513 2029 630 2101 Sancti
657 2029 803 2100 Martini
834 2029 981 2130 solvitur
1007 2049 1077 2099 una
1095 2026 1212 2099 199199
1238 2049 1302 2118 pro
1329 2029 1551 2100 munasterio.
1590 2029 1678 2129 Item
1705 2031 1748 2101 de
1767 2031 1870 2103 horto

316 2155 439 2239 quarto
457 2170 522 2241 pro
541 2146 629 2222 19919
657 2148 775 2220 Sancti
803 2148 948 2218 Martini
968 2148 1082 2219 media
1101 2168 1225 2218 marca.
1269 2148 1358 2219 Item
1377 2155 1457 2219 ante
1485 2149 1649 2238 oppidum
1677 2149 1869 2240 praefatum

315 2267 587 2359 Wyeliczka
612 2271 648 2341 in
664 2270 808 2359 platea,
836 2268 929 2374 dieta
944 2269 1147 2359 culgariter
1174 2268 1456 2358 waorkowska,
1484 2276 1566 2340 sunt
1593 2271 1738 2359 triginta
1765 2270 1868 2359 horti,
1995 2307 1997 2311 ·

171 2407 174 2414 '
315 2399 351 2463 et
376 2392 524 2482 quilibet
549 2389 719 2480 profesto
754 2389 871 2461 Sancti
888 2389 1035 2463 Martini
1063 2396 1202 2461 tenetur
1229 2390 1364 2460 solvere
1392 2390 1478 2462 duos
1497 2391 1619 2479 pullos.
1660 2391 1756 2463 Inter
1783 2413 1870 2481 quos

315 2513 454 2601 quidem
481 2512 627 2601 triginta
653 2513 774 2586 hortos
802 2512 970 2601 plebanus
1002 2511 1044 2581 (19
1072 2510 1352 2600 Wyelyczka
1378 2517 1475 2581 tenet
1502 2512 1589 2583 duos
1616 2513 1745 2600 hortos,
1774 2514 1869 2585 vide-

315 2633 396 2703 licet
422 2655 549 2704 nouum
576 2639 612 2704 91
629 2633 854 2721 tricesimum,
891 2633 1077 2722 dequibus
1106 2634 1211 2701 etiam
1238 2637 1377 2702 tenetur
1403 2633 1538 2703 solvere
1565 2653 1629 2722 pro
1657 2634 1868 2705 monasterio

315 2753 401 2825 duos
424 2755 552 2842 pullos
591 2754 679 2826 Item
715 2755 894 2848 inplatea
929 2752 1077 2843 praefati
1115 2752 1232 2841 oppidi
1269 2752 1552 2842 Wyelyczka
1577 2754 1753 2844 appellata
1779 2755 1867 2825 Fur-

313 2875 478 2963 mauska,
505 2875 618 2953 eundo
645 2876 680 2971 ia
700 2881 798 2964 parte
827 2875 950 2946 dextra
975 2875 1019 2945 (19
1038 2873 1175 2962 oppido,
1204 2878 1285 2943 sunt
1312 2874 1405 2943 horti
1433 2874 1601 2964 undecim,
1628 2897 1774 2965 quorum
1794 2877 1870 2965 qui-

313 2994 399 3082 libet
434 3016 497 3084 pro
524 2995 612 3067 lesto
648 2995 766 3077 Sancti
803 2994 949 3081 Martini
983 2999 1124 3067 tenetur
1150 2994 1238 3067 duos
1263 2994 1374 3084 gallos
1401 2996 1537 3067 solvere
1564 3017 1626 3085 pro
1654 2998 1866 3067 monasterio

283 3168 290 3181 .
313 3115 506 3204 hospitalis.
541 3116 680 3202 11911119
701 3116 820 3187 eadem
843 3116 960 3204 platea
977 3114 1210 3207 Fumaaoska,
1237 3114 1349 3186 eundo
1368 3115 1412 3185 de
1431 3116 1558 3205 oppido
1586 3116 1630 3186 W
1641 3116 1870 3222 yeliczba‚

313 3235 477 3325 impasta
505 3237 666 3325 sinistra,
704 3243 785 3309 sunt
813 3236 992 3307 duodecim
1022 3236 1116 3309 horti
1149 3236 1369 3325 progressive
1397 3235 1622 3325 procedentes
1648 3258 1737 3308 unus
1764 3258 1870 3327 penes

312 3357 432 3446 alium,
460 3365 498 3429 et·
523 3358 669 3447 quilibet
695 3357 800 3428 solvit
825 3357 912 3427 dnos
941 3356 1053 3445 gallos
1081 3377 1144 3445 pro
1171 3354 1406 3458 festnSancti
1432 3336 1669 3445 Martinisspro
1696 3364 1868 3429 monaste-

191 3525 212 3585 3
312 3478 374 3559 119.
418 3479 506 3548 item
534 3479 569 3561 in
597 3478 714 3565 platea
741 3477 888 3565 praelati
924 3476 1043 3564 oppidi
1071 3475 1341 3564 Wyelicnka
1368 3475 1677 3568 dictawyeszna,
1706 3478 1741 3547 in
1768 3484 1868 3567 parte

311 3599 455 3691 sinistra
491 3598 604 3670 eundo
632 3597 861 3685 decivitate,
899 3601 979 3667 sunt
1006 3596 1099 3691 horti
1127 3596 1263 3685 decem,
1301 3617 1446 3685 quorum
1475 3597 1622 3686 quilibet
1648 3598 1754 3670 solvit
1780 3599 1883 3670 duos·
2000 3647 2009 3678 ,

310 3719 422 3813 gallos
460 3740 523 3807 pro
559 3718 648 3789 19919
686 3717 803 3789 Sancti
824 3716 977 3805 ,Martini
1015 3737 1078 3804 pro
1107 3717 1324 3817 monasterio.
1366 3717 1453 3787 ltem
1486 3719 1609 3789 hortus
1636 3739 1738 3808 unua,
1767 3741 1867 3808 quem

183 3921 185 3926 .
312 3838 484 3926 quondam
511 3839 623 3911 1991111
648 3836 819 3909 Matthias
837 3836 1008 3925 Wropl,
1028 3837 1079 3907 (19
1098 3858 1165 3926 quo
1185 3858 1249 3926 pro
1267 3835 1356 3908 festo
1378 3837 1494 3909 Sancti
1512 3829 1658 3909 Martini
1686 3838 1868 3910 solvuntur

311 3977 372 4034 sex
399 3958 482 4047 galli
519 3979 581 4046 pro
608 3957 820 4039 monasterio
857 3955 1004 4027 Sanctae
1041 3956 1161 4027 crucis
1189 3959 1262 4030 sive
1289 3957 1464 4045 hospitali.
1504 3958 1591 4029 Item
1619 3960 1741 4030 hortus
1768 3959 1867 4048 alter,

212 4131 215 4138 .
311 4079 572 4167 cognominatus
597 4079 722 4150 hortus
750 4099 878 4165 novus,
914 4097 976 4166 per
1003 4076 1162 4162 consules
1197 4078 1239 4149 de
1267 4075 1551 4168 Wye'lyczka
1576 4086 1731 4169 erectus,
1763 4081 1866 4151 solvit

286 4219 374 4307 ⁸pro
402 4198 490 4276 19919
518 4199 636 4283 Sancti
662 4198 807 4270 Martini
844 4199 932 4273 (1999
959 4197 1072 4288 pullos
1104 4199 1316 4279 monasterio
1348 4199 1532 4287 hospitalis
1560 4200 1707 4271 Sanctae
1734 4200 1864 4289 Crucis,

311 4320 384 4402 aiva
398 4321 575 4411 bospitali
612 4319 644 4391 S.
673 4319 831 4410 Spiritus.
875 4319 962 4390 Item
998 4326 1080 4401 tres,
1107 4319 1166 4389 alii
1193 4319 1287 4400 horti
1309 4320 1359 4421 ,111
1386 4341 1468 4393 area
1505 4321 1676 4410 quondam
1711 4321 1865 4393 Floriani

195 4467 200 4473 ·
310 4444 437 4533 erecti,
472 4443 612 4515 solvont
645 4448 681 4513 et
707 4443 841 4515 solvere
875 4448 1039 4525 tenentur
1076 4441 1162 4513 duos
1199 4441 1310 4530 pullos
1346 4463 1412 4532 pro
1437 4444 1648 4514 monasterio
1684 4444 1866 4533 hospitalis
2000 4465 2008 4480 ·

310 4563 457 4636 Sanctae
485 4564 605 4637 Crucis
624 4585 675 4654 eo,
703 4564 794 4654 quod
821 4563 950 4636 eisdem
979 4562 1094 4635 tribus
1123 4563 1234 4635 1191119
1261 4563 1421 4637 adiacent
1448 4565 1534 4633 certi
1562 4565 1639 4652 agri
1666 4565 1794 4659 9111199,
1822 4565 1865 4643 (19
1941 4557 1943 4560 ⁴

207 4711 210 4715 ’
309 4687 433 4776 quibus
460 4687 707 4779 monasterium
726 4684 923 4773 hospitalis
951 4682 1055 4766 solvit
1090 4682 1255 4760 decimam
1284 4685 1544 4773 manipularem.
1568 4684 1670 4755 11919
1709 4686 1865 4774 quamvis

308 4807 456 4894 praelati
473 4807 586 4890 ,119111
621 4807 689 4877 iam
725 4804 936 4891 enumerati,
971 4802 1097 4873 etalii
1134 4804 1271 4873 noviter
1304 4806 1484 4879 constituti
1516 4810 1552 4875 et
1587 4806 1693 4875 erecti
1722 4812 1864 4877 tenean-

309 4932 369 4997 tur
400 4927 554 4996 solvere-¹
569 4925 679 5015 gallos
715 4946 778 5013 pro
816 4923 905 4993 lesto
943 4923 1061 5001 Sancti
1098 4922 1244 4998 Martini
1282 4945 1322 4994 91
1359 4926 1621 4997 999919191199·
1648 4928 1792 5016 antiqua
1827 4934 1865 4998 et
1920 5002 1922 5005 ,

309 5022 543 5136 praescripta,
576 5046 661 5123 dum
688 5051 806 5125 tamen
821 5029 948 5121 dictos
974 5044 1087 5134 gallos
1123 5046 1257 5131 solvere
1286 5045 1478 5117 noluissent
1505 5053 1541 5118 et
1569 5047 1864 5135 recalcitrassent,

310 5167 454 5238 obtenta
480 5163 1147 5249 991999111199999919911919111111119
1175 5157 1307 5263 rem!¹
1324 5172 1360 5236 et
1384 5167 1557 5237 solemnis.
1596 5167 1684 5239 ltem
1712 5167 1860 5256 praefati
1952 5173 1957 5180 “

307 5287 401 5358 horti
430 5309 498 5363 oon
526 5286 665 5359 solvunt
694 5285 861 5358 decimam
888 5285 1021 5374 canapi.
1648 5349 1650 5354 .
1769 5268 1773 5278 ¹

226 5487 233 5493 ,
356 5422 358 5427 ·
413 5408 667 5497 1119919199,
695 5407 874 5497 oppidum,
913 5407 949 5477 in
977 5427 1044 5499 quo
1073 5414 1154 5486 sunt
1190 5407 1266 5497 agri
1294 5405 1545 5498 oppidanorum
1581 5429 1641 5479 seu
1670 5408 1789 5480 civiles
1817 5410 1861 5483 ab

183 5596 190 5625 ,
307 5551 377 5613 una
403 5536 503 5620 parte
530 5530 778 5625 consistentes,
817 5529 898 5598 11919
932 5528 1051 5598 199999
1087 5549 1176 5614 unus
1211 5528 1393 5617 hospitalis
1420 5506 1472 5599 'de
1500 5505 1861 5623 Wyeliczlca;dc
1973 5519 1984 5530 ⁸

306 5652 431 5742 quibus
459 5650 616 5720 ominbus
641 5650 786 5719 solvitur
814 5650 946 5719 decima
975 5649 1201 5739 manipularis
1230 5651 1440 5744 monasterio
1460 5658 1504 5721 et
1522 5651 1693 5739 hospitali.
1714 5650 1861 5723 Sanctae

306 5773 444 5864 Crucis,
477 5780 516 5845 et
543 5793 604 5861 per
631 5771 822 5861 oppidanos
849 5771 986 5844 ducitur
1014 5772 1049 5842 in
1077 5771 1259 5860 19119919,
1296 5778 1334 5841 91·
1358 5772 1457 5843 valor
1483 5773 1558 5848 eius
1585 5773 1788 5844 aestimatur
1815 5773 1859 5842 ad

301 5895 424 5969 decem
452 5914 595 5967 marcas,
639 5894 726 5992 ltem
754 5892 920 5973 decimam
948 5893 1073 5981 canapi
1103 5893 1146 5962 de
1165 5892 1268 5963 dictis
1296 5893 1389 5982 agris
1410 5915 1485 5975 ,non
1505 5895 1652 5966 solvunt
1693 5893 1781 5971 ltem
1808 5901 1863 5965 est

303 6016 490 6105 ibilaneua
509 6035 597 6101 unus
624 6014 667 6084 ad
686 6013 857 6102 hospitale
885 6014 920 6082 in
941 6012 1225 6102 Wycliczka,
1252 6014 1295 6084 de
1314 6034 1381 6106 quo
1409 6014 1599 6084 decimatur
1626 6035 1689 6103 pro
1708 6014 1856 6086 ecclesia

282 6137 522 6227 ,ethospitali
548 6136 697 6226 Sanctae
724 6133 845 6207 Crucis
872 6135 908 6204 in
935 6133 1167 6220 Cracovia
1193 6142 1229 6204 91
1254 6135 1474 6226 praepositus
1502 6128 1684 6225 hospitalis
1711 6135 1859 6209 Sanctae

304 6255 425 6329 Crucis
452 6259 548 6330 ducit
573 6258 740 6331 decimam
766 6255 962 6337 huiuamodi
988 6257 1130 6345 proprio
1158 6275 1263 6329 curru
1290 6257 1324 6325 in
1353 6256 1513 6341 1191199111
1543 6261 1656 6329 suum?

408 6379 664 6481 Bonamicus,
691 6352 775 6451 villa
802 6376 866 6451 sub
892 6377 1059 6468 parochia
1084 6373 1251 6454 ecclesiae
1277 6377 1321 6449 de
1348 6375 1620 6469 Wyeliczka
1646 6379 1731 6467 sita,
1757 6379 1855 6457 cuius
