4217 8059
1735 1476 1811 1548 423

262 1687 404 1776 indidit,
432 1686 536 1757 situm
563 1686 597 1755 in
625 1671 745 1775 pratis
762 1691 798 1755 et
825 1684 972 1775 quadam
1000 1684 1089 1756 valle
1117 1684 1159 1754 ad
1188 1685 1314 1755 fluenta
1341 1684 1523 1754 lstulae
1559 1688 1812 1773 prospectante,

262 1829 349 1898 qnae
386 1786 601 1878 monasterio
631 1815 667 1878 et
695 1807 937 1878 amaenitatem
965 1812 1001 1877 et
1027 1807 1121 1896 ligna
1148 1806 1345 1877 necessaria
1372 1806 1415 1877 ad
1442 1806 1537 1876 locos
1564 1788 1813 1877 subministrat.

263 1930 408 2000 Tractus
432 1935 547 1998 autem
575 1935 629 2000 est
647 1928 770 1999 fluvius
796 1928 1010 2018 Dlubnya
1036 1929 1080 1998 de
1098 1927 1314 1999 haereditate
1334 1927 1619 2017 Bpencaicze
1646 1934 1812 2017 sumptus,

262 2060 297 2122 et
324 2051 510 2140 aggeribus
537 2039 724 2139 coartatus
752 2071 859 2139 usque
887 2049 931 2120 ad
958 2050 1205 2120 monasterium
1233 2071 1297 2140 pro
1324 2070 1392 2119 una
1419 2056 1518 2138 parte
1546 2047 1722 2138 deductus,
1749 2069 1813 2139 pro

263 2173 332 2244 alia
368 2195 451 2243 vero
493 2177 593 2262 parte
630 2171 665 2242 in
701 2171 868 2260 piscinam
909 2171 1082 2242 laboriose
1118 2177 1154 2242 et
1190 2170 1400 2243 industriose
1435 2171 1532 2242 iuxta
1567 2170 1813 2242 monasterinm
1874 2264 1877 2275 Β

262 2293 475 2380 fabricatam,
503 2297 626 2363 cavato
654 2297 769 2385 monte
797 2290 907 2362 arduo
935 2290 1127 2379 immissus,
1155 2291 1271 2381 plures
1306 2291 1409 2362 etiam
1447 2289 1534 2362 alias
1562 2291 1711 2381 piscinas
1737 2296 1814 2362 arte

265 2415 300 2483 in
328 2414 475 2484 circuitu
503 2413 705 2484 monasterii
733 2412 908 2501 conditas,
936 2412 1074 2500 rigans3
1106 2411 1338 2483 molendinum
1365 2410 1469 2482 etiam
1497 2412 1591 2483 intra
1618 2417 1716 2501 septa
1742 2433 1814 2483 nro·

263 2535 416 2624 nasterii,
444 2542 479 2605 et
506 2534 599 2606 aliud
628 2533 671 2604 ad
699 2533 902 2605 serrandum
922 2554 1059 2604 asseres
1078 2533 1272 2619 corrficiens,
1293 2533 1479 2624 pluresque
1500 2532 1587 2604 alias
1606 2533 1815 2603 monasterio

263 2657 431 2727 Clarae
458 2655 653 2727 Tumbae
682 2656 863 2727 conferens
900 2653 1169 2725 commoditates.
1205 2653 1340 2744 Sumpti
1370 2659 1486 2727 autem
1512 2660 1593 2725 sunt
1618 2635 1746 2725 iratres
1772 2653 1815 2725 de

264 2773 476 2848 monasterio
496 2777 658 2865 Luberrsi,
685 2783 720 2847 et
748 2776 793 2846 ad
821 2797 945 2846 novum
966 2774 1211 2846 monasterium
1231 2773 1398 2846 Clarae
1425 2772 1622 2847 Tumbae
1649 2795 1712 2867 per
1729 2775 1815 2847 lvo·

265 2921 356 2970 nem
385 2900 584 2990 episcopum
613 2897 876 2969 Cracoviensem
905 2896 1103 2968 introducti.
1131 2882 1280 2986 Fuitque
1308 2901 1423 2968 autem
1442 2896 1643 2968 monasterii
1661 2895 1817 2987 Mogila

265 3023 397 3111 primus
433 3021 540 3091 abbas
576 3025 676 3109 pater
712 3019 882 3089 Petrus
909 3019 952 3090 de
979 3018 1184 3107 Lubeos,
1213 3018 1271 3107 qui
1299 3018 1546 3089 monasterinm
1573 3017 1658 3089 illud
1685 3018 1816 3108 optima

265 3141 430 3231 religione
458 3141 630 3229 instituit3
657 3161 721 3211 nec
748 3140 965 3211 obscuriores
992 3139 1132 3210 inerunt
1159 3139 1213 3210 sui
1241 3159 1468 3227 successores,
1496 3159 1641 3242 qnorum
1664 3139 1816 3211 omniurn

265 3284 374 3353 usque
403 3262 446 3332 ad
474 3263 566 3333 bunc
594 3262 651 3353 qui
679 3282 769 3333 nunc
797 3270 935 3352 praeest
971 3250 1212 3333 subnectemus
1248 3261 1395 3333 uomina.
1432 3260 1599 3333 Omnibus
1626 3261 1716 3331 anim
1739 3261 1818 3332 aliis

264 3384 483 3455 monasteriis
497 3383 753 3454 Cracoviensis
781 3383 966 3471 dioecesis,
994 3389 1030 3454 et
1058 3389 1097 3453 nt
1124 3383 1240 3455 verius
1267 3383 1428 3472 eloquar,
1456 3382 1566 3453 totius
1594 3382 1692 3471 regni
1719 3381 1818 3454 Polo·
1871 3427 1872 3430 =

264 3506 516 3594 niae,su01·um
555 3511 691 3593 patrum
729 3504 827 3593 segni
854 3503 1027 3576 oblivione
1055 3503 1274 3575 abolentibus
1301 3503 1458 3588 nomina,
1486 3503 1521 3576 id
1548 3523 1651 3575 unum
1680 3507 1818 3579 caetera

197 3637 199 3641 ’
265 3648 307 3697 ea
333 3626 566 3717 prosperitate
594 3646 889 3715 suppergressum,
918 3647 959 3696 ea
986 3625 1021 3695 in
1049 3624 1138 3697 diem
1167 3627 1256 3696 hanc
1283 3604 1484 3697 concinavit.
1518 3670 1520 3674 .

368 3746 533 3835 Mocmn,
561 3745 643 3816 villa
671 3746 802 3817 habens
830 3746 1063 3836 parochialem
1090 3747 1125 3817 in
1153 3768 1199 3834 se,
1218 3746 1344 3842 Sancto
1363 3745 1629 3817 Bartholomaeo
1649 3745 1819 3836 Apostelo

264 3869 423 3955 dicatam,
451 3867 611 3957 ligneam,
639 3867 736 3938 iuxta
762 3867 901 3939 fluvium
928 3867 1143 3958 Dlubnya
1170 3868 1253 3957 sita,
1280 3867 1376 3938 cuius
1404 3867 1600 3957 proprietas
1627 3866 1671 3938 ad
1699 3887 1817 3961 mona·

266 3990 410 4061 sterium
439 3988 605 4059 Clarae
634 3988 829 4061 Tumbae
858 3990 1019 4078 pertinet.
1040 3990 1095 4078 ln
1124 4010 1191 4079 qua
1218 3994 1299 4084 sunt
1325 3987 1583 4079 quatuordecim
1611 3988 1702 4060 lanei
1730 4011 1820 4061 cme·

263 4110 432 4204 tbonales,
460 4115 496 4180 et
524 4109 670 4199 quilibet
684 4109 800 4185 *solvit
820 4164 960 4180 ......
987 4110 1070 4182 item
1099 4132 1174 4200 ova,
1201 4111 1282 4181 item
1309 4109 1437 4198 gallos,
1465 4112 1547 4181 item
1575 4132 1704 4182 caseos.
1731 4110 1818 4183 Item

143 4217 148 4222 ’
267 4230 429 4308 laborant
464 4230 550 4300 duos
583 4230 657 4300 dies
686 4231 720 4300 in
749 4231 959 4320 septimana,
987 4231 1128 4321 proprio
1156 4252 1260 4302 curru
1288 4237 1350 4301 aut
1376 4237 1504 4302 aratro.
1544 4232 1630 4302 Item
1659 4231 1820 4304 laborant
1937 4256 1940 4260 ⁴

259 4349 452 4445 poscebam.
481 4350 566 4420 Item
595 4374 732 4446 oaszyep
759 4374 827 4423 non
855 4353 1004 4424 solvunt.
1032 4353 1118 4423 Item
1146 4359 1200 4423 est
1228 4352 1277 4423 ibi
1305 4373 1373 4423 una
1391 4353 1538 4424 taberna
1556 4353 1687 4423 babens
1705 4373 1818 4444 agros,

263 4479 299 4544 et
327 4471 431 4543 solvit
458 4492 526 4542 uua
553 4471 587 4541 in
615 4478 727 4543 strata
753 4473 891 4570 publica
917 4479 994 4545 octo
1023 4495 1166 4563 marcas,
1193 4474 1305 4546 altera
1331 4495 1392 4545 sex
1412 4493 1557 4557 marcas.
1584 4473 1676 4545 item
1689 4474 1814 4547 noram

265 4593 388 4680 laniae,
416 4593 498 4663 item
526 4593 704 4683 praedium
733 4595 941 4684 coenobiale,
969 4594 1012 4666 de
1039 4595 1137 4667 cuius
1156 4595 1252 4684 agris
1267 4595 1520 4668 monasterium
1540 4595 1636 4666 tollit
1653 4594 1821 4667 decimam

266 4723 302 4785 et
329 4714 414 4784 nulli
441 4714 484 4784 de
511 4714 573 4785 illa
598 4714 795 4805 respondet.
822 4716 909 4788 Item
938 4716 1170 4788 molendinum
1201 4738 1303 4787 unum
1332 4716 1368 4788 in
1386 4715 1525 4787 flumine
1543 4715 1758 4807 Dlubnya
1784 4723 1821 4789 et

268 4836 394 4907 solvit.
414 4891 421 4905 .
441 4891 448 4905 .
467 4836 554 4907 ltem
582 4858 700 4907 omnes
727 4837 802 4927 agri
831 4838 933 4909 villae
961 4838 1101 4909 solvunt
1120 4846 1155 4910 et
1174 4838 1369 4910 conducunt
1386 4837 1552 4909 decimam
1572 4837 1820 4928 manipularem

268 4964 302 5028 et
329 4957 528 5047 canapalem
566 4978 629 5046 pro
658 4959 868 5030 monasterio
896 4958 1103 5050 Mogilensi,
1118 4965 1166 5041 ,et
1194 4959 1292 5031 valor
1318 4958 1395 5042 eius⁸
1419 4958 1623 5038 aestimatur
1650 4958 1693 5030 ad
1721 4959 1842 5066 quin-u

242 5078 377 5150 decim
415 5100 558 5150 marcas.
595 5078 734 5150 Donata
769 5081 979 5163 monasterio
1016 5101 1078 5171 per
1110 5081 1294 5152 lvonem
1312 5057 1520 5170 ¹episcopum
1547 5078 1820 5153 Cracoviensem.

269 5189 434 5270 Continet
455 5221 530 5271 cum
560 5199 806 5286 Plescbow‚
835 5200 1189 5292 Crzeslawicze,
1214 5202 1511 5294 Byenozicze.
1549 5257 1551 5261 ⁷

355 5320 554 5412 ,Dnnrnrm
591 5321 674 5392 villa
710 5323 775 5392 sub
811 5323 976 5412 parochia
1011 5323 1053 5394 de
1081 5323 1289 5415 Mogilya
1316 5323 1403 5412 sita,
1430 5323 1527 5396 cuius
1553 5323 1822 5414 proprietas'ad

270 5444 516 5513 monasterium
546 5442 712 5514 Clarae
750 5443 811 5514 Tu
826 5445 951 5515 mbae
977 5445 1149 5539 pertinet.
1185 5446 1223 5515 ln
1253 5466 1320 5537 qna
1348 5449 1430 5526 sunt
1456 5438 1547 5514 lanei
1577 5443 1820 5532 cmethonales,

269 5570 305 5633 et
332 5563 474 5653 quilibet
503 5564 606 5635 solvit
635 5617 715 5651 ...,
743 5565 827 5637 item
855 5587 938 5655 ova,
967 5566 1049 5638 item
1075 5567 1196 5657 gallos,
1224 5566 1306 5638 item
1335 5586 1475 5654 cascesa
1501 5565 1585 5636 item
1613 5565 1712 5636 labor
1739 5564 1821 5635 item

263 5682 430 5779 pomula,
458 5686 540 5756 item
577 5708 732 5781 oaszyep,
759 5688 841 5758 item
878 5688 1042 5777 taberna,
1071 5689 1152 5760 item
1180 5686 1377 5776 hortulani,
1404 5687 1485 5758 item
1513 5685 1712 5776 praedium,
1738 5685 1823 5756 item

270 5805 512 5877 molendinum.
541 5807 625 5878 ltem
655 5820 772 5879 ornnes
799 5808 875 5896 agri
902 5808 1005 5880 villae
1032 5809 1171 5881 solvunt
1198 5816 1233 5880 et
1260 5793 1453 5881 conducunt
1483 5808 1647 5879 decimam
1668 5806 1824 5896 manipu-

270 5926 377 5996 larem
406 5936 442 5996 et
469 5928 667 6017 canapalem
696 5950 759 6019 pro
787 5930 998 6001 monasterio
1026 5930 1229 6020 Mogilensi,
1258 5939 1302 6002 et·
1319 5930 1418 6001 valor
1445 5929 1520 6001 eius
1548 5928 1751 6001 aestimatur
1778 5927 1823 5998 ad
1866 5914 1871 5919 ’

272 6048 450 6119 duodecim
480 6071 623 6120 marcas.
651 6049 803 6122 Vendita
821 6072 883 6140 per
911 6051 1153 6140 Nicolaum
1180 6053 1340 6122 abbatem
1369 6036 1818 6141 consulatuiCracorliensi,
1931 6062 1935 6069 “

271 6175 307 6238 et
333 6191 397 6258 pro
433 6169 502 6240 illis
538 6171 694 6259 pecuniis
729 6173 976 6244 monasterium
1013 6172 1205 6263 Mogilense
1232 6174 1316 6279 emit
1344 6172 1460 6243 villam
1488 6171 1623 6260 Lang.
1664 6168 1824 6241 Continet

273 6313 350 6361 curn
378 6291 568 6381 Mogila,
591 6290 819 6385 Czirziny,
845 6293 981 6385 Lang,
1009 6292 1304 6365 Clambinow.
1857 6384 1863 6393 .

376 6413 591 6506 Czuazrsr,
618 6413 701 6491 villa
728 6417 792 6488 sub
823 6416 1000 6509 parocbia·
1014 6416 1059 6491 de
1085 6414 1294 6511 Mo-gilya
1320 6414 1530 6507 sita,cnius
1556 6406 1752 6508 proprietas
1778 6413 1823 6487 ad

537 6800 581 6847 r*
652 6732 749 6827 θ’.
