4217 8059
292 1433 365 1536 aia

291 1691 462 1760 provere
499 1612 724 1745 videliii‘i'ec
747 1672 881 1765 hyeme.
925 1672 1013 1745 Item
1039 1640 1348 1785 rationi'ssoeazyep,
1388 1672 1535 1765 quilibet
1572 1670 1618 1751 de
1642 1672 1747 1745 laneo
1770 1673 1839 1745 sol-

290 1792 342 1862 vit
367 1792 455 1864 duos
488 1792 634 1865 choros·¹
648 1792 776 1882 tritici,
812 1814 872 1864 sex
908 1796 1058 1897 anapae,
1081 1788 1246 1899 ipuifflror
1280 1792 1817 1887 siliginis.·1tsn÷=unataoem
1852 1854 1856 1863 .

290 1912 421 1984 babens
447 1934 560 2004 agros,
587 1934 675 2004 quae
702 1914 806 1986 solvit
831 1935 895 2006 pro
923 1892 1201 1988 censmmeuiam
1227 1936 1387 1989 marcam.
1419 1915 1507 1987 Item
1526 1914 1907 2233 ‘donamina

290 2034 492 2105 solvit-tres
517 2055 667 2124 grossos.
694 2036 782 2109 ltem
808 2035 986 2125 praedium
1013 2037 1129 2110 estin
1156 2037 1276 2108 eadem
1305 2037 1396 2126 villa,
1423 2037 1467 2109 de
1484 2037 1581 2108 cuius
1599 2037 1693 2127 agris
1708 2024 1803 2141 pne]
1876 2052 1883 2057 '

289 2155 432 2225 sterium
460 2153 738 2227 Wancboczense
765 2156 858 2227 tollit
884 2177 948 2247 pro
966 2177 1004 2229 se
1022 2156 1201 2230 decimam.
1229 2158 1316 2229 Item
1345 2157 1588 2230 molendinum.
1614 2146 1743 2259 Itemii

288 2275 364 2365 agri
400 2275 506 2347 villae
541 2274 681 2348 solvunt
716 2277 882 2348 decimam
919 2278 1168 2368 manipularem
1196 2285 1232 2349 et
1258 2279 1456 2368 canapalem
1492 2278 1704 2350 monasterio
1730 2256 1870 2350 wis-³?

289 2396 480 2485 cboczensi,
507 2403 544 2468 et
570 2392 667 2469 ¹valan
694 2397 768 2469 eius
795 2398 1001 2469 aestimatur
1028 2399 1072 2470 ad
1091 2453 1287 2470 ........
1331 2398 1490 2470 Confluat
1517 2419 1593 2469 cum
1621 2397 1838 2491 Polynni,

284 2515 552 2608 „Pakoslaw,
578 2516 869 2610 Wyrzbicza,
895 2517 1181 2592 Pomorzani.

393 2637 635 2726 Ponoaznnr,
663 2638 746 2711 villa
764 2638 829 2711 snb
846 2639 1013 2731 parocbia
1039 2639 1084 2711 de
1109 2636 1386 2732 W'yrzbicza
1410 2639 1489 2728 sita,
1517 2639 1614 2711 cuius
1641 2641 1780 2730 proprie

290 2757 334 2829 ad
361 2758 607 2831 monasterium
634 2757 913 2833 Wanchoczense
939 2762 1101 2853 pertinet
1145 2762 1184 2833 In
1213 2783 1281 2852 qua
1307 2768 1390 2833 sunt
1415 2760 1505 2832 lanei
1533 2761 1776 2861 cmethonales,
1792 2742 1823 2837 ‚⁸

291 2879 438 2970 quilibet
465 2879 569 2952 solvit
595 2876 659 2970 pr‘o
687 2901 792 2952 censu
819 2903 925 2953 unum
951 2878 1131 2971 fertonem,
1158 2883 1241 2954 item
1259 2904 1327 2954 ova
1348 2882 1482 2973 viginti,
1508 2882 1593 2953 item
1617 2882 1728 2972 gallos
1754 2902 1777 2975 q
1912 2932 1918 2961 :
1949 2874 1959 2883 ”

288 3006 378 3089 tuor,
404 3000 487 3072 item
515 3021 634 3075 caseos
660 3001 757 3074 duos.
802 3002 891 3073 ltem
918 3001 1054 3075 laborat
1082 3002 1229 3093 quilibet
1259 3024 1365 3077 unum
1393 3003 1484 3075 diem
1512 3004 1546 3073 in
1575 3002 1852 3097 septimana-de

288 3121 397 3210 laneo,
424 3121 567 3213 proprio
593 3143 696 3194 curru
714 3129 776 3201 aut
793 3128 921 3196 aratro.
947 3125 1035 3197 ltem
1057 3121 1249 3219 ponebam.
1267 3131 1449 3216 utramque
1476 3124 1647 3213 laborant,
1673 3144 1739 3215 pro
1755 3132 1839 3206 rere

289 3241 452 3314 videlicet
477 3249 514 3315 et
540 3244 671 3335 hyeme.
715 3243 803 3317 Item
831 3265 894 3334 pro
920 3267 1036 3339 osopep
1064 3245 1169 3318 solvit
1194 3245 1341 3336 quilibet
1367 3246 1454 3318 duos
1480 3247 1605 3317 choros
1631 3245 1751 3335 tritici,
1776 3250 1870 3333 sei„

288 3383 429 3452 avenae,
456 3370 607 3454 quatuor
633 3364 791 3456 siliginis.
817 3365 905 3436 ltem
926 3372 1007 3437 sunt
1025 3365 1115 3437 duae
1141 3366 1308 3438 tabernae
1335 3367 1502 3440 habentes
1521 3342 1642 3457 agros,
1669 3372 1706 3437 et
1731 3322 1921 3485 (ψαῦ’

202 3518 209 3534 =
288 3483 374 3556 libet
403 3484 509 3556 solvit
536 3483 682 3557 mediam
709 3506 871 3574 marcam3
897 3486 980 3557 item
1008 3487 1228 3559 hortulaniae
1254 3508 1322 3559 non
1351 3493 1440 3558 sunt.
1467 3487 1553 3558 item
1573 3486 1752 3579 praedium
1814 3506 1860 3579 n¹
1915 3524 1918 3531 ·

287 3610 342 3675 est
369 3605 584 3693 coenobiale,
612 3607 695 3678 item
722 3607 964 3680 molendinum.
1009 3607 1096 3680 ltem
1124 3590 1243 3679 omnes
1269 3607 1346 3698 agri
1372 3607 1476 3679 villae
1503 3608 1643 3680 solvunt
1670 3506 1843 3680 decimar-

287 3726 537 3818 manipularem
563 3732 601 3799 et
625 3728 825 3820 canapalem
851 3750 915 3820 pro
942 3729 1154 3801 monasterio
1181 3728 1467 3818 Wancboczensi,
1493 3734 1530 3801 et
1556 3728 1654 3801 valor
1679 3728 1755 3803 eius
1780 3747 1840 3799 ae·

288 3846 451 3918 stimatur
476 3846 520 3918 ad
539 3903 653 3918 .....
681 3848 840 3921 Confinm
866 3872 942 3922 cum
970 3848 1224 3938 Pakoslaw,
1251 3848 1786 3945 Wyrzbicza,‘0sszyni.

392 3967 591 4059 Lacaena,
631 3969 715 4041 villa
747 3971 812 4043 sub
838 3972 1005 4061 parochia
1041 3970 1208 4042 ecclesiae
1234 3971 1278 4043 de
1306 3969 1581 4063 Wyrzbicaa
1615 3972 1702 4060 sita,
1741 3970 1841 4042 cuins

288 4089 484 4179 proprietas
520 4091 564 4162 ad
595 4093 842 4164 monasterium
870 4091 1150 4164 Wancboezense
1184 4092 1348 4182 pertinet.
1392 4093 1432 4164 ln
1468 4113 1538 4183 qua
1571 4096 1652 4165 sunt
1688 4097 1841 4182 quatuor

290 4208 381 4281 lanei
408 4211 661 4301 cmetbonales,
697 4192 906 4303 etquilibet
933 4214 1037 4286 solvit
1073 4233 1138 4304 pro
1165 4234 1270 4284 censu
1305 4233 1409 4284 unum
1437 4213 1626 4300 fertonem,
1661 4213 1745 4286 item
1771 4231 1842 4284 ova
1947 4228 1951 4233 ·

288 4330 422 4421 viginti,
448 4331 532 4404 item
559 4333 671 4423 gallos
698 4340 856 4423 quatuor,
883 4333 964 4405 item
984 4354 1105 4407 caseos
1132 4335 1228 4405 duos.
1254 4334 1343 4405 ltem
1361 4332 1497 4405 laborat
1513 4333 1660 4425 quilibet
1677 4333 1720 4405 de
1737 4331 1841 4428 laneo

286 4472 392 4531 unum
419 4453 510 4523 diem
538 4454 572 4524 in
601 4454 804 4543 septimana,
831 4456 974 4544 proprio
1001 4476 1107 4527 curru
1133 4462 1194 4526 aut
1220 4462 1349 4527 aratro.
1390 4455 1475 4525 Item
1496 4453 1681 4548 powobnm
1706 4460 1844 4525 utram·

288 4592 355 4663 que
381 4573 552 4663 laborant,
579 4595 643 4663 pro
669 4595 751 4645 vere
777 4574 939 4647 videlicet
965 4583 1001 4646 et
1027 4577 1158 4665 hyeme.
1190 4575 1279 4646 Item
1306 4596 1370 4665 pro
1398 4597 1535 4670 osszpep
1561 4575 1674 4646 solvit
1692 4574 1843 4665 quilibet

286 4693 374 4767 duos
400 4715 501 4766 corus
527 4695 646 4783 tritici,
672 4714 734 4765 sex
765 4715 905 4785 avenae,
933 4701 1082 4786 quatuor
1108 4697 1267 4786 siliginis.
1308 4697 1394 4767 ltem
1421 4702 1477 4766 est
1502 4717 1572 4766 nne
1603 4695 1749 4767 taberna
1774 4695 1841 4767 ba-

110 4812 211 4917 ''st-'s
285 4812 371 4916 beps
409 4837 532 4906 agros,
558 4823 595 4888 et
622 4815 728 4886 solvit
761 4836 864 4887 unam
900 4838 1051 4895 marcam
1086 4837 1151 4907 pro
1178 4837 1293 4907 censu.
1336 4817 1422 4887 ltem
1450 4816 1649 4887 hortulanis
1683 4815 1731 4887 ibi
1759 4834 1841 4903 una,

167 4920 169 4925 ¹
286 4937 392 5010 solvit
418 4944 493 5009 tres
518 4958 669 5027 grossos.
713 4920 800 5009 item
827 4937 1007 5028 praedium
1036 4936 1235 5009 coenobiale
1276 4958 1345 5008 non
1372 4942 1444 5024 est;
1483 4937 1567 5009 item
1595 4934 1840 5008 molendinum.
1894 4988 1900 4995 -

284 5057 373 5129 Item
394 5046 520 5131 'omnes
547 5058 623 5149 agri
650 5058 753 5131 villae
779 5058 919 5131 solvunt
945 5058 1112 5131 decimam
1137 5057 1385 5147 manipularem
1404 5064 1442 5127 et
1459 5058 1657 5146 canapalem
1684 5078 1748 5146 pro
1766 5076 1841 5127 mn·

287 5179 441 5251 nasterio
468 5177 759 5270 Wancboczensi,
795 5185 832 5251 et
868 5180 966 5253 valor
1000 5179 1077 5251 dns
1112 5178 1156 5250 ad
1192 5184 1342 5268 quatuor
1377 5198 1521 5250 marcas.
1566 5176 1727 5249 Continet
1760 5197 1840 5248 cnm

284 5298 579 5390 Pomorzani,
606 5300 898 5392 Wyrzbicza,
925 5299 1187 5390 Pakoslaw,
1213 5298 1431 5390 Polyani,
1456 5298 1668 5389 Ossziny.
1813 5344 1817 5349 -

388 5398 697 5513 Monnznwrczn,
724 5423 807 5494 villa
833 5423 898 5494 sub
924 5421 1089 5512 parocbia
1116 5419 1159 5492 de
1186 5420 1497 5493 Skerzeazow.
1516 5420 1604 5508 sita,
1630 5420 1730 5490 cuius
1756 5438 1840 5507 prn-
1954 5469 1957 5473 -

285 5546 416 5633 prietas
442 5543 487 5615 ad
514 5543 761 5617 monasterium
788 5542 1068 5615 Wancboczense
1096 5542 1255 5631 per-tinet.
1283 5542 1323 5614 In
1350 5562 1419 5633 qua
1437 5548 1519 5645 sunt
1548 5539 1728 5645 duodecim
1746 5536 1841 5611 lanei

284 5665 527 5756 cmetbonales,
554 5674 591 5737 et
616 5665 763 5756 quilibet
789 5664 894 5737 solvit
920 5684 984 5755 pro
1011 5684 1116 5734 censu
1142 5684 1248 5743 unum
1274 5663 1459 5752 fertonem,
1500 5663 1584 5734 item
1611 5682 1677 5733 ova
1704 5660 1841 5750 viginti,

285 5787 366 5857 item
393 5787 504 5878 gallos
532 5793 691 5878 quatuor,
719 5788 800 5859 item
829 5806 949 5857 caseos
975 5785 1073 5857 duos.
1099 5784 1187 5855 ltem
1214 5783 1352 5855 laborat
1371 5784 1518 5874 quilibet
1544 5783 1588 5855 de
1614 5782 1714 5854 laneo
1732 5801 1840 5867 unum

284 5906 375 5980 diem
402 5909 438 5979 in
466 5909 668 6000 septimana,
695 5908 836 5999 proprio
864 5927 967 5978 curru
986 5911 1047 5977 aut
1065 5911 1194 5977 aratro.
1219 5906 1307 5977 item
1333 5903 1514 6000 peccabam
1540 5909 1722 5994 utramque
1740 5902 1839 5973 labo-

283 6038 372 6120 rant,
400 6052 464 6121 pro
492 6050 573 6101 vere
600 6028 761 6101 videlicet
787 6037 824 6101 et
849 6049 913 6118 pro
941 6029 1073 6120 hyeme.
1113 6028 1203 6099 Item
1230 6047 1294 6116 pro
1321 6047 1459 6121 oaszyep
1494 6024 1641 6116 quilibet
1667 6022 1711 6096 de
1736 6023 1840 6095 leaeo

283 6151 388 6223 solvit
413 6151 502 6224 duos
528 6151 653 6229 choros
680 6150 799 6240 tritici,
827 6171 888 6221 sex
917 6170 1060 6238 avenae,
1087 6155 1236 6240 quatuor
1262 6146 1434 6236 siliginis3
1460 6147 1543 6219 item
1571 6146 1726 6233 taberna,
1756 6144 1842 6217 item

284 6272 480 6362 hortulani,
519 6272 601 6343 item
629 6271 808 6364 praedium
845 6271 1063 6360 coenobiale,
1098 6271 1182 6340 item
1214 6267 1459 6341 molendinum.
1503 6267 1591 6339 Item
1618 6286 1738 6339 omnes
1763 6266 1844 6356 agri

266 6393 391 6466 uillae
434 6394 574 6467 solvunt
608 6394 774 6469 decimam
803 6391 1052 6483 manipularem
1079 6396 1116 6462 et
1143 6390 1363 6482 canapulem,
1389 6396 1426 6463 et
1451 6389 1650 6463 conducunt
1674 6407 1750 6461 earu
1769 6406 1846 6507 xpro
