4217 8059
1765 1487 1840 1580 aaa

287 1686 434 1775 laborat,
462 1686 544 1757 item
573 1682 754 1776 praedium
772 1693 827 1758 est
854 1687 904 1776 ihi
921 1688 1133 1779 coenobiale,
1160 1688 1203 1760 de
1222 1690 1318 1761 cuius
1346 1690 1439 1780 agris
1467 1689 1633 1762 decimam
1661 1692 1746 1763 nnlli
1773 1658 1842 1767 sol·

286 1808 351 1896 vit,
380 1806 543 1878 sedeam
579 1828 644 1896 pro
671 1827 708 1877 se
734 1808 835 1878 tollit.
880 1809 965 1879 ltem
1003 1829 1121 1881 omnes
1158 1811 1233 1899 agri
1270 1811 1371 1882 villae
1408 1813 1547 1883 solvunt
1581 1817 1617 1883 et
1644 1811 1841 1887 conducunt

285 1927 451 2001 decimam
480 1928 729 2018 manipularem
758 1935 794 2000 et
812 1929 1011 2019 canapnlenr
1040 1951 1104 2020 pro
1123 1933 1336 2004 monasterio
1355 1931 1502 2004 Sanctae
1530 1933 1664 2023 Crucis,
1690 1940 1727 2004 et
1744 1935 1843 2006 valor

284 2049 359 2119 cius
399 2050 605 2120 aestimatur
644 2049 687 2119 ad
724 2057 856 2139 septem
898 2071 1041 2122 marcas.
1087 2051 1175 2123 Item
1213 2052 1354 2135 solvunt
1392 2049 1529 2148 oeazpep
1569 2074 1632 2143 pro
1669 2063 1841 2127 monaste-

287 2170 360 2256 rio,
388 2188 490 2240 unam
519 2169 667 2258 siliginis
700 2177 736 2241 et
762 2169 849 2241 duas
886 2190 1015 2242 avenae
1047 2193 1227 2243 mensuras
1259 2171 1441 2244 confertas.
1482 2164 1568 2245 Item
1601 2174 1762 2249 laborant
1779 2197 1844 2270 pe·
1870 2206 1895 2231 a·

284 2287 418 2361 nobam
445 2297 645 2381 utramque,
674 2297 745 2365 tam
765 2311 828 2380 pro
849 2312 928 2363 vere
948 2313 1050 2382 qnam
1070 2313 1134 2383 pro
1153 2293 1285 2385 hyeme.
1326 2292 1486 2365 &induat
1514 2314 1589 2366 cnm
1609 2294 1842 2385 Buechner,
1924 2380 1933 2393 π
1954 2326 1965 2349 ·
1994 2244 2020 2341 ¹

286 2410 511 2501 Byelyon,
539 2411 670 2502 Slnp,
696 2412 898 2503 Zirzyna
926 2398 1098 2504 Wolya

389 2532 566 2622 Basanon,
595 2533 678 2605 villa
705 2534 769 2605 snb
788 2534 953 2624 parochia
972 2534 1014 2605 de
1042 2534 1170 2607 Nova
1196 2533 1307 2625 Slnp
1334 2535 1422 2625 sita,
1449 2535 1546 2607 cuins
1573 2537 1770 2627 proprietas
1795 2537 1842 2613 ad

285 2654 530 2725 monasterinm
568 2653 715 2727 Sanctae
752 2653 872 2726 Crucis
908 2655 1070 2745 pertinet.
1110 2655 1149 2728 ln
1178 2677 1246 2746 qna
1282 2663 1363 2729 snnt
1390 2657 1541 2746 qninqne
1568 2657 1659 2727 lanei
1687 2657 1841 2729 emethe-

285 2774 399 2861 nales,
434 2783 470 2844 et
496 2775 642 2866 quilibet
678 2776 795 2847 solvit
815 2797 882 2866 -pro
909 2797 1015 2848 censu
1043 2777 1263 2849 'monasterio
1290 2799 1395 2849 nuum
1433 2777 1621 2867 fertonem,
1655 2778 1739 2849 item
1775 2792 1842 2859 ona
1912 2820 1915 2825 -

284 2897 447 2985 triginta,
475 2898 556 2975 item
583 2897 695 2988 gallos
722 2897 827 2987 dnos,
863 2899 947 2969 item
974 2918 1113 2987 caseos3
1148 2900 1233 2970 item
1269 2898 1416 2996 quilibet
1452 2899 1589 2979 laborat
1616 2900 1706 2971 diem
1733 2920 1839 2973 unum

285 3017 319 3087 iu
338 3019 545 3107 septimana,
572 3020 715 3108 proprio
742 3041 845 3091 curru
874 3025 935 3091 ant
961 3028 1101 3109 aratr03
1128 3021 1211 3091 item
1239 3022 1405 3093 tabernae
1432 3042 1500 3093 non
1529 3026 1621 3103 snnt,
1649 3022 1730 3092 item
1758 3021 1839 3091 hor-

285 3139 418 3211 tulanis
453 3161 523 3213 una
558 3141 689 3212 hahens
717 3162 839 3231 agros,
876 3141 957 3215 item
985 3141 1163 3231 praedium
1193 3163 1260 3213 non
1289 3148 1342 3213 est
1369 3142 1510 3233 aliquod
1537 3143 1572 3215 in
1601 3143 1683 3214 villa
1711 3143 1840 3215 eadem.

285 3260 371 3333 Item
399 3261 442 3332 de
470 3262 628 3333 omnibns
665 3264 759 3351 agris
786 3263 887 3334 sillae
916 3263 1064 3334 solvitur
1090 3271 1126 3334 et
1153 3263 1357 3336 conducitur
1393 3239 1526 3335 decima
1552 3256 1780 3354 manipularis
1805 3269 1842 3337 et

284 3382 477 3471 canapalis,
514 3404 576 3473 pro
604 3384 749 3454 ecclesia
784 3384 973 3473 parochiali
1001 3385 1036 3454 in
1074 3383 1605 3474 Sznyanthamarza„et
1631 3385 1730 3457 valor
1765 3385 1840 3467 eins

284 3504 489 3576 aestimatur
523 3504 568 3576 ad
595 3507 746 3594 quinque
782 3525 926 3577 marcas.
965 3506 1054 3577 item
1090 3506 1225 3577 ratione
1261 3528 1397 3600 oesapcp
1433 3506 1538 3577 solvit
1573 3506 1720 3596 quilibet
1755 3505 1842 3577 dnos

199 3609 201 3612 ⁵
284 3624 409 3695 choros
437 3625 586 3715 siliginis
614 3634 650 3698 et
667 3632 741 3696 tres
769 3647 900 3697 avenae
927 3626 1109 3701 confertos.
1150 3627 1237 3697 Item
1266 3632 1450 3717 utramque
1467 3624 1654 3723 ‚pomonam
1680 3605 1842 3716 laborant

283 3765 347 3835 pro
375 3767 457 3817 vere
494 3755 530 3816 et
556 3747 686 3836 hyeme.
728 3747 815 3820 Item
842 3747 969 3819 ibidem
997 3755 1148 3839 qnatnor
1174 3749 1329 3838 piscinae
1364 3749 1580 3837 succubuerit,
1616 3769 1686 3819 una
1712 3747 1842 3823 dicitsu

277 3866 567 3958 Nalansany,
593 3869 664 3940 alia
690 3867 944 3960 Crzesany,
971 3870 1079 3941 tertia
1106 3870 1437 3959 Forzstlronis,
1465 3876 1610 3960 quarta,
1638 3871 1761 3960 inqua
1785 3875 1842 3951 est

282 3989 538 4078 molendinum,
558 3989 649 4080 quod
677 3991 783 4061 solvit
809 3992 1020 4069 monasterio
1048 3998 1199 4081 quatuor
1227 4012 1362 4064 marcas
1389 3998 1425 4061 et
1452 3991 1551 4065 rnolit
1578 3992 1652 4062 sine
1679 4011 1842 4063 mensura

283 4110 590 4183 omniafrumenta
609 4113 818 4184 monasterii.
858 4110 1112 4185 Conlinatcnm
1138 4112 1389 4200 Jeszorkc,
1417 4113 1650 4201 anchow,
1677 4113 1841 4183 Basan-

283 4232 442 4320 ni'cze,
468 4232 587 4323 Slup.

198 4336 202 4343 ¹
387 4353 486 4427 Hanc
505 4355 622 4425 villam
641 4354 929 4431 Bartholomaeus
956 4354 1269 4444 Boschonslry
1297 4354 1423 4424 nobilis
1450 4354 1492 4424 de
1511 4354 1617 4425 armis
1645 4351 1838 4442 Byelanq

283 4495 357 4544 cnm
395 4483 488 4546 esset
525 4477 652 4574 orbus,
688 4475 875 4546 donatione
912 4481 1081 4564 perpetua
1115 4474 1260 4547 donavit
1295 4475 1506 4547 monasterio
1542 4473 1689 4546 Sanctae
1717 4470 1838 4573 Crucis

283 4594 413 4666 Calvi
441 4595 619 4667 Montis
648 4598 681 4669 in
710 4596 897 4669 remedium
927 4597 1062 4668 animae
1091 4616 1173 4668 snae
1201 4617 1291 4669 anno
1317 4596 1458 4667 Domini
1469 4574 1476 4695 Γ
1489 4599 1535 4669 14
1556 4646 1591 4663 ..

388 4717 648 4806 Munnczrcaa,
675 4717 758 4789 nilla
784 4718 849 4789 sub
867 4717 1032 4807 parochia
1059 4717 1103 4788 de
1120 4716 1248 4789 Nova
1274 4716 1383 4808 Slnp
1410 4718 1494 4803 sita,
1522 4714 1617 4785 cuins
1644 4711 1840 4802 proprietas

259 4839 325 4908 -ed
353 4840 601 4911 monasterinm
630 4838 777 4910 Sanctae
806 4817 938 4911 ⁸Crucis
965 4840 1127 4929 pertinet.
1167 4838 1207 4909 In
1234 4859 1302 4928 qua
1329 4842 1410 4909 sunt
1435 4857 1496 4908 sex
1522 4833 1613 4905 lanei
1640 4833 1838 4905 curethone·

283 4959 351 5047 les,
378 4967 415 5036 et
441 4961 588 5050 quilibet
616 4960 719 5032 solvit
743 4980 810 5050 pro
837 4980 943 5033 censu
969 4959 1139 5040 fertonem
1168 4953 1485 5051 supraponere
1511 4960 1661 5045 quatuor
1686 4974 1839 5046 grosm

282 5081 364 5152 item
391 5102 457 5153 ova
475 5083 631 5171 triginta,
659 5083 739 5151 item
758 5082 869 5171 gallos
897 5081 1003 5170 duos,
1029 5082 1113 5152 item
1141 5100 1276 5168 mneos,
1303 5078 1385 5148 itern
1405 5075 1550 5166 quilibet
1576 5075 1712 5148 laborat
1730 5096 1836 5151 unum

283 5203 372 5275 diem
401 5203 436 5273 in
464 5204 657 5292 septimana
675 5204 815 5293 proprio
843 5224 948 5274 curru
965 5206 1026 5274 aut
1044 5209 1178 5287 aratum
1204 5199 1285 5270 item
1303 5197 1489 5287 tabernae,
1517 5198 1600 5270 item
1618 5185 1837 5271 hortulaniae

283 5323 385 5410 duae,
413 5330 448 5395 et
475 5323 650 5414 quaelibet
678 5324 782 5415 solvit
809 5323 895 5394 dnos
921 5342 1062 5412 grossos
1089 5327 1125 5391 et
1150 5339 1256 5392 unum
1282 5318 1372 5388 diem
1402 5318 1437 5389 in
1456 5318 1650 5408 septimana
1677 5319 1838 5408 pedester

283 5444 438 5532 laborat3
475 5446 556 5515 itero
593 5445 771 5535 praedium
809 5465 876 5515 rron
913 5449 984 5530 est,
1021 5442 1102 5511 item
1137 5437 1315 5535 ponebam
1343 5445 1534 5528 ¹utramque
1560 5439 1714 5527 laborat,
1752 5440 1836 5519 item

282 5588 419 5661 osazpep
446 5566 569 5655 solvit,
605 5587 706 5638 unam
735 5566 882 5655 siliginis
917 5563 1002 5633 duas
1038 5581 1169 5634 avenae
1205 5578 1385 5633 mensuras
1419 5558 1603 5632 confertas.
1643 5559 1730 5630 ltem
1758 5560 1834 5649 agri

284 5686 386 5757 villae
413 5660 552 5759 solvunt
579 5696 616 5758 et
634 5687 829 5758 conducunt
855 5683 1021 5754 decimans
1044 5682 1298 5772 manipularem
1327 5689 1364 5753 et
1382 5681 1601 5772 campalem,
1629 5701 1692 5769 pro
1718 5700 1837 5752 mona-

281 5809 390 5879 sterio
417 5808 564 5879 Sanctae
583 5807 713 5897 Crucis,
740 5814 774 5875 et
793 5804 890 5877 valor
908 5805 983 5874 eius
1010 5804 1216 5876 aestimatur
1243 5803 1287 5875 ad
1306 5824 1368 5875 sex
1386 5822 1534 5895 marcas,
1571 5800 1730 5874 Continet
1756 5818 1834 5883 cnm

281 5927 534 6018 Jeszorko,
562 5926 870 6013 Baszowicze,
898 5924 1122 6027 Bes-chon.
1312 5929 1314 5932 ⁴

387 6051 654 6123 Lasnnarnon
683 6069 823 6136 nosrn,
860 6046 944 6118 nilla
958 6116 966 6127 ,
980 6046 1045 6116 suh
1081 6046 1248 6134 parochis
1273 6045 1441 6119 ecclesiae
1468 6044 1511 6116 de
1540 6092 1653 6115 .....
1671 6044 1759 6124 sita.
1795 6041 1835 6125 ln

282 6193 351 6263 qua
369 6183 450 6245 sunt
477 6225 590 6243 .....
601 6195 610 6258 ;
637 6171 718 6240 item
746 6175 827 6241 snut
845 6168 894 6239 ibi
922 6167 1009 6247 dune
1037 6167 1189 6256 optimae
1216 6167 1368 6256 piscinae
1395 6167 1432 6237 in
1449 6165 1588 6237 flumine
1615 6158 1836 6267 Kanagora,

282 6292 470 6365 foecundae
499 6293 535 6361 in
563 6291 734 6379 piscibus,
770 6296 807 6360 et
833 6290 868 6359 in
897 6309 965 6359 una
992 6308 1111 6359 earum
1138 6293 1194 6358 est
1219 6285 1351 6357 fabrica
1376 6284 1479 6374 ferri,
1517 6290 1552 6356 et
1588 6285 1692 6390 solvit
1718 6304 1836 6369 moue

384 6580 533 6622 nmmae
552 6579 599 6620 ιιι.
764 6592 766 6596 -
1451 6562 1453 6566 ’
1596 6552 1603 6564 '
1630 6555 1670 6604 ³⁰

1647 6692 1704 6745 cg}
