4217 8059
1716 1501 1790 1575 loa

126 1750 130 1755 -
242 1702 283 1774 Iu
310 1722 380 1793 qua
397 1722 441 1773 re
462 1707 606 1793 satrapa
630 1702 690 1775 ille
708 1703 917 1777 Benedictus
943 1704 966 1775 J
975 1724 1060 1777 axa
1086 1705 1233 1796 praelati
1259 1707 1461 1778 monasterii
1488 1707 1609 1779 unicus
1636 1714 1672 1779 et
1698 1709 1793 1799 prin·

244 1822 366 1914 cipalis
401 1823 582 1914 undamn,
618 1845 687 1896 non
722 1825 810 1896 bene
846 1824 930 1897 mibi
966 1818 1104 1898 videtur
1135 1827 1303 1918 provisus,
1340 1827 1402 1898 sed
1430 1829 1467 1899 in
1498 1829 1689 1902 intenti0ne
1720 1832 1794 1903 ani·
1879 1882 1882 1888 ·

243 1944 290 2015 mi
317 1945 389 2034 sui,
416 1944 446 2016 si
473 1965 593 2017 verum
619 1945 734 2037 eloqui
761 1946 924 2036 debeam,
959 1945 1159 2037 fraudatus,
1200 1947 1316 2019 fructu
1343 1954 1462 2019 tannen
1487 1951 1682 2023 devotionis
1709 1972 1793 2027 suae

88 2162 95 2173 ³
243 2065 337 2156 apud
363 2065 667 2139 clementissimum
694 2066 815 2159 Deum,
841 2069 899 2167 cui
925 2069 1041 2140 omnia
1066 2069 1248 2140 notissima
1266 2077 1302 2141 et
1321 2064 1520 2160 praesentia
1547 2079 1635 2160 sunt,
1663 2050 1832 2165 nequtss.

244 2205 348 2276 qaam
374 2186 559 2259 cariturus
1340 2210 1343 2217 ·
1723 2208 1725 2213 ·

346 2305 697 2397 anrzanowrczm
733 2307 816 2380 villa
841 2308 886 2380 ad
913 2309 1048 2381 alveum
1084 2309 1235 2381 flumInIs
1261 2310 1378 2382 Nida
1413 2312 1498 2402 sita,
1534 2313 1664 2384 habens
1692 2313 1726 2383 in
1755 2334 1792 2385 se
1838 2288 1840 2293 ¹

244 2427 504 2499 conventualem
532 2434 568 2500 et
593 2428 826 2519 parochialem
853 2430 1046 2519 ecclesiam,
1071 2451 1114 2502 ex
1140 2430 1220 2503 albo
1246 2431 1362 2522 lapide
1380 2439 1417 2503 et
1435 2433 1577 2523 quadro.
1603 2432 1709 2505 Cuius
1729 2435 1792 2505 ibi·
1880 2512 1887 2519 ,

244 2547 322 2619 dem
349 2546 447 2621 ferax
473 2554 571 2621 terra
594 2571 659 2641 per
685 2549 707 2622 J
718 2570 802 2622 axa
837 2551 980 2621 militem
1007 2550 1196 2641 fabricata,
1228 2551 1273 2622 ad
1300 2553 1548 2625 monasterium
1575 2553 1722 2624 fratrum
1750 2555 1793 2625 de

244 2666 638 2779 Orapaanowycze
665 2672 862 2763 pertinens,
890 2692 965 2744 cum
992 2674 1087 2744 omni
1113 2673 1208 2761 iure,
1245 2672 1395 2745 dominic
1422 2679 1458 2744 et
1484 2676 1709 2764 proprietate.
1753 2676 1791 2746 In
1818 2652 1820 2655 ’

245 2810 314 2881 qna
339 2798 422 2863 sunt
448 2792 572 2882 viginti
599 2788 732 2866 novem
749 2780 841 2866 lariei
868 2794 1111 2885 cmetbonales‚
1138 2800 1174 2865 ot
1201 2794 1346 2884 quilibet
1373 2796 1476 2866 solvit
1501 2817 1565 2885 pro
1592 2817 1695 2867 censu
1723 2802 1793 2867 tre-

245 2910 355 2985 decim
381 2932 523 3005 grossos
550 2915 688 2987 usuales
715 2936 778 3005 pro
806 2915 1027 2988 monasterio.
1053 2914 1142 2986 Item
1170 2922 1251 2987 sunt
1277 2916 1325 2989 ibi
1353 2917 1445 2987 ultra
1470 2917 1644 3006 praelatos
1670 2918 1794 3007 viginti
1825 2908 1829 2915 ’

244 3052 368 3107 norem
394 3035 513 3109 laneos
539 3036 781 3126 cmetbonales‚
807 3037 866 3108 alii
894 3037 1045 3128 quinque
1071 3037 1163 3108 lanei
1191 3039 1436 3128 cmetbonales‚
1463 3045 1499 3109 et
1523 3038 1668 3129 quilibet
1691 3039 1794 3110 solvit

243 3156 454 3231 monasterio
480 3178 545 3250 pro
571 3179 678 3231 censu
704 3178 823 3232 unum·
836 3156 1014 3230 fertonem.
1041 3159 1129 3229 Item
1157 3159 1318 3230 laborant
1343 3160 1485 3249 proprIo
1506 3180 1609 3231 curru
1637 3166 1697 3230 aut
1715 3180 1793 3231 ara-

244 3284 301 3351 tro
327 3298 431 3352 unum
460 3280 551 3353 diem
587 3280 732 3371 singulis
768 3280 989 3369 septimaniS,
1030 3280 1113 3352 item
1139 3300 1244 3351 unum
1271 3279 1362 3350 diem
1390 3280 1425 3349 ln
1454 3300 1544 3351 anno
1580 3279 1818 3370 falcastrant·

243 3399 392 3473 alterurn
417 3401 546 3474 robora
573 3401 617 3472 ad
643 3401 891 3474 monasterium
919 3401 1067 3491 ducunt,
1106 3400 1247 3472 tertium
1275 3400 1391 3473 limam
1419 3401 1566 3473 educere
1592 3401 1637 3473 ad
1664 3403 1793 3474 molen'·

244 3519 380 3610 dmum
407 3521 570 3595 videlicet
596 3522 687 3595 diem
714 3521 975 3614 septimanalem
1002 3526 1175 3594 tenentur.
1218 3522 1306 3594 Item
1339 3543 1405 3593 ova
1430 3522 1595 3613 triginta,
1623 3523 1666 3594 de
1692 3524 1793 3594 laneo

246 3640 396 3732 solvunt,
421 3643 507 3716 item
534 3662 671 3734 caseos,
698 3643 781 3716 item
808 3663 958 3735 capones
984 3643 1072 3716 duos
1099 3643 1245 3733 quilibet
1283 3642 1326 3714 de
1354 3633 1455 3715 laneo
1481 3644 1617 3715 solvere
1657 3650 1796 3716 tanetum

244 3755 439 3853 meatim,
474 3763 557 3837 item
577 3763 779 3859 pomam,
819 3764 903 3836 item
930 3785 1057 3859 oaayep.
1100 3764 1188 3836 Item
1215 3764 1362 3837 taberna
1397 3772 1450 3836 est
1486 3765 1536 3835 ibi
1563 3786 1632 3836 uua
1663 3766 1794 3837 habens

245 3905 358 3975 agros,
370 3982 373 3986 ι
385 3906 474 3976 quae
501 3886 606 3959 solvit
624 3886 834 3959 monasterio
861 3907 925 3978 pro
944 3906 1049 3957 censu
1069 3892 1142 3957 tres
1160 3884 1324 3974 fertones
1349 3886 1433 3957 item
1452 3886 1680 3959 hortulaniae.
1708 3887 1794 3959 Item

155 4075 165 4089 ,
246 4005 477 4078 molendinum
504 4008 623 4081 estin
650 4007 769 4079 eadem
797 4007 942 4081 villain
968 4007 1108 4079 flumIne
1135 4006 1270 4097 Nida,
1297 4012 1334 4079 et
1360 4006 1467 4079 solvit
1493 4029 1556 4098 pro
1583 4009 1795 4081 monasterio

245 4127 281 4198 in
307 4120 692 4218 Grzyzancwicze
718 4135 886 4201 metretas
913 4149 956 4200 ex
983 4127 1181 4200 molendino
1199 4128 1453 4218 provenIentes.
1479 4129 1567 4199 Item
1595 4129 1795 4201 cmetbones
1940 4186 1972 4215 .,

245 4268 365 4321 omnes
391 4249 505 4321 dictae
531 4250 651 4340 villae,
678 4250 761 4322 item
789 4270 907 4323 omnes
934 4251 1195 4338 tabernatores,
1221 4249 1306 4320 item
1334 4269 1453 4320 omnes
1480 4249 1700 4320 hortulaniae
1727 4249 1795 4321 sol-

245 4376 331 4442 vunt
356 4377 396 4442 et
419 4371 616 4443 conducunt
651 4372 816 4443 decimam
854 4371 1104 4462 manipularem
1140 4370 1291 4460 propriis
1327 4370 1503 4460 curribnS,
1538 4369 1694 4442 ducendo
1730 4393 1795 4461 pro

244 4493 458 4564 monaterio
490 4491 868 4595 Pyandaysclr'orien'si‚
887 4492 959 4563 cui
995 4491 1039 4563 de
1073 4508 1192 4562 mensa
1205 4566 1210 4577 ,
1225 4490 1414 4581 episcopali
1449 4510 1512 4580 per
1548 4490 1794 4581 Sbigneum

246 4613 456 4684 cardinalem
482 4619 519 4685 et
543 4614 743 4704 episcopum
768 4592 1035 4687 cracoviensem
1044 4608 1097 4685 ⁴de
1114 4620 1283 4687 consensu
1310 4610 1554 4702 capitularium
1571 4612 1711 4685 'donata
1738 4619 1795 4683 est

244 4739 282 4805 et
308 4734 406 4806 valor
442 4735 516 4807 eius
553 4735 755 4807 aestimatur
790 4734 834 4806 ad
861 4712 1110 4825 quadraginta,
1137 4732 1323 4824 aliqnando
1354 4733 1398 4805 ad
1426 4733 1694 4824 quinquaginta,
1732 4734 1795 4805 ali-

246 4855 385 4945 quando
411 4855 456 4927 ad
484 4856 665 4947 sexaginta
690 4877 835 4928 marcas.
862 4856 950 4928 Item
977 4842 1145 4927 decimam
1172 4856 1372 4946 canapalem
1399 4855 1599 4928 cmetbones
1625 4840 1661 4926 et
1678 4857 1795 4927 taber-

246 4981 386 5048 natores
413 4977 553 5048 solvunt
579 4999 643 5069 pro
671 4978 882 5050 monasterio
909 4977 1222 5068 Pyadziczordensi,
1249 4978 1395 5068 quilibet
1421 4977 1465 5048 de
1491 4977 1591 5048 laneo
1618 4998 1681 5067 per
1713 4986 1814 5068 qua·

245 5094 327 5170 tuor
353 5099 502 5189 ierugas.
529 5099 617 5171 Item
635 5106 690 5172 est
707 5099 743 5173 ln
769 5099 891 5171 eadem
918 5098 1003 5171 villa
1028 5098 1207 5188 praedium
1234 5098 1432 5170 coenobiale
1459 5099 1637 5189 optimum,
1665 5100 1796 5171 babens

247 5239 351 5310 agros
376 5221 513 5310 uberes,
538 5221 574 5290 iu
601 5225 675 5293 tres
701 5241 841 5311 campos
867 5220 1027 5309 divisum,
1052 5219 1097 5290 de
1123 5220 1220 5292 cuius
1246 5220 1340 5310 agris
1366 5221 1614 5292 monasterinm
1640 5240 1710 5291 non
1728 5220 1797 5293 sol·
1858 5206 1861 5215 ’
1943 5303 1949 5321 1,

250 5341 430 5415 vltalicni
458 5342 625 5414 decimam
650 5343 911 5445 manipularem,
938 5341 1000 5418 sed
1026 5358 1103 5412 mm
1130 5361 1194 5431 pro
1212 5360 1249 5412 se
1275 5341 1368 5412 tollit
1394 5347 1430 5413 ct
1452 5342 1491 5412 ln
1518 5342 1678 5413 horreum
1699 5332 1812 5413 snum

246 5461 387 5534 nauca
414 5463 502 5535 ram
521 5442 636 5539 nana
661 5460 932 5567 pmtapcna

223 5618 227 5625 ·
348 5583 614 5677 brnszurczA,
651 5560 1017 5685 uillambparocbia
1042 5583 1087 5655 de
1117 5580 1533 5674 (lrzyszanowicze
1569 5583 1658 5672 sita,
1698 5584 1795 5655 cuius

245 5706 443 5796 proprietas
469 5705 514 5778 ad
541 5702 798 5791 monastciium.
823 5704 860 5778 in
887 5703 1301 5799 Orzyszanouicze
1336 5705 1498 5795 pertinet
1542 5706 1583 5775 In
1609 5726 1678 5796 qna
1714 5712 1795 5776 sunt

245 5826 397 5918 quinque
424 5847 501 5900 cum
527 5826 641 5899 medio
668 5827 760 5900 lanei
786 5827 1039 5917 cmetbonales‚
1075 5833 1112 5898 et
1138 5824 1285 5916 quilibet
1312 5826 1417 5899 solvit
1452 5849 1516 5917 pro
1544 5848 1649 5898 censu
1676 5844 1795 5897 mona·

245 5947 353 6020 sterio
379 5948 527 6020 sedecim
554 5970 705 6039 grossos.
749 5948 827 6020 Non
853 5953 1018 6019 tenentur
1044 5952 1160 6020 autem
1186 5946 1231 6017 ad
1258 5946 1396 6020 labores
1423 5949 1574 6040 aliquos,
1611 5967 1722 6036 neque
1750 5945 1794 6016 ad

243 6067 381 6158 ἀπίω
418 6070 502 6141 item
528 6091 597 6142 non
623 6079 679 6142 est
706 6070 754 6143 ibi
779 6069 969 6160 praedium,
998 6090 1067 6140 non
1094 6074 1149 6140 est
1174 6069 1334 6158 taberna,
1362 6089 1429 6140 non
1458 6075 1539 6140 sunt
1565 6067 1794 6139 hortulaniae.

185 6234 191 6243 .
244 6189 332 6263 Item
358 6212 478 6263 omnes
504 6193 580 6283 agri
606 6192 710 6264 villae
737 6190 914 6283 praelatae
941 6190 1081 6262 solvunt
1098 6241 1213 6258 .....

348 6311 514 6404 Cannar,
540 6313 625 6385 villa
651 6315 715 6387 sub
741 6313 908 6405 parocbia
934 6312 976 6383 de
1002 6309 1258 6400 Ottvrynow
1284 6309 1367 6399 sita,
1404 6310 1501 6381 cuius
1528 6312 1723 6400 proprietas
1750 6312 1795 6384 ad
