4217 8059
1476 1332 1482 1339 .
1616 1342 1647 1393 ,ἢ

1442 1448 1481 1523 2³
1535 1424 1573 1491 5·
1589 1446 1601 1469 ’·
1745 1470 1818 1543 aaa

270 1678 306 1740 et
334 1668 480 1758 quilibet
506 1668 610 1740 solvit
637 1690 741 1741 unum
769 1670 938 1741 fertonem
966 1689 1029 1758 pro
1058 1690 1182 1759 censu,
1210 1671 1356 1761 triginta
1374 1682 1450 1763 ova,
1478 1673 1565 1746 duos
1591 1676 1710 1766 gallos,
1738 1699 1822 1769 qua·

269 1793 349 1860 tuor
376 1810 476 1861 coros
514 1811 663 1879 avenae,
700 1796 735 1860 et
761 1797 834 1861 tres
870 1789 1017 1880 siliginis
1054 1811 1236 1863 mensurae
1269 1792 1454 1864 confertae.
1499 1794 1587 1866 Item
1622 1798 1822 1871 emethunes

268 1910 428 1982 laborant
455 1911 626 1999 duplicem
646 1909 833 2004 promotum
858 1931 922 2000 pro
949 1932 1030 1982 vere
1058 1918 1095 1982 et
1121 1902 1253 2003 hyeme.
1281 1913 1368 1985 ltem
1395 1922 1449 1986 est
1477 1936 1545 1987 una
1572 1917 1718 1990 taberna
1744 1920 1822 1991 eoe'-

270 2032 436 2119 nobialis,
464 2032 595 2103 habens
623 2053 728 2103 unum
756 2033 892 2103 laneum
920 2052 1082 2121 agrorum
1110 2031 1154 2103 de
1181 2034 1276 2123 agris
1302 2033 1474 2123 antiquis,
1506 2056 1592 2125 quac
1620 2036 1725 2108 solvit
1750 2060 1853 2121 mo·,

269 2154 422 2225 nasterio
442 2175 506 2243 pro
524 2175 639 2224 censu.
659 2208 666 2222 .
686 2209 693 2223 .
713 2209 719 2221 .
748 2153 835 2224 ltem
853 2132 1012 2225 scoltetia
1030 2158 1086 2224 est
1102 2154 1139 2225 in
1157 2153 1278 2225 eadem
1306 2153 1397 2245 villu,
1424 2176 1513 2247 quae
1540 2157 1647 2229 habet
1673 2164 1823 2249 quatuor

268 2275 385 2346 laneos
413 2297 476 2365 pro
505 2296 567 2347 suo
595 2274 759 2365 praedio,
794 2276 877 2346 item
914 2274 999 2346 duas
1035 2275 1200 2346 tabernas
1237 2276 1405 2351 habentes
1441 2298 1552 2368 agros.
1568 2294 1579 2313 ‘
1593 2278 1680 2350 Item
1717 2302 1820 2353 unum

268 2396 501 2466 molendinum
528 2395 661 2469 habens
679 2418 809 2485 agros,
847 2395 929 2467 item
957 2400 1107 2486 quatuor
1133 2396 1350 2469 hortulanias
1385 2397 1554 2471 habentes
1581 2420 1694 2489 agros.
1734 2401 1821 2474 Item

267 2538 385 2588 ournes
419 2518 494 2606 agri
531 2517 605 2587 sive
640 2517 732 2588 lanei
772 2515 966 2607 quindecim
1010 2517 1046 2587 in
1082 2516 1191 2589 crudo
1224 2517 1341 2589 radice
1376 2518 1498 2609 locati,
1542 2520 1682 2593 solvunt
1718 2542 1820 2613 pecu-

267 2638 392 2710 nialem
428 2639 594 2710 decimam
636 2639 797 2729 episeopo
832 2637 1054 2711 Gracoviensi
1091 2659 1155 2729 per
1190 2638 1307 2711 decem
1342 2660 1493 2729 grossos.
1536 2641 1623 2714 Item
1655 2643 1822 2715 scultetus

265 2759 308 2829 de
336 2760 407 2830 suis
434 2765 584 2850 quatuor
609 2760 735 2850 laneis,
764 2780 850 2850 quos
877 2759 913 2830 in
940 2758 1048 2831 cruda
1075 2758 1201 2863 radice·
1218 2759 1426 2851 extirpavit,
1455 2762 1560 2835 solvit
1587 2762 1755 2836 ecclesiae
1780 2765 1816 2836 in

269 2880 427 2953 Borow
464 2880 632 2953 decimam
668 2880 933 2971 manipularem3
978 2879 1178 2971 canapulem
1216 2903 1285 2953 uon
1321 2882 1435 2953 solvit.
1480 2882 1654 2956 Scoltetus
1694 2884 1820 2957 Petrus

268 3002 382 3074 dictus
419 3002 667 3095 Trzyenslry,
707 3002 833 3075 nobilis
871 3003 914 3073 de
952 3002 1054 3075 domo
1092 3000 1337 3095 Nalyancz.
1376 3004 1462 3076 ltem
1489 3005 1565 3095 agri
1598 3006 1699 3078 unius
1730 3006 1821 3077 lanei

268 3124 421 3214 antiqui,
447 3145 548 3215 quem
576 3124 659 3196 colit
684 3124 831 3196 taberna
857 3123 1078 3196 coenobialis.
1105 3123 1193 3195 Item
1211 3125 1287 3214 agri
1306 3124 1452 3197 duarum
1479 3126 1712 3217 tabernarum,
1739 3127 1821 3198 item

269 3250 419 3335 quatuor
444 3245 732 3336 hortulaniarum,
760 3247 841 3318 item
869 3244 1058 3318 molendini
1085 3245 1129 3317 ad
1156 3246 1348 3319 scoltetium
1376 3247 1631 3337 pertinentium,
1659 3247 1820 3339 quoniam

269 3365 403 3456 antiqui
431 3370 529 3456 sunt,
556 3372 593 3438 et
620 3366 898 3457 progressionem
925 3367 1056 3439 habent
1083 3366 1128 3439 ab
1154 3365 1323 3456 antiquis,
1351 3366 1491 3439 solvunt
1517 3366 1696 3439 decimam·
1712 3368 1822 3451 mani-

269 3486 444 3578 pularem,
480 3494 516 3559 et
542 3509 604 3578 per
631 3492 780 3579 quatuor
805 3488 946 3578 ierugas
973 3486 1172 3578 canapalem
1208 3487 1436 3560 scholastriae
1471 3486 1761 3579 Saudomiriensi,
1787 3494 1824 3584 et

268 3614 431 3680 tenentur
458 3608 551 3680 illam
578 3609 706 3681 ducere
733 3609 885 3700 propriis
912 3609 1074 3681 curribus
1102 3610 1136 3681 in
1164 3609 1327 3683 horreum
1355 3608 1603 3713 ascholastico
1630 3608 1823 3701 locandum,

268 3737 304 3802 et
331 3725 430 3801 valor
455 3731 531 3802 eius
557 3733 763 3803 aestimatur
790 3731 835 3804 ad
863 3732 1014 3829 quinque
1047 3751 1191 3802 marcas.
1226 3729 1389 3805 Ooufinat
1415 3751 1491 3802 cum
1518 3731 1612 3802 villis
1638 3728 1823 3805 Gourai-

268 3852 432 3943 radon,
460 3852 698 3944 Sczeczin,
725 3854 895 3944 Boron,
922 3852 1090 3925 Koszin
1116 3858 1153 3943 et
1179 3851 1346 3943 Opolra.
1382 3850 1593 3943 Notandum,
1620 3851 1713 3944 quod
1739 3852 1823 3925 uilla
1970 3852 1981 3879 ⁴

270 3974 426 4069 praelata
452 3974 486 4046 in
514 3972 717 4047 fundatione
753 3976 955 4049 monasterii
991 3975 1291 4063 Zaviebostensis,
1327 3973 1393 4045 fuit
1419 3994 1496 4045 cum
1524 3973 1604 4045 aliis
1627 3974 1750 4063 -villis,
1770 3972 1821 4075 'in
1965 4028 1968 4033 .

268 4093 450 4186 privilegio
477 4095 690 4179 fundationis
708 4118 751 4167 ex
770 4096 908 4168 nomine
925 4094 1120 4184 descriptis,
1147 4094 1359 4165 monasterio
1385 4092 1656 4166 Zawichosteusi
1683 4092 1823 4182 donata,
1955 4102 1963 4113 ‘
2001 4136 2012 4189 ·.

270 4222 306 4286 et
334 4238 400 4288 non
429 4216 667 4287 Mnisszeh
696 4215 755 4286 sed
784 4214 1047 4306 Thue'zyna,
1074 4219 1217 4304 propter
1243 4214 1402 4303 fluvium,
1431 4214 1489 4303 qui
1517 4214 1615 4284 iuxta
1640 4213 1734 4285 illam
1762 4215 1822 4285 de-

269 4339 397 4426 currit,
434 4337 643 4425 vocabatnr;
681 4344 805 4427 enpust
832 4357 933 4426 vero,
968 4356 1044 4407 cum
1072 4341 1217 4425 propter
1251 4334 1492 4405 infestationes
1528 4333 1673 4405 hostiles
1699 4333 1822 4405 fuisset

268 4460 408 4548 penitus
426 4457 612 4548 desertata,
639 4459 728 4529 etin
749 4458 969 4529 solitudinem
994 4456 1146 4544 redacta,
1173 4456 1282 4545 priori
1310 4455 1446 4526 nomine
1474 4456 1671 4544 obliterato,
1698 4454 1821 4528 Mnis-

269 4581 364 4651 ezelr
392 4581 509 4652 vocari
537 4586 661 4670 coepta
688 4585 758 4668 est,
785 4601 837 4668 eo,
866 4578 956 4669 quod
983 4578 1033 4648 ibi
1052 4577 1278 4650 heremitorio
1295 4575 1445 4665 condito,
1472 4576 1691 4665 heremicola,
1717 4596 1818 4666 quem

269 4703 392 4793 vulgus
418 4698 584 4771 mulceret
611 4702 822 4789 nominabat,
850 4701 1061 4773 morabatur.

371 4822 509 4910 Sarrae,
536 4822 701 4911 oppidum
729 4821 860 4893 habens
886 4821 922 4891 in
950 4842 988 4891 se
1015 4821 1196 4891 ecclesiam
1222 4817 1471 4908 parochialem,
1488 4816 1612 4907 ,lapide
1640 4823 1820 4908 muratam,

269 4966 331 5035 per
358 4930 624 5015 Boleslaum
652 4942 871 5015 Pndicum
908 4942 1028 5013 ducem
1057 4940 1267 5012 monasterio
1303 4938 1419 5010 Sancti
1448 4937 1628 5010 Andreae,
1644 4938 1820 5029 donatum,

269 5064 470 5155 quoddam
499 5065 595 5136 vicus
623 5071 733 5155 esset,
762 5065 972 5136 Stanlrou
1005 5062 1205 5133 vocabatur.
1246 5061 1284 5130 ln
1313 5081 1381 5150 quo
1408 5064 1490 5131 sunt
1516 5059 1641 5150 viginti
1669 5064 1820 5151 quatuor

271 5186 362 5255 lanei
388 5185 526 5276 civiles,
562 5193 599 5257 et
626 5174 772 5277 quilibet
808 5186 912 5257 solvit
937 5205 1001 5274 pro
1029 5205 1133 5255 censu
1153 5235 1406 5252 .........
1447 5180 1535 5252 ltem
1562 5201 1627 5272 pro
1655 5202 1724 5252 una
1750 5202 1820 5253 me·
1940 5270 1953 5281 '¹
2006 5176 2019 5289 ²]

269 5305 399 5377 dietate
444 5308 519 5398 agri
567 5308 818 5398 oppidanorum
859 5305 999 5377 solvunt
1045 5304 1212 5377 decimam
1257 5302 1506 5393 manipularem
1547 5323 1612 5392 pro
1648 5308 1822 5381 monaste
1953 5292 2019 5407 22³

269 5408 322 5497 rib
366 5426 484 5500 Sancti
521 5427 699 5517 Andreae,
736 5432 772 5497 et
808 5426 906 5497 valor
941 5427 984 5497 ad
1021 5432 1101 5498 octo
1136 5446 1290 5513 mareas,
1326 5428 1363 5495 et
1393 5430 1473 5495 sunt
1500 5424 1549 5494 ibi
1575 5422 1693 5494 decem
1720 5422 1837 5495 lanei.¹
1941 5412 2005 5473 -'·‘''

268 5550 356 5620 Item
392 5556 473 5621 sunt
500 5550 547 5621 ibi
575 5551 725 5639 quatuor
755 5548 847 5620 lanei
882 5542 1148 5638 oppidanorum,
1185 5548 1243 5638 qui
1270 5546 1433 5617 dicuntur
1469 5540 1587 5638 wellny,
1624 5543 1820 5633 dequibus

269 5670 460 5741 decimatur
504 5669 668 5749 ecclesiae
713 5671 747 5741 in
784 5669 931 5740 Shala.
982 5669 1066 5740 Item
1112 5690 1230 5740 omnes
1274 5668 1368 5759 agri,
1413 5688 1477 5757 pro
1522 5686 1592 5737 una
1635 5664 1821 5773 medietate
1883 5746 1886 5751 ,

268 5789 447 5862 duodecim
485 5790 646 5865 videlieet
676 5791 767 5863 lanei
794 5789 1062 5882 oppidanorum,
1103 5789 1242 5861 solvunt
1268 5795 1305 5860 et
1331 5788 1529 5861 conducunt
1555 5787 1722 5860 decimam
1749 5806 1821 5859 ma·
1925 5866 1933 5875 ¹,

269 5911 460 6001 nipularem
498 5920 534 5985 et
565 5914 764 6004 canapalom
799 5934 863 6004 per
898 5916 1048 6003 quatuor
1083 5911 1222 6001 ierugas
1259 5931 1322 6000 pro
1348 5910 1551 6001 episcopatu
1587 5906 1820 5997 Oracoriensi,
1905 5897 1910 5907 “

267 6038 304 6103 et
331 6033 429 6106 valor
456 6035 530 6105 eius
556 6035 759 6106 aestimatur
786 6034 829 6105 ad
858 6040 937 6107 octo
963 6052 1108 6105 marcas.
1144 6032 1232 6105 Item
1259 6032 1350 6105 est
1341 6054 1375 6103 m
1403 6031 1523 6104 eodem
1539 6028 1679 6127 oppido
1705 6027 1820 6101 thelo-
1882 6060 1928 6121 ,g
1959 6022 1962 6029 ’

268 6175 391 6244 neum,
427 6155 523 6227 cuius
559 6156 754 6246 proprietas
786 6162 823 6227 et
849 6155 1026 6247 perceptio
1063 6153 1107 6225 ud
1135 6153 1417 6226 sanctimoniales
1451 6150 1496 6225 de
1522 6152 1650 6223 Sancto
1677 6126 1821 6223 hudr'ua
1883 6158 1888 6167 ’

268 6277 438 6367 pertinet,
475 6275 565 6365 quod
602 6275 695 6349 dicto
723 6278 890 6349 coenobio
922 6277 1088 6349 donatum
1123 6274 1190 6363 luit
1214 6294 1278 6366 per
1305 6272 1564 6347 Boleslaum
1601 6272 1819 6371 quipum

268 6397 407 6487 ducem,
443 6399 479 6468 in
516 6397 629 6470 tribus
665 6400 784 6473 stratis
821 6397 1078 6489 recipiendum,
1114 6395 1293 6513 videlicet,
1327 6396 1365 6521 in
1360 6394 1479 6533 ιιι,
1503 6416 1557 6539 qr
1598 6436 1615 6511 '.
1626 6380 1753 6493 rudit
1735 6406 1817 6489 per

1145 6512 1171 6561 ἦ
1274 6556 1278 6565 ¹
1537 6534 1541 6541 ·
1579 6562 1582 6567 Ι
1606 6512 1609 6519 ’
