4217 8059
1783 1230 1892 1299 s*

1742 1488 1816 1555 457

267 1693 384 1783 itaque
413 1690 547 1763 dnobus
575 1690 816 1763 molendinis
806 1712 841 1761 nr
868 1690 1007 1763 llumine
1035 1690 1185 1777 Visla,
1213 1690 1390 1781 quasillis
1412 1692 1573 1763 munifica
1599 1694 1818 1805 antiquorum
1893 1770 1900 1791 ,

244 1815 459 1955 &mucipunr
489 1813 629 1903 largitio
658 1812 872 1899 ‹·ont.t,ulera
908 1830 986 1903 pro
1000 1813 1145 1884 notabili
1182 1815 1403 1903 pecuniarum
1432 1836 1583 1901 summa,
1623 1838 1664 1887 ex
1693 1796 1819 1907 quibus

254 1916 510 2007 monasterium
544 1935 662 2006 Sancti
689 1932 810 2007 Jacobi
849 1935 971 2005 brasea
1000 1942 1035 2005 et
1061 1935 1235 2006 frumenta
1270 1936 1501 2025 percipiebat,
1527 1937 1612 2007 emit
1638 1959 1754 2010 aream
1784 1943 1818 2010 in

265 2057 407 2128 civitate
445 2056 736 2145 Sandomiriensi‚
772 2064 808 2127 et
836 2062 907 2127 tam
939 2077 980 2127 ex
1009 2058 1150 2148 proprio
1186 2078 1284 2145 aere,
1321 2079 1421 2147 quam
1459 2080 1499 2128 ex
1536 2058 1840 2151 eleemospnario,e

266 2180 446 2250 ecclesiam
478 2179 511 2248 in
540 2179 705 2249 honorem
735 2180 881 2249 Sanctae
908 2176 1043 2250 Mariae
1071 2178 1302 2269 blugdalenne
1329 2179 1372 2250 de
1398 2180 1508 2251 latere
1535 2187 1652 2269 cocto,
1680 2188 1715 2252 ot
1742 2204 1818 2255 coe-

247 2301 406 2397 ,nobium
435 2321 498 2390 pro
526 2298 693 2371 iratribus
722 2300 1020 2390 praedicatoribus
1047 2299 1246 2389 fabricavit3
1274 2302 1328 2371 vir
1355 2302 1542 2392 singularis
1552 2303 1819 2397 {providentiam

265 2425 323 2515 qui
351 2422 550 2495 necessitati
576 2423 789 2512 periculosae
818 2444 955 2512 semper
981 2422 1193 2513 impendenti
1220 2424 1319 2496 etin
1346 2418 1512 2513 praesens
1538 2428 1575 2495 et
1601 2424 1636 2495 in
1663 2426 1816 2498 futurum

263 2545 452 2637 prospexit.
480 2542 586 2617 Cuius
605 2544 742 2635 quidem
772 2545 972 2615 monasterii
1001 2544 1135 2635 aliquas
1163 2546 1398 2634 possessiones
1417 2550 1452 2616 et
1469 2550 1669 2636 proventus,
1695 2550 1817 2629 nunes

264 2673 379 2738 tamen
407 2665 651 2737 describemus

369 2787 594 2861 Hortulania
626 2808 722 2871 una,
764 2788 827 2858 sub
856 2788 1020 2876 parocbia
1047 2787 1211 2859 ecclesiae
1239 2788 1355 2858 Sancti
1386 2786 1483 2859 Pauli
1510 2789 1587 2879 sita,
1615 2808 1716 2879 quom
1736 2812 1817 2863 mo·
1877 2848 1882 2857 .

263 2909 415 2981 iresterio
452 2910 597 2980 Sanctae
634 2908 769 2979 blariae
805 2908 1035 2998 blagdalenae
1073 2908 1249 2980 Bartho
1286 2909 1430 2981 vitricus
1462 2908 1615 2989 eiusdem
1652 2908 1817 2981 eccloltlne
1871 2988 1883 3009 ι

263 3036 432 3125 perpetuo
459 3030 620 3117 donavit,
661 3030 703 3099 dc
732 3052 800 3120 qua
827 3030 969 3101 colonus
996 3030 1106 3120 ipsius
1133 3030 1218 3099 nibil
1248 3028 1447 3119 laborando,
1474 3030 1580 3101 solvit
1605 3034 1817 3104 monasterio

155 3150 158 3155 ’
264 3174 327 3242 pro
355 3172 468 3223 annuo
497 3172 599 3222 censu
629 3151 775 3222 mediam
804 3172 962 3222 marcam.

369 3270 551 3344 Secunda
581 3272 819 3355 hortulanis,
857 3272 1018 3343 adiacens
1045 3272 1271 3361 monasterio,
1297 3273 1361 3343 sub
1389 3272 1553 3361 parocbia.
1580 3272 1746 3344 ecclesiae
1773 3275 1816 3346 de
1902 3280 1908 3291 '

263 3395 390 3466 Sancto
419 3394 527 3464 Paullo
555 3394 640 3482 sita,
678 3416 778 3483 quam
817 3394 1030 3465 monasterio
1066 3394 1213 3464 Sanctae
1249 3392 1385 3465 blaciae
1421 3392 1650 3485 Magdalenae
1687 3395 1818 3485 legavit

264 3524 433 3607 perpetuo
462 3514 630 3605 Woyelr
673 3515 866 3605 oppidanus
893 3513 1201 3601 Sandomiriensis,
1238 3514 1335 3586 cuius
1361 3514 1503 3587 colonus
1530 3514 1616 3585 nihil
1644 3515 1816 3605 laborans,

264 3634 369 3708 solvit
395 3658 458 3728 pro
487 3636 697 3707 monasterio
726 3637 871 3707 mediam
902 3656 1063 3706 marcam.

367 3755 495 3830 Tertia
526 3756 755 3841 herminula,
784 3758 848 3827 snb
876 3756 1040 3846 parocbia
1067 3756 1233 3828 ecclesiae
1253 3758 1370 3828 Sancti
1392 3756 1491 3829 Pauli
1519 3758 1597 3846 sita,
1625 3779 1726 3849 quam
1745 3759 1815 3830 Jo-

261 3880 438 3950 bannes
467 3878 699 3950 Advocati
740 3876 962 3969 provincialis
990 3876 1271 3966 praedicatorum
1299 3876 1473 3969 Poloniae,
1502 3880 1642 3971 propria
1669 3880 1820 3971 peouma

120 4078 124 4085 ,
261 4023 324 4090 pro
352 4004 562 4073 monasterio
591 4002 725 4073 Mariae
754 3994 982 4091 Magdalenae
1010 4000 1236 4090 comparavit
1263 4002 1360 4071 cuins
1378 4000 1519 4074 colonus
1538 4002 1623 4074 nibil
1642 4002 1814 4090 laborans,
1866 3983 1871 3989 ¹

144 4120 153 4159 ·'
263 4122 367 4194 solvit
394 4145 456 4214 pro
484 4124 695 4193 monasterio
725 4122 871 4193 mediam
899 4142 1061 4192 marcam.

368 4242 517 4317 Domus
548 4242 678 4319 aoialis
720 4242 753 4312 in
783 4241 909 4331 oppido
938 4240 1226 4328 Sandomiriensi‚
1262 4242 1297 4310 in
1326 4240 1472 4330 circulo,
1508 4263 1616 4332 prope
1642 4243 1815 4334 lapideam
1931 4263 1944 4345 j,
1984 4314 1991 4321 .

262 4366 366 4437 etiam
395 4364 535 4435 acialem
564 4362 735 4434 ⁴lobannis
762 4362 805 4432 de
833 4360 1079 4449 Ozisszovv,
1108 4360 1187 4432 olim
1216 4361 1393 4433 castellani
1422 4361 1670 4452 cracoviensis,
1696 4370 1815 4455 empta

122 4544 124 4549 .
232 4508 324 4591 ¹pro
353 4487 564 4559 monasterio
601 4486 748 4557 Sanctae
786 4484 919 4555 Mariae
948 4482 1177 4573 blagdalenae
1212 4504 1277 4575 per
1301 4482 1325 4557 J
1336 4484 1555 4555 ohannem
1585 4483 1813 4558 Advocati

261 4608 505 4698 provincialem
535 4608 708 4696 Poloniae,
736 4630 800 4697 pro
830 4607 953 4695 viginti
981 4606 1130 4695 quinque
1158 4604 1293 4695 marcis,
1319 4606 1383 4695 sub
1410 4606 1575 4695 parochia
1602 4606 1813 4679 Sandomiri-

261 4731 334 4800 ensi
363 4731 448 4817 sita,
472 4714 511 4799 ¹'et
543 4728 712 4801 areudata
747 4729 853 4799 solvit
889 4748 952 4817 pro
989 4727 1201 4797 monasterio
1237 4726 1383 4797 Sanctae
1419 4726 1554 4798 Mariae
1583 4726 1812 4818 Magdalenae

260 4873 363 4925 uuam
392 4872 608 4942 sexagenum.

365 4972 568 5045 Macellum
597 4974 631 5042 in
661 4972 786 5061 oppido
815 4970 1102 5057 Sandomiriensi‚
1130 4970 1294 5041 donatum
1323 4970 1534 5042 monasterio
1562 4968 1708 5041 Sanctae
1734 4970 1811 5042 Ma·
1910 5040 1913 5045 ,

260 5096 331 5165 riae
359 5093 588 5185 Magdalenae
616 5114 679 5182 per
706 5092 873 5163 Annam
903 5091 1039 5163 viduam
1069 5092 1224 5163 relictam
1252 5091 1333 5161 olim
1353 5145 1520 5161 .......
1539 5146 1549 5181 ,
1576 5091 1618 5162 de
1646 5114 1713 5181 quo
1740 5092 1814 5188 sub
1878 5076 1881 5081 ⁸

261 5224 389 5288 vuntnr
416 5218 626 5288 monasterio
664 5216 820 5305 praelato
858 5222 930 5286 tres
966 5213 1099 5303 lapides
1126 5213 1200 5302 sepi
1229 5214 1315 5302 puri,
1343 5220 1378 5283 et
1405 5213 1519 5284 media
1545 5224 1662 5285 marca·
1687 5235 1810 5285 census

259 5338 374 5408 annui.

367 5457 602 5532 piscaturae.
632 5458 865 5529 Loszthlro
894 5456 1038 5547 Niger
1065 5455 1314 5544 GracoviensiS,
1341 5452 1631 5526 Sandomiriensis
1654 5461 1690 5525 et
1706 5454 1828 5551 Syro-⁴

259 5580 388 5651 diensis
415 5578 494 5667 dux,
523 5587 558 5650 et
584 5581 683 5669 regni
713 5578 876 5649 Poloniae
903 5578 1101 5667 monarcha,
1129 5578 1309 5649 caritatem
1330 5576 1522 5647 munificam
1551 5581 1714 5665 satagens
1740 5574 1809 5649 ira·

258 5702 372 5773 tribus
400 5701 707 5791 praedicatoribus,
735 5699 831 5770 dedit
859 5706 895 5769 et.
921 5699 1099 5789 inscripsit
1126 5706 1294 5788 perpetuo
1318 5716 1384 5787 pro
1412 5696 1579 5767 iratribus
1607 5698 1809 5769 monasterii

259 5824 374 5895 Sancti
401 5824 542 5912 iacobi,
570 5830 603 5894 et
632 5828 884 5911 cousequenter
910 5841 974 5910 pro
1002 5819 1171 5891 iratribus
1198 5820 1299 5890 etiam
1328 5818 1474 5890 Sanctae
1502 5818 1636 5891 Mariae
1660 5818 1809 5911 Magda-

213 6004 217 6015 .
257 5944 365 6035 leriae,
393 5948 449 6036 qui
479 5945 641 6016 videntur
668 5965 773 6016 unum
802 5942 1048 6017 monasterium
1085 5948 1122 6012 et
1148 5920 1258 6013 unum·
1280 5962 1405 6033 corpus
1433 5962 1518 6032 esse,
1546 5941 1743 6013 libertatem
1772 5944 1807 6013 in

258 6068 394 6139 flumine
422 6066 555 6139 Visla
591 6064 659 6137 duo
695 6064 859 6139 milliaria
895 6084 1050 6151 sursum,
1079 6068 1115 6134 et
1143 6061 1210 6134 duo
1247 6062 1410 6133 milliaria
1437 6060 1528 6134 inira
1555 6060 1750 6153 Visla‘m,
1787 6086 1808 6135 a

258 6186 398 6259 civitate
426 6188 697 6261 Sandomiriensi
733 6166 946 6277 inchoando,
981 6183 1136 6277 piscandi
1165 6204 1385 6275 quoscunque
1411 6185 1543 6275 pisces,
1580 6184 1624 6255 de
1651 6206 1719 6277 quo
1745 6187 1807 6257 ba-

258 6308 361 6381 betur·
387 6308 604 6400 privilegium
642 6307 794 6381 eiusdem
831 6306 1090 6381 Lestkonis
1126 6304 1246 6377 citicax
1274 6310 1311 6377 et
1336 6304 1477 6377 clarum.
1520 6306 1664 6379 Fratres
1690 6312 1806 6381 mmen

361 6604 407 6645 lab.
418 6602 513 6642 Benene.
523 6602 565 6643 Hi.
633 6654 638 6673 r
