4217 8059
1794 1527 1815 1596 3

268 1720 438 1794 Getone
466 1724 552 1794 alias
581 1721 815 1795 Gedeonis
842 1726 994 1815 episcopi
1013 1725 1259 1817 cracoviensis,
1287 1731 1531 1800 monasterium
1551 1734 1816 1804 resurrectionis

266 1842 384 1915 Sancti
412 1842 592 1933 Sepulchri
619 1845 801 1935 Dominici,
827 1847 1070 1917 canonicorum
1097 1848 1319 1938 regularium,
1347 1870 1436 1919 anno
1464 1853 1659 1924 nativitatis
1677 1855 1818 1925 Domini

200 1977 204 1986 '
279 1966 417 2036 lusu...
436 1965 567 2055 tundat,
586 1967 686 2056 eique
705 1967 741 2036 in
760 1967 875 2038 dotem
894 1974 965 2039 tres
983 1969 1085 2039 villas
1104 1971 1304 2059 patrimonii
1323 1972 1385 2060 sui,
1404 1973 1563 2044 videlicet
1582 1974 1821 2066 Myechow,

268 2107 343 2156 cum
371 2087 517 2159 ecclesia
538 2080 735 2177 'parochiali
762 2088 798 2158 in
826 2109 867 2158 ea
893 2090 1122 2179 consistente,
1150 2096 1187 2161 et
1213 2093 1440 2181 proventibus
1468 2094 1512 2164 ad
1539 2115 1615 2164 earn
1643 2097 1819 2185 pertinen-

268 2210 381 2297 tibus,
417 2209 501 2279 item
537 2207 820 2299 Zagorzicze
856 2214 892 2279 et
926 2209 1159 2282 Gomorow
1195 2217 1363 2302 perpetua
1408 2214 1592 2284 donatione
1629 2217 1820 2305 consignat,
1871 2287 1874 2295 ,

267 2324 413 2399 tradens·
438 2329 537 2400 villas
564 2328 740 2419 praefatas
767 2336 804 2400 et
830 2330 1009 2428 ecclesiam
1046 2332 1082 2401 in
1109 2331 1150 2401 M
1157 2334 1344 2423 yecbow
1378 2333 1480 2404 fratri
1507 2334 1680 2425 Martino,
1719 2358 1819 2426 quem

269 2471 311 2520 ex
338 2451 549 2522 monasterio
571 2449 889 2540 Hyerosolimitano
907 2451 1086 2523 Poloniam
1116 2474 1231 2524 secum
1260 2454 1461 2544 adduxerat,
1489 2461 1526 2526 et
1554 2477 1653 2546 quem
1682 2454 1821 2528 Gede·

268 2593 322 2641 on
349 2573 532 2662 episcopus
560 2568 800 2643 cracoviensis
837 2575 1047 2644 monasterio
1074 2573 1236 2664 fundato,
1272 2577 1419 2664 primum
1456 2578 1692 2666 praepositum
1721 2579 1821 2648 insti-

269 2699 396 2782 tuerat,
423 2693 482 2782 qui
500 2695 605 2765 etiam
623 2692 812 2764 Gedeon
839 2680 1022 2784 episcopus
1041 2696 1188 2784 amplius
1207 2698 1455 2768 incrementum
1475 2699 1585 2768 eidem
1610 2701 1820 2770 monasterio

269 2814 528 2903 Myechoviensi
556 2836 666 2886 novae
693 2814 905 2887 fundationis
933 2816 1148 2906 adiecturus,
1185 2817 1227 2887 de
1255 2839 1373 2889 mensa
1400 2821 1619 2909 episcopatus
1656 2823 1709 2890 sui
1737 2818 1822 2891 Cra-

269 2936 456 3025 coviensiS,
492 2936 675 3027 capitulari
711 2956 882 3007 consensu
917 2937 1121 3027 accedente,
1158 2945 1307 3029 quatuor
1334 2939 1484 3011 decimas
1511 2942 1758 3030 manipulares
1786 2943 1821 3011 in

219 3095 221 3097 .
271 3064 421 3146 quatuor
448 3058 559 3147 villis,
595 3058 765 3129 videlicet:
801 3059 836 3127 in
864 3057 1116 3148 Myecbovv,
1154 3059 1454 3150 Zagorzicze,
1490 3060 1751 3133 Gomoromo
1788 3070 1824 3132 et

270 3177 478 3250 Goczcha
504 3185 558 3250 est
584 3181 741 3270 largitus.
769 3180 1019 3251 Boleslaus
1047 3181 1188 3270 insuper
1215 3182 1375 3272 princeps
1403 3188 1438 3253 et
1455 3186 1642 3254 monarcha
1656 3184 1822 3254 Poloniae

271 3301 430 3390 pinguem
459 3306 495 3370 et
520 3302 716 3372 munificam
751 3302 828 3372 loco
855 3306 891 3371 et
918 3301 1076 3371 omnibus
1115 3301 1207 3371 villis
1240 3308 1276 3372 et
1302 3301 1576 3374 haereditatibus
1613 3304 1823 3374 monasterio
1890 3372 1895 3379 .

270 3421 406 3491 collatis
432 3426 468 3491 et
495 3422 729 3512 conferendis,
766 3423 810 3493 ab
838 3421 997 3492 omnibus
1024 3421 1177 3511 tributis,
1205 3422 1322 3511 daciis,
1352 3424 1504 3513 angariis
1532 3429 1567 3493 et
1594 3424 1824 3513 expeditioni·
1867 3402 1871 3411 ’

271 3543 336 3613 bus
363 3549 400 3612 et
427 3544 639 3632 quibuslibet
666 3544 847 3632 oneribus,
883 3543 1043 3614 censibus
1071 3549 1117 3613 et·
1133 3543 1363 3614 solutionibus
1391 3544 1595 3634 ordinariis,
1623 3545 1758 3634 plenam
1788 3550 1824 3615 et

272 3664 501 3762 omnimodam
529 3673 697 3755 perpetuo
726 3665 927 3735 duraturam
951 3665 1099 3735 contulit
1124 3665 1330 3737 libertatem.
1358 3665 1431 3735 Nec
1458 3686 1527 3736 una
1554 3667 1738 3736 donatione
1767 3666 1826 3735 de-

273 3786 438 3855 cimarum
467 3783 654 3856 Gedeon
690 3787 871 3875 episcopus
899 3784 1139 3857 cracoviensis
1167 3790 1366 3876 contentus,
1403 3786 1586 3856 secundam
1615 3787 1762 3875 adiecit,
1790 3794 1825 3856 et
1879 3786 1885 3792 ’

273 3907 308 3977 in
327 3906 419 3977 villis
438 3907 599 3996 quinque,
628 3907 797 3978 videlicet:
824 3906 1143 3997 Skarzeszovv,
1170 3907 1231 3977 ubi
1250 3927 1341 3977 nunc
1368 3906 1714 3996 oppidumeernitur,
1742 3908 1825 3976 itev'n

274 4029 308 4098 in
360 4027 676 4118 Modralanoz,
726 4027 1010 4116 Wirzbicza,
1057 4027 1484 4118 Szdmyecbovvicze
1529 4034 1565 4097 et
1610 4027 1826 4117 Krampa,

275 4149 425 4220 decimas
453 4150 685 4239 manipulares
711 4169 851 4220 mensae
869 4167 952 4220 suae
970 4149 1176 4240 episcopalis
1203 4149 1246 4220 de
1273 4169 1443 4220 consensu
1462 4149 1645 4239 capitulari
1674 4149 1826 4235 donavit3

274 4271 399 4340 verior·
412 4269 578 4341 fundator
596 4277 632 4340 et
649 4270 791 4341 dotatur
808 4271 1009 4340 monasterii
1028 4270 1318 4361 Myecbbviensis,
1347 4290 1446 4360 quam
1474 4269 1636 4357 Jalrsa,
1665 4270 1825 4359 quoniam

275 4393 407 4462 maiora
433 4392 544 4462 eidem
573 4391 766 4461 dinoscitur
791 4390 988 4478 contulisse,
1016 4390 1218 4461 censendus.
1246 4389 1477 4462 contulerunt
1504 4391 1624 4460 etalii
1652 4409 1826 4480 proceres,

277 4512 429 4601 comites,
455 4497 672 4583 barones‘et
692 4512 825 4583 nobiles
852 4510 1017 4582 Poloniae
1044 4511 1156 4581 eidem
1183 4512 1393 4581 monasterio
1421 4510 1681 4599 Myecboviensi
1709 4510 1826 4598 plnres

277 4634 386 4720 villas,
414 4634 659 4722 haereditates,
687 4653 820 4722 census
847 4639 1057 4722 proventus3
1085 4652 1171 4722 quos
1199 4651 1317 4702 omnes
1335 4632 1371 4701 in
1391 4631 1463 4700 suis
1490 4630 1574 4701 locis
1603 4651 1645 4700 ne
1664 4631 1826 4718 repetitio
1862 4698 1867 4708 ,

276 4754 471 4844 legentibus
497 4753 675 4826 fastidium
702 4755 839 4843 ingerat
865 4754 1117 4842 annotabimus,
1144 4753 1390 4841 sempiternam
1413 4752 1612 4822 memoriam
1632 4751 1827 4821 nominibus

276 4895 405 4965 eorum,
432 4878 644 4965 propietate
671 4875 806 4946 liberali
834 4895 897 4964 per
914 4874 1114 4964 praesentia
1140 4873 1278 4963 scripta,
1306 4878 1346 4943 ut
1373 4873 1501 4943 caeteri
1529 4892 1647 4942 eorum
1675 4871 1842 4941 animans

277 5003 334 5068 tur
360 4997 530 5086 exemplo,
557 4997 683 5067 daturi.
710 4995 777 5066 Sed
804 5001 840 5066 et
865 4996 1021 5084 germani
1047 4993 1176 5065 iratres
1204 4993 1432 5091 Boleslai,
1465 4992 1627 5063 videlicet
1654 4992 1829 5081 Mpecz-

278 5118 406 5189 slaus
442 5123 479 5188 et
513 5117 798 5205 Kazimirus,
834 5117 893 5206 qui
919 5117 1030 5187 eidem
1069 5117 1105 5185 in
1133 5115 1329 5206 principatu
1366 5119 1401 5185 et
1437 5113 1637 5184 monarchia
1672 5111 1828 5181 Polonici

277 5239 375 5329 regni
403 5244 653 5328 successerunt,
681 5238 883 5336 confirmata
898 5237 1018 5308 fratris
1046 5236 1254 5307 Boleslai
1281 5235 1456 5327 libertate,
1482 5256 1561 5305 suas
1581 5239 1617 5304 et
1635 5234 1703 5322 ipsi
1722 5233 1827 5304 liber-

277 5366 369 5430 tates
394 5361 607 5430 monasterio
633 5359 846 5430 adiecerunt·
869 5359 918 5430 Ut
945 5365 1060 5452 autem
1088 5357 1229 5428 donatio
1253 5355 1462 5428 monasterio
1489 5355 1646 5444 praelato
1665 5352 1829 5442 Myecbo-

278 5482 389 5552 viensi
416 5501 479 5571 per
507 5502 592 5570 quos
619 5481 809 5570 episcopos,
833 5481 1028 5570 principes,
1065 5497 1244 5569 proceres,
1264 5478 1420 5549 barones
1448 5485 1483 5546 et
1510 5476 1637 5546 milites
1664 5475 1829 5545 Poloniae

278 5601 370 5672 iacta
396 5602 452 5692 sit,
479 5602 583 5673 etiarn
602 5602 694 5691 apud
721 5609 879 5691 posteros
897 5602 1100 5690 innotescat,
1128 5599 1338 5689 singillatius
1367 5597 1529 5668 universa
1556 5597 1592 5666 in
1620 5598 1830 5686 subsequen-

279 5724 374 5793 tibus
401 5722 618 5793 sabiciemus.
1045 5741 1049 5748 ·

383 5843 636 5914 Monostem'um
664 5842 931 5934 Myeeboviense
968 5843 1065 5912 iuxta
1092 5841 1257 5930 oppidum
1289 5839 1519 5929 Myechovv
1556 5838 1659 5908 situm
1687 5841 1757 5923 est,
1796 5841 1844 5905 et·

281 5964 368 6035 adeo
394 5964 521 6054 oppido
549 5965 756 6054 contiguum,
784 5971 823 6033 nt
850 5985 891 6034 ex
910 5964 1002 6033 circo
1029 5963 1073 6032 ad
1101 5962 1345 6033 coemeterium
1373 5960 1419 6030 et
1437 5959 1560 6031 deinde
1588 5959 1631 6028 ad
1659 5962 1831 6029 monaste-

280 6087 370 6156 rium
398 6087 445 6156 sit
471 6086 692 6156 immediatus
719 6085 905 6174 ingressum
933 6105 1051 6154 omnes
1078 6082 1150 6154 fere
1170 6088 1288 6172 partes
1315 6082 1514 6152 monasterii
1529 6101 1585 6149 -en
1607 6097 1706 6148 muro
1733 6078 1832 6148 nobi-

280 6207 362 6278 liter
388 6207 578 6278 fabricatae
605 6212 696 6294 sunt,
725 6213 761 6276 et
787 6206 944 6275 officinae
963 6206 1119 6296 coenobii
1148 6205 1234 6274 satis
1263 6204 1425 6274 decenter
1456 6201 1653 6290 dispositae.
1680 6199 1833 6290 Praepo-

280 6330 369 6400 situs
396 6337 511 6399 autern
539 6336 575 6397 et
601 6327 731 6398 fratres
755 6329 956 6397 monasterii
984 6321 1020 6396 est
1048 6327 1152 6396 boras
1189 6324 1329 6413 explent
1365 6323 1547 6392 canonicas
1583 6329 1655 6393 tam
1690 6323 1833 6392 diurnas

280 6469 386 6543 quam
410 6456 600 6528 nocturnas
626 6468 751 6521 sonore
769 6455 806 6520 et
824 6449 860 6519 in
879 6453 1004 6538 cautu,
1019 6453 1055 6518 et
1081 6466 1199 6518 curam
1217 6446 1400 6516 universae
1426 6445 1611 6535 parochiae
1630 6444 1833 6534 animarum,
