4217 8059
198 2614 231 2732 f
276 2675 395 2755 Ordo
428 2694 504 2753 seu
538 2620 693 2776 colluto
733 2668 910 2749 matrum
954 2667 1033 2746 snb
1072 2665 1215 2770 regula
1251 2663 1365 2744 Beall
1398 2654 1616 2766 Augustini
1650 2660 1838 2766 milliara·-

317 2813 443 2910 tlnm,
478 2811 548 2912 qul
593 2831 640 2886 se
682 2806 841 2886 tratres
883 2805 936 2884 de
981 2804 1243 2883 Poonitoutia
1286 2800 1509 2881 beatorum
1553 2797 1789 2903 Martyrum

940 2928 1164 3046 appellant.

787 3152 1325 3291 tentoriarum.

380 3437 630 3508 Boleslaus
666 3435 871 3506 Pudicns
907 3431 1147 3529 &moriensis
1173 3437 1209 3503 et
1235 3430 1525 3507 Sandomiriensis
1550 3430 1640 3521 dux,
1666 3435 1703 3501 et
1730 3430 1830 3518 regni

277 3559 442 3631 Poloniae
470 3556 667 3646 monarcha,
693 3557 785 3626 inter
800 3555 962 3645 'plurima
989 3554 1131 3645 pietatis
1159 3559 1196 3623 et
1223 3550 1417 3623 dovotionis
1445 3571 1527 3622 suae
1554 3551 1589 3620 in
1608 3549 1719 3621 Derim
1738 3555 1777 3627 et
1792 3549 1829 3621 iu

276 3679 420 3750 Sanctos
455 3678 530 3749 eius
565 3698 689 3768 opera,
718 3676 782 3747 sub
818 3656 1096 3765 temporibffist
1122 3658 1243 3745 diebus
1271 3672 1448 3762 regiminis
1477 3672 1548 3761 sui,
1575 3669 1733 3742 ordinem
1757 3668 1829 3741 ira·

277 3807 388 3886 trum,
416 3799 474 3889 qni
502 3817 539 3866 se
571 3796 748 3886 appellant
782 3794 909 3866 fratres
937 3794 980 3866 de
1007 3793 1229 3865 Poenitentia
1255 3792 1443 3865 Beatorum
1471 3790 1685 3882 Martyrum,
1711 3788 1829 3863 album

276 3919 432 3989 habitum
468 3925 504 3987 et
531 3937 666 3986 crucem
702 3916 843 3986 rubeam
881 3916 916 3985 iu
943 3914 1115 3985 mantellis
1152 3914 1277 3985 clausis
1305 3912 1519 4000 deferentes,
1538 3933 1637 4011 *anno
1665 3890 1829 3983 videlicet

276 4036 414 4108 Domini
445 4036 543 4121 1200
562 4089 677 4105 .....
695 4036 730 4104 in
758 4055 901 4124 regnum
929 4033 1094 4105 Poloniae
1120 4034 1253 4124 primns
1281 4032 1496 4122 introduxit;
1524 4040 1629 4103 antea
1656 4030 1827 4121 siquidem

274 4156 398 4248 religio
425 4159 501 4247 ipsa
527 4155 618 4245 apud
645 4154 794 4226 Polouos
822 4156 941 4245 ignota
976 4161 1071 4244 erat,
1099 4156 1160 4226 sed
1187 4160 1271 4226 tnnc
1298 4156 1447 4245 primum
1475 4152 1615 4223 Polonis
1642 4159 1725 4224 nota
1751 4171 1829 4220 esse

275 4277 398 4368 coepit.
434 4276 473 4346 In
500 4276 641 4346 civitate
669 4281 783 4347 autem
820 4276 917 4365 regia
943 4274 1184 4365 cracoviensi,
1213 4273 1668 4366 praelatus'Boleslaus
1695 4271 1828 4343 Pudi·

276 4418 353 4468 cus
381 4396 451 4467 dux
478 4396 626 4467 contulit
652 4396 819 4467 iratribus
845 4396 958 4466 locum
985 4397 1020 4466 in
1048 4402 1147 4486 parte
1175 4393 1380 4493 occidentali
1406 4395 1567 4483 civitatis,
1595 4399 1631 4463 et
1657 4395 1691 4463 iu
1720 4393 1829 4463 hono-

277 4539 350 4588 rem
377 4516 479 4586 Beati
506 4515 619 4587 Marci
647 4515 912 4606 Evangelistae,
939 4537 980 4586 ex
1008 4516 1114 4587 coctis
1141 4517 1311 4588 lateribus
1343 4516 1521 4587 ecclesiam
1550 4515 1617 4585 illis
1644 4514 1829 4587 fabricavit

182 4695 185 4702 .
276 4646 312 4709 et
337 4635 587 4723 testudinarit,
615 4635 812 4708 habitacula
846 4636 951 4709 etiam
980 4659 1043 4727 pro
1072 4639 1182 4709 servis
1209 4637 1274 4707 Dei
1302 4639 1373 4708 suis
1401 4638 1595 4726 sumptibus
1623 4635 1828 4724 construxit,
1861 4706 1865 4713 .

275 4764 312 4830 et
346 4754 594 4829 dnodenarium
630 4736 787 4827 fratrum..
809 4776 1011 4848 nnmerum,
1048 4759 1106 4849 qni
1143 4759 1178 4828 in
1214 4756 1359 4829 ecclesia
1385 4757 1543 4849 praelata
1569 4755 1687 4829 Sancti
1714 4754 1829 4827 Marci

138 4868 169 4917 ·²
275 4876 424 4949 assiduis
459 4874 620 4965 precibus
653 4883 689 4945 et
724 4876 1040 4967 obsecrationibus,
1068 4885 1103 4949 et
1130 4899 1202 4949 rem
1231 4878 1383 4951 divinam
1411 4898 1494 4949 voce
1522 4899 1648 4949 sonora
1674 4882 1829 4969 agerent,

275 5004 310 5068 et
335 4997 440 5067 horas
467 4994 649 5065 canonicas
684 5001 873 5068 nocturnas
908 5005 944 5068 et
970 4997 1112 5069 diurnas
1139 4999 1235 5070 horis
1263 5000 1436 5070 consuetis
1463 4998 1650 5090 explerent.
1686 4996 1739 5068 Ob
1766 4996 1827 5069 de·

274 5117 400 5187 lectum
428 5121 542 5186 antem
570 5134 814 5203 personarum,
842 5113 1034 5190 doctrinam
1067 5125 1103 5190 et
1130 5121 1367 5192 maturitatem
1395 5121 1613 5209 habentium,
1640 5124 1677 5189 et
1703 5125 1826 5217 tenues

275 5235 417 5307 effectus
443 5235 631 5324 religionis,
657 5242 796 5305 tenuem
824 5256 960 5326 quoque
986 5238 1214 5315 iactivitatem
1241 5241 1276 5311 in
1296 5262 1333 5311 se
1352 5241 1563 5328 habentium,
1582 5240 1705 5329 religio
1725 5220 1825 5329 prae·

274 5355 345 5428 iata
380 5357 416 5427 iu
443 5375 550 5446 regno
585 5351 750 5425 Poloniae
785 5353 956 5428 funiculos
993 5360 1046 5428 sui
1080 5361 1241 5450 tentorii,
1269 5362 1367 5434 iuxta
1392 5367 1497 5452 atque
1525 5360 1613 5431 aliae
1640 5359 1826 5451 religiones

275 5477 559 5564 mendicantium,
595 5464 741 5546 dilatare
777 5477 940 5566 nequivit.
976 5476 1044 5547 Sed
1081 5480 1214 5552 duobus
1249 5488 1382 5553 tantum
1419 5480 1505 5552 locis
1542 5483 1575 5551 iu
1604 5479 1853 5552 Cracovieusi'

275 5597 443 5682 dioecesi,
475 5595 636 5668 videlicet
672 5598 705 5665 in
743 5595 968 5667 Gracovia
1005 5598 1049 5669 ad
1077 5597 1239 5671 Sanctum
1267 5601 1425 5675 Marcum
1461 5608 1496 5671 et
1523 5601 1557 5672 in
1587 5598 1858 5697 rrzczana,

134 5798 142 5809 ἱ
275 5724 446 5806 contenta,
474 5716 509 5786 in
536 5722 611 5788 toto
639 5736 746 5805 regno
773 5714 938 5788 Poloniae
965 5718 1112 5809 amplius
1140 5741 1177 5790 se
1205 5743 1272 5791 nou
1300 5723 1465 5815 extendit,
1492 5724 1585 5793 intra
1610 5744 1711 5793 uuam
1730 5721 1826 5793 dioe-

275 5839 379 5909 cesim
407 5837 645 5908 tantummodo
672 5834 935 5908 cracoviensem
964 5844 1146 5911 coarctata.
1174 5840 1400 5914 Prouincialis
1426 5864 1507 5913 vero
1526 5842 1660 5914 ordinis
1678 5826 1827 5933 praefati

273 5959 296 6030 J
307 5957 513 6029 ohannes
540 5957 679 6027 natione
706 5957 882 6047 bohemus,
909 5978 1016 6049 regno
1045 5961 1232 6033 Bohemiae
1258 5964 1505 6034 miserabiliter
1523 5972 1621 6052 peste
1639 5962 1826 6035 haereseos

274 6078 410 6166 iniecto,
438 6086 474 6149 et
500 6077 709 6148 monasterio
737 6079 790 6148 sui
818 6078 950 6149 ordinis
977 6081 1013 6151 in
1040 6080 1190 6172 Praga
1216 6082 1332 6155 diruto
1361 6084 1532 6174 expulsus,
1552 6082 1826 6155 Cracoriam
1968 6154 1970 6159 ,

275 6200 463 6270 adveniens
489 6205 525 6268 et
551 6199 586 6267 in
614 6200 825 6270 monasterio
853 6198 972 6271 Sancti
998 6201 1110 6273 Marci
1133 6204 1289 6293 praefato
1307 6207 1406 6275 annis
1425 6205 1582 6295 pluribus
1601 6205 1825 6279 residentiam

274 6318 402 6390 iaciens
429 6318 653 6408 personalem,
681 6328 717 6390 et
743 6319 920 6409 religionis
947 6323 1099 6412 rigorem
1125 6325 1269 6413 induxit,
1289 6329 1324 6395 et
1342 6326 1589 6398 monasterium
1607 6326 1824 6417 praedictum
