4217 8059
294 1479 369 1550 aso
450 1578 467 1599 ,Ι

292 1648 602 1757 sauctimnh'ialinm
629 1684 985 1759 Zawichosthensium
1011 1688 1047 1758 in
1075 1688 1149 1758 eius
1175 1686 1376 1759 fundatione
1394 1693 1430 1758 et
1446 1688 1675 1760 translatione
1702 1576 1846 1761 donnnn

291 1807 330 1878 ln
358 1828 427 1897 qna
454 1814 536 1877 sunt
562 1827 622 1878 sex
649 1807 741 1877 lanei
768 1807 1011 1896 cmetbouales,
1039 1814 1090 1879 et‘
1103 1809 1247 1899 quilibet
1274 1808 1379 1880 solvit
1398 1829 1461 1897 pro
1479 1830 1584 1881 censu
1610 1800 1728 1881 decem
1748 1816 1842 1882 scot·

177 1982 179 1987 .
290 1935 364 2015 tos,
391 1928 473 1999 item
501 1949 569 1999 non
597 1928 683 1999 dant
708 1949 793 2017 ova,
824 1928 934 2018 gallos
961 1951 1029 2001 non
1058 1931 1215 2017 solvunt,
1250 1952 1361 2020 neque
1388 1950 1518 2002 caseos.
1553 1931 1640 2002 item
1667 1951 1732 2021 pro
1759 1952 1842 2003 vere

291 2053 327 2118 et
352 2048 474 2138 limma
501 2055 604 2120 arant
630 2070 734 2138 agros
762 2050 992 2141 praedialss,;·
1014 2057 1152 2147 serunt,
1188 2055 1321 2121 metunt
1347 2057 1383 2121 et
1409 2052 1444 2121 in
1473 2052 1634 2123 borreum
1661 2052 1841 2124 inducunt.

290 2169 376 2240 ltem
405 2170 552 2241 taberna
575 2191 646 2242 una
672 2171 804 2257 habens
831 2152 1063 2269 agroffiq'uae
1089 2192 1191 2242 unam
1212 2172 1495 2244 marcam-soluit
1522 2194 1584 2262 pro
1612 2194 1726 2245 ceusu.
1752 2173 1840 2244 Item

290 2290 490 2381 bortuluuia
515 2312 602 2380 una,
638 2312 726 2381 quae
753 2312 905 2363 censum·
926 2268 1145 2380 nun-'soluit
1180 2293 1241 2363 sed
1270 2292 1361 2363 diem
1389 2294 1424 2364 in
1453 2294 1645 2383 septimana
1679 2294 1843 2384 pedester

290 2410 437 2499 laborat,
464 2412 596 2484 habens
624 2434 736 2503 agros.
764 2413 864 2484 Item·
880 2420 934 2484 est
961 2413 1141 2502 praedium
1170 2415 1296 2485 bonum
1325 2414 1533 2517 coenobiale,
1559 2414 1603 2485 de
1630 2415 1727 2486 cuius
1745 2415 1841 2504 agris

290 2531 481 2602 decimatur
507 2533 672 2604 ecclesiae
699 2534 735 2603 in
755 2532 1017 2606 Goszlicze.
1043 2534 1132 2604 lte'm
1159 2554 1277 2604 omnes
1304 2534 1380 2623 agri
1407 2535 1629 2606 tabernarum
1656 2542 1694 2606 et
1718 2535 1842 2607 hortu·

291 2652 460 2727 laniatum
490 2653 628 2725 solvunt
653 2654 819 2725 decimam
847 2654 1108 2744 manipularem,
1135 2660 1172 2725 et
1198 2674 1261 2744 per
1289 2660 1439 2744 quatuor
1465 2656 1603 2745 ierugas
1630 2656 1841 2746 canapalem,

290 2774 505 2863 episcopatui
532 2774 770 2864 (lemoviensi,
797 2784 833 2847 et
860 2783 1023 2847 tenentur
1058 2776 1151 2846 illam
1179 2776 1379 2846 emetbones
1415 2777 1567 2866 propriis
1592 2754 1751 2849 curribus
1777 2776 1841 2861 du·

291 2914 370 2965 cere
397 2895 621 2969 inhorreum
650 2897 887 2969 electoribus
922 2897 1074 2987 episcopi
1111 2895 1308 2985 locandum,
1347 2901 1384 2967 et
1410 2897 1509 2970 valor
1534 2898 1609 2969 eius
1636 2898 1843 2969 aestimatur
1947 2972 1950 2977 ,

291 3015 335 3085 ad
363 3023 495 3107 septem
523 3039 675 3107 marcas,
711 3004 898 3110 aliqnando
925 3019 969 3090 ad
997 3024 1076 3089 octo
1102 3038 1257 3106 mareas,
1293 3017 1477 3108 aliquando
1511 3018 1554 3089 ad
1581 3017 1709 3090 decem.
1751 3019 1841 3089 Item

291 3136 437 3225 quilibet
464 3137 507 3210 de
534 3138 634 3211 laneo
662 3139 799 3212 laborat
825 3140 1015 3211 duos-dies
1028 3140 1074 3210 -in
1102 3138 1295 3228 septimana
1325 3140 1467 3228 proprio
1493 3160 1599 3212 curru
1625 3146 1691 3221 aut
1713 3146 1841 3212 aratro

290 3256 379 3329 Item
404 3266 459 3330 est
485 3260 534 3331 ibi
558 3261 712 3351 piscina,
748 3263 848 3333 iuxta
875 3282 976 3352 quam
1005 3260 1256 3349 molendinum,
1289 3260 1381 3351 quod
1409 3261 1513 3332 solvit
1538 3281 1603 3350 pro
1630 3260 1843 3359 moumteriu

228 3406 230 3411 ·
291 3398 393 3449 unam
420 3400 580 3459 mmcam.
608 3382 769 3455 Confluat
796 3403 872 3454 cum
900 3383 991 3454 villis
1010 3435 1124 3451 .....
1227 3398 1234 3405 ·

394 3501 632 3593 Daunrnnr,
668 3504 750 3575 villa
776 3506 841 3577 sub
866 3486 1032 3594 parochia
1058 3503 1223 3574 ecelesiae
1250 3503 1293 3573 de
1319 3501 1569 3574 Obraszow
1596 3502 1680 3591 sita,
1716 3508 1752 3574 et
1777 3522 1843 3593 par

291 3620 556 3694 Boleslaum
594 3624 809 3696 Pudicam
846 3627 943 3717 regni
972 3625 1136 3697 Poloniae
1172 3624 1294 3695 ducem
1320 3630 1357 3694 et
1382 3624 1603 3695 monarcham
1632 3624 1843 3711 monasterio

291 3744 601 3817 sanctimonialium¹
628 3746 957 3831 Zawichostensium
989 3748 1024 3819 in
1053 3747 1129 3819 eius
1154 3744 1358 3817 fraudatione
1384 3751 1421 3816 et
1445 3745 1676 3817 translatione
1701 3745 1843 3817 dorma

290 3864 331 3935 ln
359 3886 426 3954 qua
452 3873 534 3936 sunt
560 3888 682 3963 noqem
718 3867 810 3939 lanei
846 3867 1097 3957 emethouales,
1125 3875 1164 3939 et·
1188 3865 1334 3956 quilibet
1360 3865 1465 3938 solvit
1500 3887 1565 3956 pro
1591 3886 1696 3937 censu
1721 3865 1842 3939 decem

91 4012 98 4023 ·
154 4064 156 4069 ,
291 3989 422 4059 scottos
449 4008 525 4058 cum
553 3988 690 4061 medio·
720 3990 806 4060 Item
836 3990 902 4061 oua
928 4010 998 4060 non
1025 3991 1128 4078 dant,
1154 3988 1265 4079 gallos
1292 4009 1360 4058 non
1388 3986 1544 4075 solvunt,
1572 4008 1684 4078 neque
1708 4002 1843 4059 casem.
1916 4056 1919 4063 .

291 4105 377 4191 item
406 4126 470 4198 pro
497 4128 578 4179 vere
605 4116 641 4180 et
667 4111 790 4200 hyeme
816 4117 918 4182 arant
944 4132 1048 4202 agros
1075 4109 1445 4209 praediales,serunt,
1472 4113 1607 4179 metum
1633 4114 1670 4178 et
1696 4108 1733 4178 in
1758 4107 1843 4180 hor·-

292 4246 388 4298 reum
417 4230 628 4320 conducunt,
664 4231 855 4304 laborando
881 4230 970 4303 duos
996 4231 1072 4302 dies
1098 4233 1134 4302 in
1161 4232 1355 4320 septimana
1381 4230 1522 4318 proprio
1548 4250 1653 4299 curru
1679 4235 1741 4300 aut
1766 4245 1844 4301 ara·

289 4353 356 4420 tro.
401 4350 489 4422 ltem
516 4352 664 4422 taberna
691 4360 746 4424 est
773 4373 858 4441 una,
896 4354 1028 4429 habeus
1054 4374 1175 4442 agros,
1212 4358 1247 4422 et
1275 4351 1379 4421 solvit
1405 4370 1469 4439 pro
1496 4370 1601 4420 censu
1632 4369 1735 4421 unam
1761 4358 1843 4421 cu'm

291 4470 404 4543 media
430 4492 571 4546 marcas.
625 4473 711 4546 ltern
739 4475 959 4546 hortulaniae
985 4496 1054 4546 non
1082 4481 1178 4561 suant,
1214 4493 1325 4562 neque
1347 4471 1550 4561 praedium.
1598 4469 1684 4541 ltem
1722 4490 1843 4543 omnes

291 4593 365 4682 agri
393 4596 622 4686 cmethonnm,
649 4597 881 4685 tabernarum,
909 4596 1196 4684 hortulaniarum,
1223 4584 1363 4664 solvunt
1380 4591 1548 4662 decimam
1576 4590 1844 4680 manipularem,

291 4718 326 4783 et
352 4734 416 4804 per
442 4724 592 4806 quatuor
619 4719 757 4806 ierugas
784 4718 983 4806 canapalem
1011 4714 1226 4805 episcopatui
1253 4712 1489 4799 Onacoviensi,
1515 4719 1563 4782 et·
1576 4718 1739 4782 tenentur
1764 4730 1845 4783 eam

291 4836 490 4907 emetbones
517 4839 668 4926 propriis
704 4838 863 4908 curribus
900 4836 1062 4907 inducere
1090 4838 1123 4905 in
1151 4836 1315 4906 horreum
1342 4854 1364 4903 a
1390 4831 1580 4903 factoribus
1611 4832 1765 4921 episcopi
1790 4830 1845 4903 lo·

291 4958 449 5047 candum,
475 4965 512 5029 et
540 4958 638 5029 valor
664 4960 738 5030 eins
765 4958 809 5029 ad
837 4958 1015 5029 duodecim
1044 4978 1187 5027 marcas.
1215 4955 1374 5026 Continet
1401 4974 1477 5024 cum
1505 4953 1597 5023 villis
1615 5006 1728 5023 .....
1769 4982 1772 4987 ·

395 5076 631 5168 Ononnuow,
669 5079 750 5149 villa
776 5080 840 5150 sub
868 5080 1033 5170 parochia
1058 5076 1224 5148 ecclesiae
1259 5077 1303 5146 de
1332 5075 1560 5163 Lunyowa
1584 5074 1680 5161 sita,
1715 5079 1752 5144 et
1778 5090 1844 5163 per

291 5198 559 5270 Boleslaum
597 5200 815 5271 Pudicam
852 5201 950 5290 regni
977 5200 1142 5271 Poloniae
1169 5198 1290 5269 ducem
1318 5203 1354 5267 et
1381 5195 1602 5266 monarcham
1631 5193 1843 5267 monasterio

291 5320 601 5392 sanctimonialium
630 5322 667 5391 in
694 5320 992 5392 Zawichosth
1019 5321 1054 5391 ln
1083 5320 1158 5390 eius
1176 5317 1378 5389 fundatione
1397 5325 1433 5387 et
1450 5314 1678 5386 translatione
1704 5313 1845 5411 donata

291 5441 330 5512 In
359 5464 427 5532 qua
454 5449 535 5514 sunt
561 5464 622 5513 sex
649 5441 741 5513 lanei
768 5441 1010 5531 emetbonales,
1038 5447 1074 5512 et
1101 5440 1247 5531 quilibet
1270 5437 1375 5510 solvit
1401 5458 1464 5527 pro
1483 5440 1598 5508 censu'
1616 5422 1732 5506 decem
1751 5442 1847 5507 scot·

292 5571 451 5635 tuscum
479 5564 602 5652 medi03
629 5565 712 5634 item
740 5585 805 5635 ova
831 5544 900 5639 nnn
928 5563 1025 5651 dant,
1053 5564 1137 5633 item
1163 5561 1273 5652 gallos
1298 5582 1368 5631 non
1396 5559 1545 5646 sonunt,
1573 5578 1693 5651 neque·
1712 5576 1843 5631 emeca

186 5756 188 5762 .
290 5684 377 5754 Item
404 5704 468 5774 pro
495 5706 577 5756 vere
604 5691 639 5755 et
665 5685 787 5775 hyeme
824 5706 927 5775 agros
962 5683 1157 5773 praediales
1185 5689 1324 5769 serunt,
1362 5686 1515 5768 metunt,
1551 5679 1650 5750 etin
1678 5679 1845 5749 horreum

291 5805 497 5894 conducunt,
524 5805 714 5877 laborando
742 5805 830 5897 duos
847 5805 921 5876 dies
940 5805 979 5874 in
996 5807 1198 5894 septimana
1227 5803 1369 5893 proprio
1397 5822 1505 5895 currq
1519 5806 1581 5871 aut
1598 5806 1726 5870 aratro.
1753 5799 1857 5871 Item·

292 5926 437 5997 taberna
472 5932 526 5997 eat
562 5946 632 5997 una
667 5926 799 5997 habens
834 5947 954 6016 agros,
990 5932 1026 5997 et
1053 5926 1158 5996 solvit
1185 5946 1249 6014 pro
1276 5943 1383 5994 censu
1418 5942 1520 5993 unam
1548 5941 1708 5992 marcam.
1752 5919 1844 5991 Item

291 6047 508 6119 hortulauiae
535 6053 626 6135 tres,
663 6053 699 6117 et
725 6067 864 6118 censum
901 6069 968 6119 non
997 6047 1181 6133 solvendo,
1217 6044 1392 6134 quaelibet
1422 6064 1527 6113 unum
1554 6042 1646 6112 diem
1672 6042 1709 6112 in
1736 6041 1845 6131 septi·

292 6166 679 6260 mana,laborat.1tem
707 6168 885 6259 praedium
912 6174 966 6239 est
993 6166 1203 6255 coenobiale,
1230 6166 1273 6235 de
1291 6164 1389 6235 cuius
1416 6163 1510 6254 agris
1537 6161 1706 6234 decimam
1732 6160 1846 6233 mani·
1960 6228 1970 6249 ,

291 6284 446 6377 pulmm
474 6289 601 6378 partim
628 6290 696 6361 sibi
723 6287 858 6379 tollunt,
886 6289 1011 6379 partim
1040 6284 1144 6357 altari
1160 6280 1283 6381 Sancti
1299 6284 1480 6355 Laurentii
1507 6284 1543 6384 in
1570 6281 1845 6373 Sandomiria,

1167 6576 1200 6639 tl.
