4217 8059
1743 1495 1814 1569 lla

269 1702 399 1773 ordinis
435 1702 581 1791 praelati
619 1699 814 1790 ecclsiam,
843 1710 877 1773 et
905 1700 1013 1792 ipsam
1043 1700 1208 1773 iratribus
1245 1703 1345 1773 Beati
1373 1700 1471 1775 Pauli
1501 1702 1603 1794 primi
1629 1702 1818 1775 heremitae

268 1845 330 1913 per
367 1825 515 1912 priorem
553 1832 588 1893 et
624 1823 750 1893 iratres
785 1824 989 1913 regendam,
1025 1830 1192 1914 perpetuo
1229 1824 1482 1913 incorporavit,
1514 1824 1746 1915 privilegiavit
1783 1833 1819 1897 et
1876 1914 1883 1923 ἰ
1914 1860 1918 1867 ·

269 1943 462 2032 inscripsit,
499 1944 682 2013 accedente
718 1942 762 2015 ad
799 1942 834 2033 id
877 1944 1018 2032 speciali
1054 1964 1222 2014 consensu
1259 1950 1294 2013 et
1331 1943 1578 2014 ratihabitione
1617 1942 1739 2031 &tobi
1776 1944 1819 2015 de
1855 1933 1891 1983 '2²'
1906 1886 2024 2043 *24

268 2052 540 2152 lionyeczp'o
551 2062 560 2131 l
571 2086 592 2152 p·
604 2084 632 2152 e,
660 2062 775 2134 Sancti
802 2062 956 2135 Floriani
975 2071 1075 2135 entra
1093 2086 1210 2135 mmos
1228 2062 1474 2134 Cracovienses
1492 2064 1693 2155 praepositi,
1711 2066 1819 2137 eccle·
1954 2042 2010 2081 ’μ’

268 2185 339 2253 siae
368 2183 410 2253 dc
438 2182 634 2273 Rupella
662 2184 753 2254 unrici
781 2185 929 2273 patroni,
958 2185 1016 2274 qui
1043 2184 1110 2254 iuri
1138 2191 1343 2273 patronatus
1376 2183 1469 2256 illius
1495 2155 1663 2255 ecclesiae
1689 2206 1753 2275 pro
1781 2206 1819 2255 se

269 2310 307 2373 et
331 2304 403 2373 suis
431 2305 686 2375 successoribus
713 2304 920 2395 praepositis
948 2304 1065 2376 Sancti
1092 2305 1256 2394 Floriani,
1274 2311 1441 2395 perpetuo
1460 2324 1523 2395 per
1548 2309 1708 2394 patentes
1725 2304 1819 2379 litte-

268 2444 334 2512 ras,
362 2422 406 2493 ad
434 2424 525 2513 quod
553 2427 654 2495 etiam
683 2427 799 2515 regius
827 2426 989 2496 obtentus
1017 2433 1071 2496 est
1099 2446 1293 2514 consensus,
1322 2426 1428 2496 cessit
1445 2431 1482 2497 et
1499 2424 1720 2515 revruntiavit,
1739 2446 1817 2515 per-

265 2551 405 2633 petuum
434 2551 469 2615 et
496 2544 570 2634 ipse
597 2565 637 2615 ac
664 2565 879 2616 successores
907 2547 961 2615 sui
989 2546 1177 2635 praepositi
1204 2546 1321 2616 Sancti
1348 2544 1503 2615 Floriani
1530 2546 1818 2634 anniversarium,

268 2684 289 2733 a
315 2662 482 2735 iratribus
509 2666 710 2735 monasterii
737 2667 779 2736 de
809 2666 1022 2755 Rupella,
1052 2666 1086 2735 in
1115 2668 1249 2755 signum
1286 2666 1445 2755 praestiti
1472 2664 1630 2737 beneficii
1658 2665 1819 2737 habituri.

267 2782 470 2872 Primusque
498 2784 589 2855 illius
617 2787 713 2874 prior
740 2784 805 2856 suit
831 2784 983 2856 Jacobus
1011 2785 1053 2855 do
1081 2784 1482 2876 Bogumylowicze
1508 2786 1606 2876 prior
1624 2786 1820 2875 provincia·

267 2903 308 2973 lis
336 2905 467 2975 ordinis
495 2906 674 2994 praedicti,
701 2906 880 2977 duodecim
907 2905 1034 2976 iratres
1062 2906 1238 2995 regulares
1264 2904 1384 2979 fovens
1411 2908 1446 2977 in
1474 2906 1654 2996 coenobio,
1683 2914 1719 2977 et
1745 2926 1819 2977 rem

268 3044 342 3094 cnm
372 3024 440 3094 illis
468 3046 542 3096 cum
572 3026 693 3098 officiis
729 3026 871 3116 explens
899 3026 1060 3097 divinam.
1097 3026 1181 3096 Cum
1209 3034 1398 3118 proventus
1425 3027 1592 3099 ecclesiae
1619 3027 1712 3099 illius
1738 3026 1819 3097 dnm

270 3144 456 3215 saecularis
484 3153 593 3234 esset,
621 3146 804 3235 plebanum
833 3153 869 3216 et
901 3146 1067 3216 vicarium
1096 3145 1255 3235 langvide
1282 3148 1519 3237 sustinebant,
1546 3148 1630 3219 emit
1656 3152 1693 3219 et
1718 3167 1820 3237 prae-

267 3264 358 3335 latus
385 3264 563 3336 ‚lohannes
590 3267 845 3356 lllugosclr,
873 3287 1041 3337 consensu
1071 3267 1168 3355 regio
1196 3273 1232 3336 et
1258 3266 1477 3339 libertationc
1504 3246 1699 3356 accedente,
1727 3266 1820 3359 apud

271 3385 495 3475 Spitlrkonern
527 3388 568 3456 do
596 3387 821 3458 blelstlrin
848 3388 883 3457 in
911 3386 1032 3475 zuppis
1060 3384 1326 3456 Vicliciensibus
1352 3387 1574 3459 medietatem
1602 3406 1733 3475 census,
1761 3386 1820 3477 qni

268 3503 423 3575 baal-aaa
454 3514 605 3595 vocatur,
633 3507 675 3578 de
704 3528 770 3598 quo
798 3506 1024 3579 hebdomadis
1051 3505 1197 3595 singulis
1224 3506 1371 3595 triginta
1397 3507 1460 3579 lati
1477 3506 1592 3597 grossi
1611 3506 1819 3596 proveniunt

269 3626 469 3717 pragenses,
498 3649 559 3717 pro
588 3629 722 3699 duobus
748 3626 956 3699 florenorum
984 3626 1145 3715 millibus,
1172 3634 1209 3698 et
1236 3648 1369 3699 omnem
1398 3648 1536 3699 censum
1556 3628 1661 3715 illum,
1681 3633 1820 3716 praeter

269 3748 352 3819 duas
380 3770 579 3838 sexagenas
607 3770 695 3839 quae
723 3748 851 3819 dantur
877 3748 1096 3838 praebendae
1124 3746 1159 3817 in
1179 3746 1407 3819 Melstbin
1436 3769 1514 3838 una,
1533 3755 1566 3820 et
1587 3748 1698 3819 altero
1717 3747 1819 3819 altari

269 3867 414 3940 Sanctae
442 3868 648 3940 Catlrennae
677 3870 710 3955 in
739 3870 886 3941 ecclesia
913 3869 1144 3958 cracoviensi,
1172 3868 1337 3939 menobio
1365 3868 1407 3939 de
1426 3868 1625 3959 liupella
1651 3874 1819 3957 perpetuo

267 3990 423 4079 inseruit,
452 3989 585 4060 Jacobo
613 3989 656 4060 de
684 3989 830 4061 Senno
859 3991 1021 4080 episcopo
1048 3997 1131 4060 tunc
1159 3988 1436 4076 Vladislaviensi,
1467 3998 1590 4079 orpost
1616 3998 1699 4059 tunc
1727 3986 1820 4061 Gne·
1916 4044 1919 4049 .

268 4111 385 4181 zoensi
411 4110 679 4200 archiepiscopo,
708 4110 752 4181 ad
779 4112 1027 4201 coemptionem
1057 4130 1179 4182 census
1206 4109 1403 4181 buiusmodi
1431 4110 1653 4199 sexingentos
1671 4108 1820 4180 florenos

268 4251 308 4300 ex
337 4230 487 4321 propriis
515 4231 722 4319 conserente,
750 4237 788 4301 ut
815 4230 1028 4321 frequentior
1054 4231 1199 4302 fratrum
1228 4250 1390 4301 nurnerns
1418 4232 1452 4300 in
1472 4230 1547 4301 loco
1566 4230 1721 4321 praelato
1741 4250 1820 4321 pos·
1850 4216 1854 4221 ¹

269 4358 322 4420 set
348 4351 466 4422 loveri.
494 4351 543 4422 Ut
570 4356 684 4421 autern
713 4351 838 4440 singuli
866 4358 1067 4440 proventus
1095 4372 1218 4422 census
1245 4357 1281 4421 et
1308 4351 1472 4421 introitus
1499 4350 1700 4421 monasterii
1719 4370 1820 4439 prae·

269 4470 331 4542 lati
362 4478 496 4542 veteres
524 4478 559 4542 et
585 4474 676 4561 novi,
703 4493 767 4563 pro
795 4478 964 4561 perpetua
990 4492 1105 4541 rerum
1133 4471 1299 4541 rarernoria
1325 4471 1462 4561 possint
1490 4470 1698 4559 singillatius
1726 4470 1817 4558 sciri,
1913 4492 1925 4517 -·

269 4612 329 4662 nec
357 4591 472 4681 aliqua
500 4593 678 4663 occasione
714 4591 794 4664 dolo
822 4598 882 4662 aut
909 4591 1029 4662 fraude
1065 4590 1263 4680 obliterari,
1291 4592 1384 4681 ipsos
1420 4597 1456 4660 et
1484 4590 1671 4678 quemlibet
1698 4610 1817 4659 eornm

270 4712 405 4783 fidelius
432 4719 467 4783 ct
493 4712 662 4801 integrius
691 4734 757 4802 quo
785 4713 978 4803 potuimus,
1006 4712 1039 4782 in
1069 4713 1141 4783 suis
1168 4712 1252 4783 locis
1279 4710 1422 4783 inferius
1449 4711 1707 4799 annotavimm,
1733 4708 1811 4780 assi·

268 4840 380 4904 stente
408 4834 524 4904 divino
552 4834 680 4903 auxilio
708 4834 963 4924 descripsimus

371 4954 623 5043 anmozrczr,
651 4955 733 5026 villa
760 4957 823 5025 sub
843 4956 1006 5045 parocbia
1025 4954 1191 5026 eeclesiae
1210 4954 1252 5025 de
1270 4953 1691 5044 Racziborowioze,
1712 4973 1820 5043 supra

269 5074 407 5146 fluvium
442 5076 655 5167 lllubnpa¹
691 5076 776 5165 sita,
813 5077 909 5147 curius
945 5077 1142 5165 proprietas
1178 5082 1214 5146 et
1251 5073 1438 5146 dominium
1471 5073 1514 5145 ad
1542 5074 1817 5165 praeposituram

268 5195 385 5268 Sancti
412 5196 566 5268 Floriani
593 5202 694 5267 extra
722 5218 838 5266 rrruros
866 5194 1112 5267 Gracovienses
1140 5195 1312 5285 pertinet,
1339 5216 1427 5285 quae
1451 5195 1533 5266 villa
1551 5195 1723 5285 quondam
1742 5202 1819 5266 erat

270 5316 432 5387 ecclesiae
468 5317 511 5388 de
546 5317 789 5407 Rumpolla
816 5325 852 5388 et
880 5318 955 5387 cius
982 5317 1147 5406 rectoris,
1175 5336 1265 5387 nunc
1292 5336 1373 5387 vero
1401 5324 1455 5388 est
1480 5314 1608 5387 fundus
1634 5315 1819 5405 primarius

270 5439 529 5528 praepositurae
558 5436 674 5508 Sancti
702 5436 865 5507 Floriani.
905 5436 944 5507 In
974 5459 1041 5528 qna
1068 5445 1123 5509 est
1149 5437 1327 5527 praedium
1355 5438 1522 5527 optimum
1549 5436 1750 5527 praepositi,
1776 5434 1819 5505 de

270 5560 365 5629 cuius
393 5560 486 5650 agris
514 5560 549 5629 in
576 5566 650 5629 tres
678 5579 816 5649 campos
848 5557 1020 5630 distinctis
1057 5558 1149 5631 tollit
1177 5558 1344 5631 decimam
1371 5556 1619 5648 manipularem
1647 5564 1821 5628 monaste-

270 5680 358 5777 rium
395 5680 437 5751 de
464 5680 644 5752 Skalka.
680 5678 768 5749 Item
804 5679 846 5750 de
874 5680 968 5770 agris
994 5680 1109 5752 tribus
1137 5680 1211 5751 sive
1237 5679 1434 5771 iugeribus,
1461 5686 1497 5750 et
1524 5679 1636 5769 primo
1665 5678 1707 5748 de
1734 5698 1819 5767 agro

268 5800 553 5873 molendinatoris
581 5799 683 5871 villae
710 5798 888 5889 praelatae
916 5800 1211 5891 Byenczycze
1239 5800 1440 5889 superioris,
1458 5820 1500 5871 ex
1520 5800 1680 5891 opposito
1702 5797 1819 5869 inseri·

269 5922 340 5993 oris
375 5921 562 5993 molendini
599 5924 683 6011 sito,
719 5922 801 5991 item
837 5920 879 5991 de
917 5920 1121 6011 quibusdam
1158 5922 1252 5992 arvis
1279 5920 1531 6011 praedialibns,
1558 5922 1640 5992 item
1667 5921 1711 5991 de
1736 5940 1821 6009 agro
1937 5906 2006 6057 Q,

269 6041 434 6132 praedioli
462 6051 557 6114 retro
585 6044 734 6131 curiam,
761 6042 820 6133 qui
847 6038 974 6113 dicitur
996 6040 1171 6135 porculam,
1199 6044 1280 6113 item
1308 6044 1351 6113 de
1378 6044 1472 6133 agris
1491 6042 1625 6113 Nicolai
1644 6040 1757 6111 Krol
1784 6046 1821 6113 et
1988 6036 2007 6065 '³

269 6160 430 6253 Gregorii
457 6164 646 6235 Scbidlo
673 6162 902 6253 cmctbonum‚
929 6162 1011 6233 item
1040 6163 1083 6231 de
1111 6164 1204 6251 agris
1232 6162 1367 6235 Nicoloi
1394 6164 1571 6235 Kostnr
1596 6168 1634 6263 ct
1650 6160 1851 6243 lolianus„

268 6268 459 6355 scnidlo
487 6287 758 6374 tabernatorum,
785 6284 947 6387 qui-agri
974 6304 1092 6353 omnes
1120 6282 1291 6373 quondam
1319 6291 1421 6355 erant
1446 6284 1650 6375 praediales,
1668 6290 1704 6355 et
1723 6283 1821 6355 valor

269 6404 421 6477 decimae
448 6406 625 6497 praelatae
652 6404 751 6477 annis
778 6398 924 6495 singulis
950 6406 1155 6476 aestimatur
1181 6404 1224 6473 ad
1251 6424 1312 6475 sex
1330 6424 1474 6495 mareas,
1492 6410 1529 6477 ct
1544 6412 1710 6478 tenentur
1726 6404 1824 6505 illam

1949 6158 1997 6195 aa.
