4217 8059
79 1432 83 1443 ’
139 1568 151 1579 Ἥ
277 1481 351 1552 aar

276 1687 465 1759 Maurus
492 1683 675 1785 episcopus
698 1680 950 1771 cracoviensis,
977 1682 1058 1754 dnm
1077 1681 1257 1753 ecclesiam
1284 1680 1320 1751 in
1348 1646 1663 1751 Brzesznicza
1690 1698 1831 1768 aprae-

275 1808 356 1880 latis
392 1806 544 1877 dnobus·
559 1804 735 1894 germanis
770 1802 983 1874 Johanne
1019 1810 1055 1874 et
1091 1801 1328 1874 Clemente
1365 1823 1429 1892 pro
1465 1799 1582 1872 iuturo
1619 1800 1829 1872 monasterio

275 1926 496 2000 cisterciensi
526 1925 677 2001 nondum
696 1928 822 2014 erecto,
849 1923 993 2025 fundato
1020 1930 1136 1995 tamen
1164 1929 1200 1995 et
1227 1923 1356 2012 dotato,
1383 1921 1588 1994 fabricatam
1608 1922 1643 1991 in
1662 1922 1829 1993 honorem

276 2056 313 2123 et
339 2050 478 2121 titulum
499 2048 629 2119 Beatae
657 2051 692 2125 et
717 2046 891 2143 gloriosae
909 2044 1068 2134 Virginis
1086 2044 1230 2133 Mariae,
1257 2052 1306 2133 et
1320 2032 1447 2115 Sa'ncto
1466 2042 1659 2114 Adalberto
1687 2042 1832 2140 martyri

276 2178 312 2242 et
339 2169 494 2260 pmrtifici
522 2167 663 2256 dicaret,
691 2167 839 2238 contulit
866 2165 977 2251 eidem
1005 2165 1171 2237 ecclesiae
1198 2165 1233 2235 in
1261 2164 1520 2235 consecratione
1548 2163 1700 2234 decimas
1722 2163 1832 2237 mani·

277 2291 418 2383 pulares
436 2309 576 2367 mensae
595 2309 679 2359 suae
697 2287 903 2378 episcopalis
922 2284 1173 2375 Gracoriensis,
1195 2287 1230 2356 in
1250 2284 1350 2356 villis:
1377 2283 1669 2373 Marowicze,
1696 2283 1832 2355 Prze·

278 2410 541 2500 myesl-awe,
578 2405 766 2496 Conari,
803 2406 1024 2499 Mychon,
1051 2404 1344 2514 'Wyeglowm
1380 2405 1478 2476 cuius
1505 2404 1726 2477 immediatus
1754 2426 1831 2476 snc-

278 2551 396 2603 cessor
423 2528 635 2601 Radosch
663 2525 903 2620 Oracoriensis
930 2527 1123 2617 episcopus,
1142 2530 1179 2597 et
1197 2524 1418 2598 donationem
1446 2526 1597 2616 quinque
1623 2525 1833 2598 decimarum

280 2651 345 2748 sni¹
361 2648 639 2741 praedecessoris
666 2648 836 2736 Mauri,
864 2668 953 2721 nova
981 2647 1168 2718 donatione
1196 2647 1431 2735 confirmavit,
1458 2645 1564 2717 etde
1592 2647 1741 2737 proprio¹
1761 2653 1833 2719 tres

279 2771 369 2842 alias
397 2771 566 2858 decimas,
603 2770 707 2841 otiam
736 2787 882 2870 mensae,
901 2788 985 2878 suae
1012 2767 1225 2857 episcopalis,
1246 2765 1504 2857 cracoviensis,
1532 2766 1688 2856 praefato
1715 2787 1834 2838 mona·
1874 2851 1878 2857 ¹

281 2892 390 2963 sterio
418 2890 577 2983 donando
604 2889 740 2963 adiecit
784 2887 872 2959 Item
908 2885 1000 2959 idam
1036 2886 1318 2978 archiepiscopus
1345 2884 1558 2961 Gneanensis
1594 2888 1617 2960 J
1627 2889 1835 2960 ohannes

281 3014 316 3084 iu
344 3012 644 3103 archiepiscopatu
680 3010 893 3097 consistens,
929 3006 1090 3080 ardorem
1127 3007 1322 3080 devotionis
1357 3014 1394 3080 et
1429 3008 1651 3081 liberalitatis
1687 3031 1770 3081 suae
1798 3010 1834 3080 in

140 3126 151 3138 “
281 3133 475 3224 praelatum
512 3131 771 3219 monasterium·
787 3127 1069 3215 Andraeovienso
1104 3148 1195 3202 nora
1222 3128 1407 3221 largitione
1440 3130 1636 3220 effusurus,
1664 3129 1834 3202 decimam

281 3254 531 3346 manipularem
560 3252 810 3344 quinquaginta
827 3255 1043 3341 aratrorum,
1084 3271 1186 3342 quam
1213 3256 1340 3343 postea
1362 3251 1519 3342 specifice
1546 3251 1581 3322 in
1610 3251 1702 3323 villis
1728 3238 1836 3323 infro-

281 3376 444 3466 scriptis,
485 3374 648 3446 videlicet
687 3371 964 3462 Zlothnihy,
1004 3362 1387 3477 Rambyetszicze,
1426 3372 1837 3463 Lysszakowicze,

281 3496 550 3586 Zarozi-cze,
577 3493 892 3583 Sdanowicze,
918 3483 1425 3584 czaccowJBrzeszna,
1452 3485 1621 3584 Brz'em,
1647 3493 1839 3571 demensa

78 3661 120 3720 tc
282 3638 347 3688 soa
373 3616 658 3706 archiepiscopali
686 3615 876 3705 consignat
920 3613 1008 3685 Item
1045 3613 1136 3687 idem
1162 3613 1401 3686 lohannes
1436 3615 1722 3705 archiepiscopos>
1741 3613 1838 3687 (ins

153 3756 164 3813 .·
283 3737 420 3807 znensis
447 3734 548 3825 pillos
575 3736 870 3829 ethaercditatos
898 3754 979 3806 suas
1005 3733 1258 3826 infrascriptos,
1280 3737 1320 3807 ‘in
1348 3735 1498 3808 dioecesi
1517 3735 1738 3808 Graooriansi
1755 3744 1838 3808 con·

157 3871 161 3879 ·
284 3856 458 3944 sistentes,
476 3860 512 3926 et
529 3876 619 3944 quae
636 3856 681 3926 ad
699 3876 776 3926 eum
794 3855 941 3947 fuerant¹
952 3849 995 3927 ex
1014 3861 1115 3945 parte
1133 3857 1273 3946 cognati
1291 3858 1345 3955 sui
1361 3855 1456 3929 Sznr
1467 3856 1519 3946 il,
1546 3855 1609 3927 lilii
1636 3855 1839 3929 Bodzau·

284 3977 393 4046 thae
420 3975 497 4046 iure
524 3976 749 4048 successionis
776 3976 969 4068 doyolntae,
995 3957 1398 4068 videlicetUgyazd,
1429 3977 1625 4069 Blonye,
1657 3962 1840 4049 Zetes-i·

287 4116 381 4184 oze,
408 4094 660 4184 Blonyczo,
686 4094 988 4188 Showrodne,
1015 4097 1399 4191 llamyonczicze3
1429 4100 1526 4171 ,item
1553 4098 1643 4170 idern
1669 4097 1840 4171 Johns-

154 4246 156 4249 ·
247 4310 249 4315 Ι
287 4237 366 4288 nes
392 4214 672 4305 archiepiscopos
699 4210 912 4290 Gseznensis
938 4218 1026 4291 alias
1052 4219 1155 4291 villas
1172 4225 1209 4291 et
1226 4219 1466 4293 haereditates
1481 4220 1595 4291 etiam
1618 4220 1657 4291 in
1682 4220 1838 4293 dioecesi

286 4334 518 4425 (l'rscoriensi,
546 4353 632 4425 quas
659 4337 1037 4441 coemerat,·ridolicet
1062 4339 1445 4434 Dze-rzsnsznam
1471 4340 1707 4432 Buszhorr,
1734 4339 1841 4413 Tro

189 4476 194 4504 -·
286 4459 467 4550 piszaw,
494 4455 690 4547 Byalya,
717 4453 1235 4551 nyeszdemmirzswa,
1262 4446 1562 4552 Pelc'anicza,
1588 4461 1840 4534 Krzenczi-

275 4602 342 4675 ,no
361 4583 404 4675 et
430 4577 687 4649 Sdzeczcze
713 4575 830 4664 donat,
858 4573 1026 4653 adscribit
1051 4583 1260 4655 monasterio
1287 4590 1455 4674 perpetuo
1483 4583 1777 4673 Andrzeoviensi,
1803 4591 1842 4656 et
1949 4570 1957 4577 ’

288 4701 450 4790 assignat.
478 4698 578 4819 Item·
594 4693 778 4767 Gedeon
816 4694 998 4785 episcopus
1024 4694 1278 4792 Gracoviensis,
1314 4705 1474 4795 quoniam
1501 4710 1538 4777 et
1564 4706 1639 4795 ipse
1666 4705 1710 4777 de
1734 4704 1841 4776 domo

208 4844 215 4851 ·
289 4826 326 4892 ot
351 4821 461 4910 stirpe
488 4816 605 4908 Gryl
610 4816 627 4887 f
633 4837 764 4919 onum
791 4815 941 4888 ducebat
965 4836 1094 4906 genus,
1121 4817 1156 4888 in
1184 4824 1341 4894 omnibus
1368 4823 1459 4897 villis
1486 4824 1653 4916 praelatis
1680 4846 1744 4916 per
1768 4826 1792 4898 J
1802 4848 1842 4900 o·

152 4960 157 4969 ·
289 4942 482 5012 hannem
520 4933 816 5036 archiepiscopum
854 4934 1091 5008 Gneznensem
1127 4938 1338 5013 monasterio
1375 4945 1651 5018 Andrzeeriensi.
1681 4947 1841 5037 donatis,
1887 4926 1892 4937 ¹

290 5061 441 5132 decimas
468 5081 549 5131 suas
576 5060 613 5130 et
639 5076 779 5129 mensae
814 5079 898 5129 suae
933 5059 1140 5150 episcopalis
1167 5059 1422 5152 Graeovi'ensis3
1460 5066 1547 5138 ‘item
1571 5069 1663 5139 alias
1689 5068 1875 5140 decimas·

290 5181 523 5271 manipulares
558 5181 663 5279 etiam
700 5199 839 5250 mensae
875 5199 959 5251 suae
995 5180 1215 5271 episcopatus
1241 5180 1480 5257 cracoviensis
1516 5187 1552 5256 in
1578 5189 1671 5260 villis
1707 5190 1842 5262 Skro·

274 5279 448 5402 hyon,
472 5300 730 5423 §aralium
766 5300 849 5371 item
876 5300 1020 5372 alterius
1047 5299 1285 5374 Waszlino
1313 5325 1405 5394 quae
1427 5305 1526 5377 sedet
1553 5328 1660 5398 supra
1686 5309 1843 5389 hlidzi·

291 5443 432 5514 ozam,
458 5422 591 5513 ld'qoa
613 5422 736 5494 sedent
762 5421 934 5493 Gonari
961 5422 1054 5494 inter
1073 5423 1189 5504 villam
1217 5422 1438 5515 Bugniow
1465 5433 1501 5499 et
1528 5427 1844 5519 Nyegoslawi-

291 5562 370 5616 cze
393 5546 505 5634 sitam,
532 5543 641 5632 dedit,
669 5543 821 5632 donavit,
848 5549 884 5614 et
910 5548 1079 5635 perpetuo
1106 5544 1292 5635 inscripsit.
1320 5544 1405 5618 Cum
1425 5546 1573 5639 deniqne
1596 5549 1689 5622 inira
1714 5551 1844 5625 limites

292 5665 394 5735 villae
422 5665 754 5753 Brzesznioza,
790 5665 826 5735 in
853 5684 923 5754 qua
949 5664 1095 5735 ecclesia
1121 5670 1156 5736 et
1183 5667 1384 5738 coenobium
1412 5667 1558 5740 lundata
1582 5676 1619 5741 et
1645 5677 1846 5747 constructa
1938 5738 1943 5748 .

291 5793 400 5885 capnt,
428 5785 591 5877 oppidum
619 5785 905 5876 Andrzeyon
931 5785 1065 5859 dierum
1093 5806 1255 5876 processu
1282 5790 1569 5881 consurrexisset,
1596 5795 1844 5869 monasterium

292 5904 484 5996 peremtum
512 5902 799 5991 Brzeszniczense
835 5906 937 5978 titulo
973 5907 1152 5998 abrogato,
1192 5906 1475 6013 Andrz'odpiense
1502 5914 1648 5984 vocitari
1683 5921 1845 6005 coeptum

292 6031 347 6099 est
372 6027 407 6096 in
435 6027 524 6097 hanc
550 6025 660 6114 diam,
687 6048 729 6098 ex
755 6027 1066 6100 Morimundinensi
1093 6037 1207 6102 autem
1237 6018 1446 6117 monsilffirio
1473 6035 1508 6105 in
1537 6035 1741 6127 Burgundio
1766 6038 1847 6129 sito,
1879 6062 1882 6067 ·

290 6144 420 6219 horres
448 6148 624 6238 accersiti,
661 6170 786 6221 nevum
814 6150 1061 6223 monasterinm
1089 6126 1525 6243 nnurzeovienspfsxtmo
1551 6157 1704 6228 incolere
1727 6165 1766 6231 et
1780 6160 1847 6230 in-

292 6268 452 6340 habitare
487 6279 695 6363 coeperunt,
730 6272 811 6344 hinc
848 6294 982 6365 quoque
1017 6272 1146 6345 lactum
1174 6280 1246 6364 est,
1272 6282 1313 6346 nt
1339 6297 1360 6346 a
1386 6277 1560 6368 plerisque
1597 6281 1847 6353 monmteriurn
