4217 8059
1725 1502 1798 1573 287

249 1731 300 1781 se.
313 1711 448 1782 tollunt.
475 1710 562 1780 Item
590 1709 680 1781 lanei
706 1716 777 1804 tam
805 1709 1033 1805 emetbonum,
1062 1702 1341 1797 tabernatorum,
1372 1715 1408 1779 et
1443 1661 1704 1780 hortulanorum
1735 1707 1803 1781 eul-

250 1838 336 1901 ιιιι
361 1831 529 1901 (ιιιιιιιιι
556 1826 814 1920 manipularem,
841 1835 877 1900 et
903 1849 966 1918 per
993 1834 1144 1918 quatuor
1170 1829 1308 1918 ierugas
1328 1829 1667 1919 canapariam-anan·
1684 1829 1801 1900 Sanati

250 1950 421 2030 Johannis
448 1950 607 2040 Apostoli
634 1956 672 2021 et
697 1949 945 2039 Evangeliatae
971 1950 1006 2018 in
1034 1948 1191 2021 Ecclesia
1218 1948 1448 2037 Graeeviensi,
1475 1954 1510 2020 ιι
1537 1948 1709 2021 inducunt
1726 1968 1801 2020 eam

249 2069 400 2158 propriis
427 2069 587 2140 curribus
615 2068 650 2139 in
677 2069 839 2139 horreum
867 2068 911 2138 ab
939 2067 1101 2138 altarisla
1126 2067 1319 2156 locandum,
1346 2073 1383 2138 et
1410 2068 1610 2140 valarsius
1641 2068 1801 2138 aestima·

249 2196 307 2260 tur
332 2188 377 2259 ad
404 2188 551 2259 sedecim
579 2207 733 2259 marcas:
748 2188 837 2259 Item
866 2186 947 2257 villa
974 2187 1131 2277 praetem
1157 2189 1307 2259 confluat
1333 2207 1410 2258 cum
1429 2187 1521 2259 villis
1538 2187 1803 2276 Bodzanon,

250 2307 523 2396 Othmanow,
550 2307 899 2397 Zahrzowyecz,
925 2302 1196 2377 Podlausze.

356 2426 649 2516 Znuaaowrucz,
677 2427 760 2497 villa
786 2427 851 2497 sub
878 2427 1043 2515 parochia
1070 2426 1234 2497 eeclesiae
1261 2426 1311 2496 de·
1331 2426 1581 2497 Bodaan-cw
1608 2427 1686 2515 sita,
1703 2427 1801 2498 cuius

250 2546 445 2636 proprietas
471 2552 507 2617 ιι
534 2546 722 2618 dominium
750 2547 794 2617 ad
822 2546 1069 2619 monasterium
1088 2545 1398 2631 sanctimonialium
1417 2546 1452 2615 in
1472 2545 1801 2638 Sthauyatbky

250 2668 410 2756 pertinet
437 2667 477 2737 In
505 2688 573 2755 qua
599 2674 681 2738 sunt
708 2668 857 2756 quinque
885 2666 974 2736 lanei
993 2666 1236 2754 amethonales,
1255 2666 1298 2736 de
1317 2686 1462 2755 quorum
1482 2666 1638 2755 quolibet
1654 2667 1802 2757 solvitsm

250 2808 313 2876 pro
341 2800 444 2859 censu
471 2809 585 2858 annuo
614 2787 873 2878 quatuordecim
899 2791 1040 2875 scottos,
1069 2787 1151 2858 item
1179 2786 1265 2857 duos
1292 2807 1451 2876 capones,
1479 2787 1561 2858 item
1582 2786 1705 2876 viginti
1727 2806 1804 2876 ora,

250 2907 335 2983 item
362 2908 448 3012 duos
484 2927 621 2994 caseos,
649 2907 731 2978 item
759 2927 823 2996 pro
850 2904 1022 3001 rapodone
1048 2906 1198 2982 medium
1224 2927 1391 2996 grossum
1413 2907 1456 2977 de
1483 2906 1599 2995 laneo,
1627 2907 1711 2978 item
1738 2927 1802 2996 pro

116 3095 118 3098 .
251 3050 410 3123 opramna
436 3028 542 3098 etiam
569 3028 718 3098 medium
744 3048 912 3117 grossum.
939 3027 1026 3098 item
1055 3027 1202 3118 quilibet
1187 3029 1366 3101 tcmetho
1394 3034 1534 3100 tenetur
1561 3027 1696 3098 solvere
1715 3027 1801 3100 dues

251 3168 350 3220 coros
377 3168 516 3237 arenae,
544 3146 783 3220 cracoviensis
800 3167 981 3218 mensurae
1000 3146 1183 3218 confertae
1211 3137 1244 3217 lt
1228 3151 1298 3218 tem
1314 3147 1463 3238 quilibet
1481 3148 1618 3219 cmsthe
1635 3116 1678 3218 de
1697 3148 1805 3246 laneo

250 3241 385 3340 ateste
413 3268 531 3340 Sancti
557 3264 748 3358 Michaelis,
776 3288 883 3358 usque
911 3267 955 3338 ad
980 3267 1107 3338 testum
1135 3267 1253 3338 Sancti
1280 3268 1459 3355 lobannis,
1477 3271 1617 3339 tenebar
1634 3272 1707 3339 tres
1727 3231 1805 3341 dies
1869 3353 1873 3361 ⁴

251 3389 410 3460 laborare
437 3394 554 3460 aratro
582 3389 724 3478 proprio
751 3393 812 3459 aut
838 3409 952 3476 ιιιιιιι,
980 3410 1005 3458 ι
1026 3386 1117 3458 festo
1144 3392 1258 3458 autem
1277 3388 1394 3458 Sancti
1411 3387 1592 3476 lobannis,
1610 3386 1656 3459 ad
1674 3386 1802 3459 festum

250 3510 368 3581 Sancti
395 3509 587 3597 Michaelis,
615 3508 769 3599 quolibet
796 3508 852 3580 die
878 3514 1017 3597 praeter
1043 3509 1135 3580 diem
1162 3509 1307 3580 Sabbati
1333 3512 1473 3579 tenetur
1491 3507 1660 3596 laborare,
1678 3509 1714 3578 in
1730 3529 1800 3598 que
1849 3512 1853 3516 ’

250 3637 364 3708 tanen
391 3651 479 3700 uuus
507 3630 609 3700 homo
636 3629 679 3700 de
706 3628 816 3718 laneo,
842 3627 980 3700 foenum
1008 3628 1201 3718 colligendo
1228 3632 1367 3699 tenetur
1392 3628 1571 3716 laborare,
1597 3626 1648 3698 ita
1674 3633 1800 3717 ιιιιιιι,

250 3749 342 3840 quod
369 3749 536 3821 medietas
564 3750 666 3821 villae
693 3750 837 3839 laborat,
865 3750 1032 3822 medietas
1061 3755 1170 3820 vacat.
1196 3749 1285 3820 Item
1311 3747 1444 3820 faciunt
1470 3747 1698 3820 ducturaaad
1716 3749 1800 3820 rati·

251 3890 350 3941 onem
387 3870 529 3943 diarum
569 3871 657 3941 Item
694 3878 748 3942 est
781 3871 817 3941 in
853 3871 975 3941 eadem
1006 3869 1089 3940 villa
1124 3870 1271 3941 taberna
1298 3874 1421 3941 vocata
1447 3867 1642 3966 Bary'ez,
1669 3869 1800 3943 habeas

251 4011 354 4079 egros
381 3990 448 4062 sibi
475 3969 674 4079 adiunctos,
702 4010 788 4081 quae
824 4011 888 4080 pro
914 4010 1028 4061 annuo
1056 4010 1162 4084 censu
1189 3990 1294 4061 solvit
1320 3989 1531 4060 monasterio
1558 3994 1630 4060 tres
1657 3998 1802 4066 marcai,
1871 4079 1876 4087 ,

250 4117 286 4181 st
310 4131 416 4181 unum
443 4110 592 4201 lapidem
620 4112 703 4202 sepi.
730 4111 818 4187 Item
845 4116 927 4182 suut
952 4111 989 4180 iu
1016 4110 1101 4181 villa
1112 4109 1283 4200 praelata
1310 4109 1398 4181 duae
1425 4109 1651 4198 hortulaniae,
1670 4110 1799 4180 haben·

249 4239 303 4301 ιιι
330 4251 443 4320 agros,
470 4237 507 4301 et
533 4231 679 4320 quilibet
705 4231 909 4302 hortulanus
937 4230 1040 4328 solvit
1024 4236 1130 4320 tpro
1157 4250 1261 4300 ceusu
1289 4250 1423 4301 unum
1420 4229 1647 4300 dertonemet
1665 4229 1801 4301 laborat
1937 4234 1939 4238 '

251 4371 356 4423 uuam
393 4350 483 4422 diem
510 4351 716 4452 pedester
707 4373 742 4422 m
771 4351 990 4440 septimana.
988 4350 1095 4421 Item
1123 4350 1166 4420 de
1192 4370 1312 4421 eorum
1339 4349 1433 4439 agris
1470 4348 1609 4421 solvunt
1634 4349 1801 4421 decimam

254 4451 514 4560 manipularem,
540 4476 576 4542 ιι
602 4491 665 4561 per
692 4476 842 4561 quatuor
868 4470 1007 4559 ierugas
1034 4470 1244 4559 canapalem.
1271 4469 1364 4540 Ιιιιι
1382 4474 1454 4540 tam
1472 4469 1680 4557 emethoues,
1699 4488 1801 4558 quam

252 4591 454 4662 tabernator
480 4597 621 4677 tenetur
648 4592 691 4661 ad
719 4591 889 4680 duplicem
915 4588 1094 4684 powcbom
1120 4589 1328 4680 hyemalium
1356 4594 1392 4659 et
1418 4587 1633 4660 aestivalium
1651 4588 1801 4660 humen·
1934 4667 1937 4673 ,

252 4717 377 4781 torum.
403 4712 490 4782 Item
518 4718 590 4781 tam
617 4711 861 4798 emethonales,
888 4730 990 4800 quam
1016 4710 1250 4781 tabernatoris
1278 4715 1314 4780 et
1340 4708 1602 4780 hortalauorum
1627 4710 1716 4799 agri,
1733 4709 1802 4782 sol·

254 4838 339 4901 runt
366 4830 532 4902 decimam
560 4831 820 4921 manipularem,
847 4836 883 4902 et
909 4829 1039 4901 ducunt
1065 4848 1149 4899 eam.
1168 4829 1318 4919 propriis
1346 4829 1511 4901 curribus
1532 4829 1802 4901 inhermem...

252 4950 442 5041 locandum,
470 4960 508 5023 et
534 4951 631 5022 valor
658 4952 731 5023 eius
758 4950 962 5022 aestimatur
986 4950 1032 5021 ad
1060 4971 1120 5021 sex
1146 4970 1289 5022 marcas.
1329 4950 1417 5022 Item
1442 4948 1625 5040 praedium
1651 4968 1720 5021 noa
1746 4956 1801 5021 est

252 5072 300 5142 ibi
310 5092 456 5162 ,neque
493 5072 736 5143 molendinum.
776 5072 863 5143 Item
891 5070 974 5141 villa
1000 5069 1158 5160 praefata
1184 5072 1335 5143 confidat
1356 5092 1439 5143 cum
1467 5070 1565 5143 villis
1584 5069 1802 5161 Zagorze,
1909 5093 1914 5104 ⁸

253 5191 495 5281 Zlomirog,
523 5191 895 5282 Sthanyauthhy,
922 5190 1148 5262 Zahrzow.

355 5309 580 5401 Zaonuaoa,
616 5313 699 5383 villa
734 5313 798 5384 sub
833 5309 999 5412 parochia
1035 5310 1200 5383 ecclesiae
1236 5312 1294 5385 de
1307 5311 1565 5384 Bodzanow
1591 5312 1677 5402 sita,
1704 5313 1802 5384 cuius
1888 5348 1890 5353 ·
1991 5350 1994 5355 ·

252 5432 447 5520 proprietas
469 5439 507 5507 et
523 5432 712 5505 dominium
740 5431 785 5504 ad
811 5431 1059 5504 monasterium
1086 5431 1435 5504 sanctimonialium
1424 5452 1462 5503 ιι
1488 5431 1799 5537 Sthanysnth-

253 5551 309 5640 ky
337 5552 497 5663 pertinet.
537 5553 577 5624 In
605 5573 673 5643 qua
709 5559 790 5623 sunt
824 5557 956 5642 septem
992 5551 1084 5634 lanei
1115 5530 1368 5641 emethoualea,
1396 5551 1439 5623 de
1466 5551 1591 5642 quibus
1618 5548 1802 5621 solvente
1851 5578 1871 5626 ·.
1947 5549 1950 5553 ’

253 5691 316 5758 pro
343 5691 457 5743 annuo
493 5693 598 5744 censu
624 5671 884 5762 quatuordecim
912 5673 1036 5761 scotti,
1062 5673 1144 5744 item
1171 5673 1239 5744 duo
1270 5692 1437 5762 omenes,
1464 5672 1546 5740 itam
1573 5669 1703 5760 viginti-
1724 5662 1801 5758 ova,

253 5793 336 5861 item
364 5791 432 5862 duo
459 5794 570 5882 caeei3
595 5794 677 5865 item
705 5813 769 5883 pro
796 5789 975 5886 rapodone
993 5792 1133 5864 solvunt
1159 5792 1309 5890 medium
1335 5809 1494 5880 grossum
1512 5789 1556 5861 de
1574 5790 1693 5879 laaeo;
1719 5790 1804 5863 item

252 5930 317 6000 pro
351 5918 509 6004 oprcmne
544 5913 649 5984 etiam
685 5911 835 5987 medium
870 5930 1038 6000 grossum.
1079 5912 1167 5983 Item
1200 5911 1242 5982 de
1278 5911 1379 5982 laneo
1414 5910 1597 5983 solvuntur
1634 5910 1703 5982 duo
1730 5909 1804 5981 cori

253 6050 382 6102 avenae
409 6052 589 6103 mensurae
616 6031 855 6106 Gracoricnsis
882 6030 1067 6103 confertae.
1099 6032 1186 6103 Item
1214 6033 1413 6103 cmethones
1439 6031 1482 6103 de
1509 6031 1611 6102 laneo
1636 6030 1801 6120 quolibm,
1857 6012 1859 6016 ⁵

253 6151 389 6222 ateste
416 6151 533 6223 Sancti
560 6152 750 6243 Michaelis,
776 6154 821 6225 ad
847 6151 973 6224 festum
999 6151 1118 6222 Sancti
1144 6133 1325 6241 lobannis,
1343 6157 1504 6223 tenentur
1522 6157 1596 6222 tres
1613 6149 1689 6223 dies
1706 6149 1802 6223 labo·

253 6292 332 6342 rare
359 6272 501 6361 proprio
536 6292 639 6343 curru
675 6278 736 6346 aut
771 6277 958 6361 aratrma
983 6270 1073 6342 festo
1100 6269 1217 6341 Sancti
1244 6269 1432 6359 Johaanis,
1458 6269 1504 6342 ad
1529 6269 1654 6341 festum
1682 6267 1804 6345 ΒΜ
1849 6333 1851 6338 .

253 6390 444 6482 Michaelis
473 6391 628 6482 quolibet
655 6392 712 6463 die
738 6396 913 6535 tenantur
917 6392 1088 6482 laborare,
1105 6394 1247 6483 praetor
1264 6389 1356 6463 diem
1374 6389 1555 6478 Sabbati,
1546 6410 1581 6461 ιι
1599 6408 1669 6481 qao
1684 6394 1802 6462 tamea
