4217 8059
1741 1492 1815 1572 401

267 1701 334 1772 riri
362 1700 470 1772 italici
497 1706 560 1773 aut
584 1699 701 1791 gallici
727 1700 865 1791 generis
892 1700 1003 1773 locum
1030 1700 1126 1773 illum
1155 1705 1191 1771 et
1217 1700 1385 1792 incapite
1412 1706 1448 1772 et
1476 1702 1510 1773 in
1530 1702 1695 1776 membris
1723 1706 1816 1777 inooss

266 1821 403 1910 lebant,
439 1821 474 1890 in
503 1821 683 1911 locumque
710 1820 967 1910 decedentium,
1003 1822 1096 1893 novi
1112 1822 1179 1892 riri
1207 1844 1248 1893 err
1277 1820 1381 1893 ltalia
1416 1829 1477 1893 aut
1503 1820 1627 1895 Galliis
1662 1824 1815 1898 advocat

267 1938 544 2028 sufficiebantur,
580 1947 616 2011 et
643 1940 792 2012 mirabili
829 1948 934 2032 atque
969 1942 1128 2013 modesta
1162 1948 1233 2012 tam
1262 1942 1462 2029 harmonia,
1499 1964 1600 2033 qnam
1633 1947 1818 2018 concordia

266 2062 422 2134 coenobii
450 2060 553 2149 illius,
579 2060 615 2132 in
642 2061 893 2151 temporalibus
920 2069 956 2133 et
984 2063 1240 2153 spiritualibus,
1276 2063 1311 2133 in
1338 2063 1507 2153 religione
1534 2063 1662 2165 Sancta
1689 2065 1819 2138 Cister-

267 2183 373 2254 eiensi
401 2183 667 2272 practicabatur,
695 2182 824 2274 absque
852 2184 1087 2270 contentione,
1115 2203 1290 2255 murmure
1317 2191 1354 2254 et
1380 2185 1523 2274 querela
1551 2184 1653 2256 vitae.
1696 2185 1817 2277 Itaque

268 2309 304 2374 et
330 2304 504 2394 principes
521 2307 558 2374 et
575 2323 736 2393 proceres
763 2303 862 2393 regni
890 2303 1063 2394 Poloniae,
1091 2304 1257 2394 singulari
1286 2303 1472 2376 devotione
1497 2311 1536 2377 et
1561 2305 1707 2377 caritate
1739 2328 1819 2396 pro·

266 2433 345 2514 pter
372 2438 598 2513 personarum
634 2424 898 2513 religiositatem
934 2431 971 2496 et
1003 2424 1280 2515 sanctimoniam,
1316 2424 1367 2494 illi
1394 2424 1634 2497 afficiebantur
1661 2426 1757 2516 loco,
1784 2431 1820 2497 et

268 2545 537 2616 substantiarum
565 2564 703 2616 suarum
732 2543 967 2637 eleemosynas
985 2546 1020 2616 in
1039 2546 1135 2618 illum
1163 2546 1321 2617 munifice
1340 2552 1377 2617 et
1394 2545 1553 2617 certatim
1581 2545 1818 2619 conterebauti

267 2665 355 2736 Erat
381 2672 494 2737 antem
524 2665 721 2737 universum
750 2666 1005 2754 monasterium,
1032 2666 1179 2738 ecclesia
1196 2671 1233 2737 et
1251 2686 1369 2737 omnes
1397 2666 1555 2736 officinae
1581 2666 1657 2737 eius
1675 2665 1819 2756 plumbo

267 2790 391 2875 tectae,
419 2786 523 2875 longa
541 2787 736 2873 annositate
755 2787 819 2857 sub
837 2808 906 2859 uno
925 2793 1045 2858 tenore
1063 2786 1270 2873 duraturae,
1297 2786 1359 2856 aed
1378 2786 1516 2857 interim
1536 2785 1695 2858 humanis
1713 2785 1819 2857 scele-

268 2906 373 2995 ribus,
393 2907 612 2978 maiestatem
632 2907 784 2978 divinam
803 2906 1085 3006 provocantibus,
1100 2905 1325 2979 Tartarorum
1343 2927 1429 2996 gens
1447 2926 1489 2977 ex
1509 2902 1651 2997 perfidis
1669 2906 1820 2995 regioni-

268 3002 342 3114 bus,
361 3027 405 3097 ad
424 3028 536 3098 instar
554 3027 765 3098 locustarum
784 3027 819 3098 in
839 3046 965 3118 magna
982 3026 1214 3116 multitudiue,
1232 3027 1329 3098 cuius
1348 3026 1524 3120 Battby
1551 3032 1628 3098 erat
1646 3026 1820 3116 princeps,

268 3146 433 3235 ebuliens,
451 3152 489 3217 et
501 3167 646 3236 regnum
661 3146 826 3245 Boioniae
839 3146 979 3219 feritate
992 3148 1175 3219 barbarica
1187 3147 1393 3237 irrumpens,
1410 3154 1492 3236 post
1506 3145 1690 3237 plerasque
1703 3144 1819 3217 clades

267 3264 408 3338 Polonis
427 3286 502 3338 cum
522 3266 591 3340 illia
609 3266 791 3339 decertare
808 3264 1120 3357 praesumentibus,
1138 3269 1275 3341 occulto
1292 3267 1410 3341 divino
1429 3267 1558 3339 iudicio
1576 3267 1701 3356 illatas,
1719 3286 1818 3337 exer-

267 3387 375 3458 citum
389 3386 513 3458 bifarie
531 3370 651 3469 divisit
663 3394 698 3459 et
712 3408 780 3461 uuo
796 3408 917 3461 versos
934 3388 1205 3461 cracoviam
1227 3387 1446 3479 procedente,
1464 3388 1577 3460 altero
1591 3396 1714 3459 rursus
1727 3386 1819 3457 Lan·

268 3508 448 3579 eiciensem
467 3513 513 3579 ee
530 3509 671 3580 maioris
697 3508 863 3582 Poloniae
890 3529 970 3582 oras
997 3509 1216 3600 procedente,
1243 3509 1287 3580 ab
1315 3508 1457 3579 [salensi
1484 3508 1657 3598 districtu,
1684 3507 1720 3577 in
1749 3526 1818 3598 quo

269 3634 406 3717 extunc,
425 3648 534 3718 usque
551 3628 596 3729 ad
614 3629 701 3701 baec
719 3635 887 3720 tempora,
914 3631 1010 3705 locus
1037 3631 1221 3720 saltuosuS,
1247 3644 1311 3719 per
1329 3648 1428 3718 quem
1448 3623 1619 3701 barbarus
1636 3626 1820 3699 incedebat

268 3749 443 3839 Battby
461 3730 668 3838 appellatur,
682 3749 740 3821 nia
753 3750 799 3821 ad
821 3748 1138 3840 Wancbooask'o,
1166 3749 1410 3822 monasterinm
1424 3746 1595 3820 Rutbenis
1608 3746 1819 3840 regentibus,

269 3866 493 3941 Tartarorum
520 3886 661 3959 gressus
679 3870 803 3953 ductus
825 3871 995 3962 pervenit,
1021 3877 1058 3943 et
1083 3870 1202 3947 multis
1229 3869 1314 3941 viris
1341 3867 1514 3958 religiosis
1541 3868 1683 3958 necatis,
1710 3866 1819 3937 omni-

267 3991 337 4062 bus
359 3990 502 4082 insuper
528 3990 695 4062 clenodiis
721 3998 758 4062 et
784 3991 1008 4064 facultatibus
1026 3990 1227 4064 monasterii
1254 3980 1411 4081 direptis
1439 3989 1698 4068 monasterium¹
1712 3986 1818 4058 etiam

225 4176 228 4183 ,
267 4110 303 4183 iu
330 4111 432 4182 tectis
459 4111 532 4183 suis
558 4110 732 4183 nobilibus
768 4111 848 4202 igne
867 4112 1118 4203 conflagrarit3
1158 4113 1217 4183 ubi
1244 4117 1281 4183 et
1307 4114 1390 4180 tunc
1416 4108 1581 4181 universa
1616 4107 1818 4181 monasterii

267 4230 415 4322 praelati
444 4231 579 4320 periere
596 4238 667 4303 tam
687 4231 878 4323 privilegia,
906 4252 1008 4325 qnam
1027 4232 1189 4304 eumnilia
1206 4234 1243 4303 et
1261 4231 1372 4303 omnis
1399 4230 1506 4302 decor
1522 4229 1680 4302 coenobii
1706 4232 1744 4298 et
1762 4248 1820 4299 ne·
1962 4261 1967 4269 ·

269 4357 391 4422 nusms
418 4350 618 4422 deformata.
662 4350 735 4422 Nee
758 4357 942 4444 tantopere
969 4350 1207 4425 destructione
1232 4350 1434 4423 monasterii
1460 4356 1599 4439 secuta,
1631 4349 1746 4440 potnit
1773 4348 1818 4420 ad

268 4471 404 4561 plenum
434 4469 605 4560 resarciri,
646 4473 824 4545 contendit
850 4480 964 4546 tamen
994 4480 1160 4565 quantum
1187 4472 1224 4545 in
1252 4494 1294 4544 eo
1320 4470 1387 4543 iuit
1413 4471 1626 4543 clarissimus
1651 4474 1689 4540 et
1713 4469 1819 4542 dero·

267 4593 423 4664 tissimus
459 4592 621 4683 princeps
657 4581 908 4666 Boleslaus
942 4593 1145 4667 Pudicus
1180 4593 1422 4668 Oracoriensis
1456 4597 1494 4663 et
1530 4589 1819 4663 Sandomiriensis

268 4713 348 4802 dux,
375 4715 536 4802 stregai
563 4711 728 4786 Poloniae
755 4716 951 4804 monarcha,
979 4716 1225 4788 monasterium
1257 4713 1450 4806 praelatum
1479 4710 1756 4783 Wanchoczense
1783 4711 1819 4783 ln

268 4834 379 4905 literis
404 4833 618 4906 inundationis
644 4853 708 4925 per
733 4833 900 4906 Tartarus
927 4837 1134 4926 combustis,
1161 4841 1198 4908 et
1223 4836 1259 4906 in
1287 4834 1378 4907 villis
1405 4840 1442 4906 et
1468 4831 1743 4906 haereditatibus
1769 4832 1819 4903 ei-

268 4957 345 5026 dem
373 4956 585 5029 monasterio
610 4956 646 5027 in
674 4955 925 5046 eleemosynam
953 4955 1097 5048 collatis,
1123 4958 1168 5030 ab
1195 4955 1404 5029 alienatione
1421 4958 1459 5026 et
1476 4952 1702 5044 occupatione
1729 4951 1819 5023 iniu-

267 5083 323 5147 sta
349 5076 541 5149 vendicare.
572 5072 794 5168 Quapropter
818 5077 930 5149 eidem
959 5079 1170 5177 monasterio
1197 5079 1418 5168 intempore
1443 5074 1564 5148 futura
1589 5073 1819 5162 consultums,

267 5195 503 5269 fundationem
530 5197 732 5270 monasterii
759 5196 908 5288 praeisti
935 5217 1026 5269 anno
1052 5197 1192 5271 Domim
1206 5184 1208 5188 ’
1222 5199 1332 5286 1260,
1359 5201 1482 5269 octana
1508 5194 1565 5267 die
1592 5192 1686 5283 Mai,
1726 5192 1819 5286 apud

267 5315 471 5390 Gracoviam
497 5338 629 5410 agens,
662 5338 725 5410 per
751 5319 888 5391 litteras
915 5338 996 5392 suas
1023 5319 1189 5408 speciales
1216 5317 1403 5407 innovarit,
1429 5318 1466 5389 iu
1493 5316 1619 5409 quibus
1645 5321 1682 5387 et
1708 5315 1816 5387 dona·

267 5440 380 5509 bones
414 5445 452 5510 et
481 5439 667 5512 donatores
702 5459 745 5511 ex
781 5439 937 5529 nomine,
977 5439 1124 5532 pmvida
1157 5438 1331 5511 industria
1366 5437 1565 5510 multitariis
1600 5434 1817 5528 respectibus

267 5557 449 5649 protutura
474 5559 675 5650 singillatim
702 5559 896 5651 descripsit.
924 5559 996 5632 'Ex
1019 5580 1092 5651 quo
1118 5558 1256 5651 quidem
1284 5558 1466 5650 privilegio
1502 5555 1713 5628 Boleslai
1740 5554 1818 5626 Pu·

268 5678 364 5750 dici
390 5677 488 5753 ducis
514 5680 679 5771 praefati,
702 5681 807 5772 -quod
835 5683 869 5755 in
897 5682 1101 5754 monasterii
1126 5680 1417 5754 Wancbocaensis
1442 5684 1582 5751 tenetm
1605 5683 1645 5749 ‘et
1670 5676 1820 5748 babetur

267 5801 429 5890 armario,
457 5821 547 5873 vana
571 5821 715 5892 prorsus
741 5809 778 5874 et
804 5800 950 5874 ridenda
975 5802 1111 5875 censeri
1136 5801 1241 5875 debet
1265 5801 1519 5890 nonnullorum,
1546 5805 1583 5870 et
1608 5797 1814 5889 praesertim

267 5921 419 5993 familiae
446 5920 702 6013 cygnorum
728 5923 902 6014 gloriatio,
929 5938 1018 6014 quae
1044 5944 1083 5996 se
1109 5922 1312 5997 monasterii
1338 5921 1432 5994 illins
1458 5920 1586 5993 asserit
1612 5918 1817 5992 dotatrirem

267 6042 492 6133 principalem
527 6049 564 6114 et
588 6043 836 6133 fundatrieem3
876 6044 911 6115 in
939 6044 998 6116 lllo
1025 6044 1194 6136 siquidem
1231 6038 1432 6134 privilegio,
1457 6042 1574 6133 euasi
1609 6040 1645 6111 iu
1673 6039 1818 6131 quodam

267 6162 407 6252 speculo
434 6163 660 6253 mntemplari
685 6164 783 6255 licet,
819 6184 888 6236 nou
916 6184 1018 6236 unam
1045 6162 1304 6257 Oygnorum
1340 6163 1498 6253 domum,
1530 6161 1591 6235 sed
1617 6160 1734 6233 varias
1759 6179 1819 6250 ge-

269 6282 444 6373 nealogias
471 6293 508 6356 et
533 6282 701 6373 familias,
736 6285 983 6358 monasterium
1018 6274 1212 6377 praefatum
1247 6285 1291 6357 de
1318 6285 1391 6356 suis
1417 6282 1693 6385 haereditatibus
1720 6280 1820 6353 dota·

268 6405 596 6518 visse-saepefatum
611 6424 695 6476 vero
709 6404 769 6477 Bo
779 6404 867 6479 leel
878 6424 975 6497 auru
989 6405 1209 6480 Pudioum
1224 6404 1388 6495 Poloniae
1401 6406 1576 6515 1111111111
1587 6402 1820 6494 menorellam,

371 6571 526 6615 brunenses.
536 6573 577 6614 111.
1616 6555 1650 6605 bl
