4217 8059
1742 1498 1815 1569 nul

272 1704 519 1777 monasterium
554 1703 864 1783 Szeczechoviense
888 1704 1000 1794 pleno
1032 1704 1126 1793 iure,
1153 1724 1232 1776 cum
1258 1704 1338 1776 aliis
1362 1702 1508 1776 lacubus-
1532 1708 1572 1777 et
1595 1705 1749 1796 stagnis,
1776 1724 1819 1777 ex

273 1824 397 1914 quibus
423 1825 635 1897 monasterio
661 1825 961 1898 Saeczechoviensi
996 1825 1210 1903 foecunditas
1236 1826 1380 1916 piscium
1408 1825 1498 1898 solet
1524 1827 1725 1915 provenire,
1752 1847 1821 1897 non

272 1946 439 2016 minorem
471 1945 622 2025 fructum
658 1946 823 2035 afferens,
851 1967 954 2037 quam
990 1948 1020 2019 si
1055 1947 1184 2018 villa
1174 1968 1251 2038 rpsu
1285 1952 1322 2018 ιι
1356 1947 1472 2018 locata
1497 1946 1694 2039 hominibus
1720 1947 1819 2019 foret.

270 2066 409 2139 Donata
434 2067 644 2140 monasterio
670 2088 734 2158 per
759 2066 783 2139 J
791 2088 920 2139 axam
947 2068 1078 2140 ducem

186 2262 189 2267 ,
377 2187 580 2278 Nnrrrnrr,
607 2187 691 2260 villa
726 2189 920 2279 quondam
917 2188 998 2260 fuit
1032 2190 1097 2260 snb
1132 2189 1298 2280 parochia
1332 2189 1497 2261 ecclesiae
1533 2189 1576 2261 de
1611 2190 1823 2263 Lunczna

272 2308 398 2400 oppido
426 2309 513 2397 sita3
540 2309 601 2380 sed
628 2330 650 2380 a
675 2309 780 2401 longo
805 2315 963 2401 ternpore
990 2310 1187 2400 desertata,
1204 2326 1324 2401 neque
1351 2311 1535 2402 vestigium
1563 2310 1700 2401 quidem
1718 2311 1822 2383 villae

272 2431 420 2519 retinet;
456 2436 511 2502 est
546 2436 662 2503 tamen
698 2431 769 2502 illic
803 2433 899 2504 lacus
935 2432 1103 2522 optimus,
1130 2433 1189 2523 qui
1216 2432 1302 2504 iliud
1328 2452 1453 2504 nomen
1480 2426 1617 2522 servat,
1643 2453 1719 2503 cum
1748 2433 1820 2505 suis

213 2649 215 2652 ,
272 2551 493 2640 pertiuentiis
527 2557 565 2623 ιι
591 2550 877 2642 circumstantiis,
905 2553 1003 2624 cuius
1029 2554 1228 2644 proprietas
1255 2553 1359 2625 etiam
1387 2573 1487 2625 nuuc.
1501 2554 1655 2643 pertinet
1680 2553 1726 2625 ad
1751 2574 1823 2626 rno-

272 2672 466 2744 nasta'rium
498 2672 808 2746 Szeczechoviense
841 2675 990 2765 pleno
979 2695 1074 2764 rure,
1110 2673 1272 2777 afferens
1293 2675 1438 2764 singulis
1474 2675 1574 2745 anuis
1609 2675 1822 2801 monasterio

272 2793 416 2883 piscium
442 2794 649 2866 ubertatem
674 2795 815 2867 Donata
840 2816 904 2886 per
929 2794 953 2867 J
962 2816 1046 2866 ana
1073 2764 1195 2872 ducem
1220 2797 1441 2867 monasterio.
1905 2776 1907 2780 ’

375 2912 653 2986 Jnsszrnuown
679 2916 905 2989 Dnmsaown
932 2916 1019 2988 alias
1052 2916 1255 3006 Ornrnrr,
1290 2917 1373 2987 villa
1407 2916 1581 3007 quondam
1616 2915 1684 2987 fnit
1709 2916 1829 2988 locata

272 3037 468 3109 hominibus
495 3042 531 3108 et
557 3037 659 3141 culta,
686 3039 751 3132 sub
777 3037 942 3128 parochia
969 3039 1138 3111 ecclesiae
1165 3032 1208 3111 de
1234 3036 1429 3110 Garbow
1455 3039 1531 3126 sita,
1550 3030 1821 3128 cuiusproprie-

272 3163 326 3228 tas
361 3157 407 3228 ud
422 3158 686 3229 'mahumeriam
720 3158 1028 3258 Szeczechoviense
1055 3159 1157 3250 pleno
1185 3159 1264 3230 iure
1286 3159 1504 3249 pertinebat3
1539 3159 1648 3230 seda
1676 3160 1822 3230 circum·

272 3278 508 3351 adiacentibus
535 3283 572 3349 et
599 3279 720 3351 vicinis
746 3280 838 3352 uillis
865 3286 902 3351 et
928 3280 1137 3351 haeredibus
1164 3300 1284 3357 earum
1310 3281 1469 3370 pervim
1496 3284 1532 3351 ιι
1549 3279 1823 3389 iniuriamdim-

273 3406 336 3490 pta
369 3405 406 3471 et
441 3400 602 3472 mutilata
636 3405 709 3491 est,
736 3403 872 3473 nemine
908 3401 1143 3474 defensionem
1170 3408 1384 3492 opponente,
1410 3407 1447 3473 et
1472 3402 1636 3474 universa
1662 3401 1777 3473 deleta
1798 3420 1825 3472 a
1945 3413 1948 3418 ·

274 3521 363 3592 viliis
398 3519 713 3594 Jastnkowet
748 3522 1059 3614 Lyesszyecz,
1085 3523 1410 3613 Pyotrowicze
1435 3527 1472 3594 et
1498 3521 1644 3613 direpta
1683 3522 1823 3594 Donata

272 3642 482 3714 monasterio
518 3662 582 3732 per
616 3641 732 3715 Jara
765 3643 895 3715 ducem.
931 3644 1106 3716 Alienatio
1133 3649 1250 3715 autem
1276 3643 1379 3715 ιιιιιι
1405 3642 1584 3734 praefatae
1610 3648 1646 3715 ιι
1672 3643 1823 3734 direptio

271 3763 420 3834 ιιιιιιιιιιι
455 3783 498 3834 en
534 3763 723 3836 aufertur
756 3765 977 3856 provenisse,
1004 3751 1086 3857 quia
1118 3764 1297 3837 iohannes
1332 3765 1688 3856 Bothurzinsky
1714 3763 1822 3851 abbas

271 3884 395 3956 nobilis
422 3885 466 3955 de
493 3884 593 3956 domo
614 3885 841 3978 ι(ιιιιιιιιι
867 3892 949 3963 tuno
975 3887 1305 3976 Szeczechoriensis,
1333 3886 1528 3959 scoltetiam
1555 3885 1659 3957 villae
1688 3884 1822 3976 praefe-

271 4013 328 4076 ιιι
353 4005 569 4097 Opathhy
595 4007 700 4079 Petro
727 4007 1108 4101 Lyesszyeczsky
1144 4029 1207 4100 pro
1244 4014 1341 4079 certa
1375 4008 1541 4099 pecuniae
1576 4006 1709 4080 summa
1736 4028 1819 4078 ιιιι-

272 4127 377 4217 didit,
405 4129 464 4219 qui
500 4150 543 4200 er
581 4128 759 4201 vicinitate
795 4130 904 4201 muita
931 4150 1099 4220 occupare
1126 4130 1259 4219 coepit,
1287 4131 1384 4201 cuius
1411 4130 1605 4220 exemplum
1632 4130 1691 4200 alii
1719 4130 1824 4201 vicini
1953 4134 1955 4138 ’

271 4251 417 4340 sequuti,
443 4249 621 4339 praefatae
648 4249 752 4329 uillae
779 4249 1019 4320 residnitatem
1038 4254 1304 4338 occupaverunt,
1323 4255 1359 4319 ιι
1377 4269 1550 4340 occupare
1564 4271 1634 4321 non
1652 4250 1824 4321 desistunt

273 4371 308 4440 in
335 4371 425 4441 hanc
451 4370 553 4440 diem.
589 4414 592 4419 n
917 4436 923 4446 .

376 4490 599 4578 Szrnonczrc,
626 4490 710 4560 villa
737 4476 911 4581 qnondam
937 4490 1004 4561 fuit
1023 4491 1144 4563 iocata
1169 4490 1365 4561 hominibus
1392 4495 1429 4561 ιι
1453 4489 1565 4578 culta,
1592 4490 1637 4561 ad
1664 4490 1821 4581 proprie·

272 4618 379 4682 tatem
405 4610 608 4682 monasterii
635 4610 833 4701 pertinens3
868 4608 929 4683 sed
957 4611 1013 4682 vel
1040 4610 1233 4701 alluvione,
1260 4611 1316 4684 val
1343 4611 1536 4709 direptione
1562 4611 1733 4701 violenta,
1760 4618 1821 4684 aut

271 4733 385 4821 aliquo
412 4733 481 4803 alio
508 4751 590 4802 casu
618 4730 787 4822 disperiit,
814 4738 852 4803 ιι
868 4754 932 4804 nec
950 4753 1073 4803 nomen
1102 4732 1194 4805 iilius
1213 4733 1331 4823 scitur,
1350 4733 1412 4804 ant
1429 4732 1623 4823 vestigium,
1643 4739 1704 4804 aut
1721 4733 1817 4804 iocus

270 4854 306 4922 in
333 4854 514 4943 privilegio
541 4858 657 4924 ιιιιιιιι
674 4853 897 4945 fundationis,
923 4855 1016 4927 inter
1043 4855 1164 4946 villas,
1181 4875 1268 4946 quas
1294 4854 1545 4946 Sethegius
1572 4874 1685 4927 comes
1703 4874 1824 4927 mona·

271 4975 378 5045 sterio
405 4974 708 5046 Szeczechoviensi
743 4977 908 5068 contulit,
935 4976 1067 5066 scripta
1092 4983 1130 5048 ιι
1155 4965 1289 5049 inserta
1315 4956 1378 5048 est.
1412 4975 1551 5051 Donata
1577 4997 1639 5067 per
1667 4976 1823 5048 Sethe-

271 5097 390 5184 gium
419 5097 578 5168 comitem
605 5097 826 5169 monasterio.

373 5216 534 5289 Osrnow
560 5238 688 5307 nurus,
716 5218 875 5291 Osrnow
902 5240 1027 5310 omnus,
1054 5220 1187 5291 ambae·
1203 5219 1295 5292 duae
1318 5219 1422 5291 villae
1448 5219 1627 5310 praefatae
1653 5221 1765 5292 cultae
1789 5226 1825 5291 et

273 5339 407 5415 fumiae
442 5338 639 5410 homiuibus
658 5347 793 5430 erant,
821 5342 885 5419 sub
911 5341 1079 5431 parochia
1112 5330 1155 5412 de
1183 5341 1482 5414 Szeczecbow
1510 5341 1636 5433 oppido
1664 5342 1762 5430 sitae,
1788 5341 1824 5412 in

272 5442 380 5531 vastis
407 5461 605 5533 nemoribus
632 5463 785 5552 positae,
813 5480 958 5552 quarum
986 5463 1187 5534 cmethones
1213 5441 1365 5553 incolae,
1392 5483 1496 5553 quum
1523 5463 1560 5534 ιιι
1587 5462 1734 5533 saltibus
1761 5461 1820 5532 ds·

269 5581 409 5671 gendo,
435 5583 560 5654 animis
587 5569 764 5655 efferatis·
784 5583 820 5654 in
855 5583 950 5655 furta
985 5591 1021 5655 ιι
1055 5583 1279 5683 praedocinia
1308 5590 1352 5656 'se
1385 5582 1633 5673 dissolverant,
1660 5604 1724 5654 nec
1749 5583 1820 5654 ulio
1945 5595 1951 5611 ²

272 5709 373 5790 pacto
407 5708 572 5793 poterant
607 5724 630 5774 ι
655 5704 758 5776 furtis
785 5709 821 5775 ιι
846 5705 986 5795 praedis
1013 5705 1186 5796 cohiberi,
1212 5706 1314 5777 undis
1341 5710 1378 5776 ιι
1403 5704 1530 5796 sylvis,
1556 5702 1593 5775 iu
1621 5725 1705 5794 quas
1733 5703 1824 5775 refir-

269 5824 413 5912 giebant
428 5824 562 5914 tutati,
579 5826 683 5897 eiecti
709 5825 827 5918 itaque
852 5825 979 5909 exinde
1007 5832 1088 5897 sunt
1114 5832 1151 5898 ιι
1177 5826 1413 5916 exterminati,
1441 5825 1560 5917 sylvae
1586 5830 1700 5896 tamen
1728 5826 1823 5915 ipsae

270 5952 307 6014 et
331 5944 416 6032 loca,
442 5945 482 6015 iu
506 5945 636 6036 quibus
656 5946 807 6019 culmina
833 5945 994 6019 villarum
1012 5947 1247 6037 praefatarum
1265 5947 1493 6037 habebantur,
1512 5947 1556 6018 ud
1574 5946 1824 6038 proprietatem

271 6065 475 6136 monasterii
501 6065 822 6140 Szecuechoviensis
849 6069 1035 6158 pertinent,
1062 6074 1099 6139 ιι
1124 6068 1302 6140 habentur
1315 6068 1387 6139 illic
1403 6068 1568 6159 piscinae,
1587 6073 1699 6158 prata,
1718 6066 1821 6157 apum

270 6186 433 6276 alvearia,
460 6187 662 6261 venationes
676 6196 725 6261 ιι
751 6197 909 6263 ιιιιιιιι
936 6189 1200 6261 commoditates
1226 6189 1271 6261 ud
1297 6210 1397 6278 usum
1423 6189 1625 6262 monasterii
1653 6188 1751 6259 etad
1769 6187 1824 6260 ins

269 6309 493 6400 pertinentes.
518 6288 689 6380 Donatae¹
704 6330 768 6400 per
794 6310 1061 6402 Sethe‘gium
1088 6309 1248 6383 comitem
1274 6310 1494 6384 monasterio.

362 6429 583 6523 'errnonn
608 6428 691 6502 rifle
715 6430 887 6526 quondum
912 6431 1203 6508 hsithorninibus
1220 6431 1340 6507 locata
1361 6435 1399 6507 ιι
1423 6449 1585 6525 possessa
1610 6433 1647 6507 et
1664 6429 1765 6522 culta,
1781 6429 1828 6505 ad
