4217 8059
1778 1482 1825 1552 81
1973 1483 1992 1543 s

275 1682 325 1753 de,
353 1681 511 1772 Praga
527 1650 607 1757 Μ
641 1622 969 1773 αὴῠεᾷζὲιυὺίοἰεηε
1002 1684 1161 1774 praefato
1196 1685 1406 1754 monasterio
1443 1691 1478 1755 et
1506 1686 1628 1755 uniens
1655 1688 1827 1776 hospitale

138 1884 143 1891 ,
274 1804 488 1876 infirmorum
517 1805 551 1873 in
578 1804 800 1893 Saudacz,
826 1810 866 1874 et
897 1825 1022 1892 caram<
1053 1826 1238 1894 egenorum
1275 1806 1391 1877 abbati
1429 1827 1493 1896 pro
1529 1812 1685 1896 tempore
1721 1831 1827 1880 anne·
1871 1842 1874 1849 v

273 1932 393 2014 stans,
417 1931 455 1996 et
481 1926 573 1997 bona
599 1926 633 1996 iu
662 1925 777 1997 dotem
805 1927 1017 1997 monasterio
1052 1949 1074 1996 a
1101 1947 1138 1997 se
1165 1927 1249 1997 data
1275 1927 1435 1997 maximis
1457 1930 1715 2017 ‚praerogativis
1741 1930 1828 2007 libe-

274 2066 364 2119 raua
404 2044 667 2123 observabatur
694 2052 817 2118 autern
853 2047 918 2117 snb
953 2048 1121 2137 regimine
1138 2070 1140 2076 ·
1157 2046 1306 2137 praefati
1340 2049 1498 2136 magistri
1514 2048 1757 2121 ..lobannis
1783 2052 1826 2122 de

273 2164 431 2257 Praga,
458 2167 495 2237 iu
522 2166 616 2238 dicto
634 2167 860 2239 Sandecacusi
879 2169 1101 2257 monasterio,
1120 2167 1298 2257 religionis
1325 2172 1677 2259 praemonstratensis
1704 2172 1823 2242 distri·-

143 2320 147 2325 ’
274 2290 354 2376 etio,
381 2309 445 2359 nec
473 2289 599 2360 licebat
623 2288 791 2360 iratribus
809 2290 973 2361 carnium
991 2310 1083 2361 usus.
1098 2290 1186 2378 ·Quo
1205 2291 1398 2377 recedente,
1416 2291 1522 2361 etiam
1541 2294 1690 2384 cessavit
1707 2293 1826 2365 distri-

273 2410 362 2498 ctio;
389 2410 574 2481 arctiorem
601 2410 692 2480 enim
720 2410 922 2485 desiderans
949 2411 1119 2500 vitam,in
1140 2412 1710 2484 monasterium-camaldulensium
1734 2423 1826 2487 sect
1927 2419 1932 2436 ⁶

273 2531 343 2602 illic
367 2533 470 2606 aunis
496 2531 654 2621 pluribus
680 2532 865 2620 militavit;
892 2532 1030 2604 vocavit
1057 2534 1193 2604 saeuum
1213 2534 1406 2605 Basiliense
1424 2533 1604 2605 consilinm
1631 2556 1696 2624 pro
1724 2536 1826 2607 redu·

273 2654 386 2724 ctione
413 2652 645 2724 Bohemorum
672 2653 804 2725 haeret
779 2660 925 2725 trcorum
953 2663 1209 2745 congregatum,
1237 2656 1312 2727 eins
1338 2675 1464 2745 opere
1461 2676 1613 2777 uacuum
1615 2657 1753 2746 ,ipsum
1781 2659 1826 2729 ad

272 2795 319 2862 se,
347 2794 412 2865 per
435 2773 576 2846 litteras
602 2794 748 2864 quarum
773 2775 954 2866 exemplar
980 2776 1122 2848 subicio.

310 3016 604 3102 &croaancta
640 2966 884 3103 Baallienals
916 2953 1108 3128 synodus
1141 2948 1369 3128 imSpirltu
1403 3025 1561 3124 Sancto
1595 3027 1778 3130 legitime
1815 2964 1819 2971 ι

370 3180 394 3289 'U
427 3166 696 3267 congregata,
732 3160 1016 3295 universalem
1050 3162 1286 3276 Ecclesiam
1319 3157 1663 3291 &praesentans
1751 3168 1754 3175 '

316 3414 321 3421 ·
375 3382 678 3467 Venerabiliviro
703 3383 805 3456 fratri
832 3382 1113 3476 Hyeronimo
1140 3371 1184 3454 dc
1211 3382 1359 3473 Praga
1384 3383 1540 3473 professo
1559 3390 1747 3455 conventus
1766 3406 1823 3456 ca-

271 3503 494 3577 maldulensis
530 3491 677 3576 salutem
713 3510 750 3576 et
785 3503 1041 3597 omnipotentis
1068 3505 1141 3576 -Dei
1177 3503 1463 3576 benedictionem.
1504 3504 1593 3593 Quia
1628 3527 1729 3577 servo
1757 3507 1822 3577 Dei

270 3625 381 3697 locum
401 3626 462 3714 ire,
488 3626 540 3697 illi
568 3626 710 3716 seilicet,
737 3627 796 3718 qui
822 3644 866 3698 se
887 3632 1000 3698 totum
1027 3626 1064 3697 iu
1091 3625 1330 3698 holocaustum
1358 3627 1431 3697 Deo
1459 3622 1606 3715 obtulit,
1633 3648 1701 3696 non
1729 3628 1823 3698 urbi-

273 3747 407 3818 tramur
433 3747 686 3820 exhortatione·
703 3769 791 3839 opus
817 3768 894 3820 asse
921 3747 1018 3820 adid
1037 3749 1409 3838 persuadendumque
1428 3747 1513 3818 nihil
1532 3748 1646 3829 carius
1664 3735 1730 3838 ipsi
1749 3749 1823 3819 Deo

269 3888 345 3940 esse
360 3874 497 3960 potest,
524 3870 695 3961 quonum
713 3870 825 3966 multa
850 3869 908 3963 ad*
921 3869 1182 3952 rembellicam
1208 3871 1431 3960 pertinentia,
1449 3889 1514 3959 per
1534 3868 1729 3959 quindecim
1747 3869 1821 3940 iere

269 4008 378 4064 anuos
403 3990 469 4082 pro
496 3992 704 4083 extirpanda
730 3992 866 4064 haered
894 3992 1083 4065 Bohe'mica
1108 3996 1207 4065 tenta
1232 3997 1324 4082 sunt,
1350 3997 1387 4062 et
1404 3992 1543 4081 plurimi
1562 3992 1822 4063 maximiexer:

268 4113 358 4186 citus
393 4134 498 4187 manu
532 4103 774 4205 potentissima
808 4113 852 4184 in*
880 4112 1088 4213 Bohemiam.
1117 4114 1281 4204 proiecti,
1309 4135 1372 4186 nec
1398 4114 1580 4204 quicquam
1601 4113 1821 4203 profuerunt,
1865 4207 1868 4213 .
1912 4125 1915 4135 '

186 4318 190 4323 ¹
269 4236 421 4326 quinimo
450 4256 518 4327 qno
545 4236 622 4326 plus
650 4236 756 4306 armis
784 4241 964 4324 vexantur,
990 4256 1031 4306 eo
1059 4236 1169 4325 magis
1196 4235 1405 4305 indurantur
1439 4239 1475 4305 et
1502 4239 1681 4322 crescunt3
1708 4237 1820 4306 visum

268 4362 333 4428 est·
358 4357 503 4447 Spiritui
540 4346 668 4429 Sancto
704 4363 740 4427 et
776 4356 893 4446 nobis,
921 4355 1064 4446 aggredi
1101 4356 1195 4445 pacis
1222 4362 1257 4426 et
1283 4355 1555 4426 mausuetudinis
1583 4356 1754 4444 remedia,
1782 4361 1821 4441 ut

269 4479 360 4568 quod
396 4468 502 4549 viee
520 4482 670 4565 ..terrore
706 4478 856 4548 humano
891 4471 978 4547 ellici
1001 4496 1078 4547 nou
1114 4477 1247 4566 potuit,
1273 4477 1334 4547 liat
1360 4478 1505 4547 caritate
1531 4482 1568 4546 et
1594 4476 1820 4565 benignitate.

268 4599 343 4670 Nec
368 4598 506 4671 modurn
534 4599 637 4670 alium
674 4619 737 4670 uos
768 4594 809 4669 in*
832 4597 970 4688 Spiritu
992 4593 1304 4688 Sancto'lcgitime'
1325 4603 1570 4687 congregatos,
1599 4596 1714 4666 dicere
1742 4598 1814 4667 exi-

268 4723 469 4810 stimamus,
484 4736 600 4811 quarn'·
613 4720 747 4810 Spiritu
769 4705 930 4791 «leuitatis
956 4718 1084 4790 iratres
1111 4724 1251 4794 nostros
1282 4725 1451 4806 errantes,
1483 4717 1638 4788 adriam
1660 4719 1819 4789 veritatis

268 4841 443 4913 reducere.
471 4841 621 4913 Proinde
642 4835 683 4912 in
695 4841 1032 4935 principionostrae
1050 4839 1468 4931 sacrae-congregationis
1486 4859 1546 4910 eos
1563 4845 1713 4928 paterna
1731 4840 1820 4910 cari·

267 4969 342 5034 tate
367 4963 411 5034 ad
439 4984 508 5040 nus·
528 4964 736 5053 vocavimus,
762 4963 946 5034 offerentes
972 4964 1024 5035 eis
1050 4983 1169 5052 pacem
1186 4983 1237 5033 -ac
1263 4961 1491 5033 concordiam.
1516 4961 1568 5030 Et
1593 4961 1675 5051 quia
1701 4961 1819 5031 hacte-

268 5104 334 5156 nus
367 5084 554 5175 plurimum
591 5084 770 5174 conquesti
806 5083 962 5171 fucrant,
989 5083 1133 5154 nuliam-
1154 5084 1308 5180 potuisse
1340 5080 1469 5153 habere
1496 5082 1729 5170 audientiam,
1756 5101 1820 5152 nos

267 5226 332 5296 per
348 5206 487 5278 litteras
506 5206 646 5277 nostras
662 5218 738 5298 eam
757 5205 958 5276 liberam-et
976 5188 1129 5295 inplens
1146 5203 1257 5275 forma
1274 5203 1471 5275 obtulimus.
1499 5202 1549 5274 Ut
1567 5203 1600 5273 in
1620 5209 1735 5273 autem
1754 5203 1820 5274 hoe

267 5333 422 5399 mactum
440 5342 538 5418 ‘opus
563 5327 734 5400 maturius
758 5327 1005 5416 explicaretur,
1028 5325 1169 5397 nostros
1196 5320 1356 5395 solennes
1383 5330 1541 5395 oratores
1569 5324 1613 5394 ad
1640 5324 1716 5394 loca
1734 5324 1818 5393 vici-

267 5468 314 5521 na
339 5448 548 5522 'Bohemiae
571 5448 847 5539 transmisimus,
883 5448 942 5538 qui
976 5466 1049 5517 rem
1087 5432 1188 5517 istam
1223 5444 1409 5536 diligenter
1434 5451 1616 5533 curarent,
1643 5445 1679 5514 iri
1707 5445 1819 5514 nostri

266 5568 517 5642 ambasiatores
542 5569 684 5657 taudem
704 5570 739 5639 iu
757 5569 885 5659 oppido
903 5567 1036 5658 Egrae
1054 5586 1132 5637 cum
1151 5566 1442 5661 ambasiatoribus
1461 5566 1703 5654 Bohemornm‚
1721 5564 1818 5635 vide-

266 5690 348 5763 licet
373 5686 610 5783 ngensium,
629 5690 837 5764 Omanorum
865 5695 902 5760 et
927 5688 1184 5774 Taburitarum,
1202 5689 1296 5759 inter
1313 5708 1399 5778 qnos
1418 5694 1519 5758 eram
1537 5687 1700 5758 ductores
1719 5707 1818 5756 exer-

226 5880 228 5884 ,
266 5814 395 5885 situum
421 5813 516 5885 iilius
542 5815 658 5904 gentis
685 5809 936 5899 concluserunt,
958 5811 1054 5900 ¹quod
1083 5811 1246 5882 solemnis
1273 5810 1466 5881 ambasiata
1493 5811 1643 5880 omnium
1664 5815 1817 5879 statuum

265 5930 376 6027 regni·
390 5937 458 6008 hue
484 5940 632 6007 ventura
657 5937 704 6006 sit
729 5939 766 6005 et
792 5931 870 6003 dari
887 5931 940 6002 eis
958 5931 1170 6003 audientiam
1188 5932 1325 6021 plenam
1352 5952 1458 6021 super
1484 5936 1634 6022 quatuor
1651 5929 1818 6018 articulis,

264 6057 309 6129 ad
336 6078 423 6148 quos
451 6057 587 6129 demum
615 6075 653 6127 se
680 6055 911 6143 reduxerunt,¹
929 6053 1204 6124 coniecturarum
1224 6055 1317 6144 ipsos
1335 6052 1392 6124 hic
1409 6052 1546 6124 rirtnros
1565 6057 1645 6122 ante
1664 6071 1824 6121 mensem
1868 6146 1872 6155 ι

265 6178 510 6271 Septembrem.
537 6179 692 6251 Narrant
718 6177 754 6249 hi
781 6176 892 6248 nostri
918 6173 1030 6245 nuntii
1050 6192 1127 6245 cum
1145 6181 1245 6246 tanta
1262 6177 1408 6247 caritate
1427 6183 1611 6264 utrumqne
1629 6174 1695 6243 hoo
1712 6193 1818 6263 nego·

263 6301 351 6372 tium
378 6301 587 6391 conclusum,
614 6307 653 6372 nt
679 6318 776 6393 spent
802 6320 848 6392 op
848 6298 967 6371 timum
985 6296 1198 6369 reductionis
1216 6297 1353 6369 illorum
1373 6298 1577 6387 concipiant,
1597 6299 1728 6369 multa
1724 6320 1817 6371 asse-

263 6422 382 6494 runt
371 6443 407 6493 m
426 6423 623 6494 huiusmodi
640 6427 794 6557 tractatu
811 6420 1051 6561 intervenisse,
1069 6437 1133 6511 per
1150 6420 1239 6512 duae
1257 6420 1357 6491 tam
1348 6419 1427 6509 ipsi
1434 6440 1536 6510 quam
1555 6441 1618 6492 nos
1637 6422 1816 6494 erudientes

365 6588 577 6634 mnndum.
1615 6573 1648 6620 ll
