<?xml version="1.0" encoding="UTF-8"?>
<!DOCTYPE html PUBLIC "-//W3C//DTD XHTML 1.0 Transitional//EN"
    "http://www.w3.org/TR/xhtml1/DTD/xhtml1-transitional.dtd">
<html xmlns="http://www.w3.org/1999/xhtml" xml:lang="en" lang="en">
 <head>
  <title>
</title>
<meta http-equiv="Content-Type" content="text/html;charset=utf-8" />
  <meta name='ocr-system' content='tesseract 3.04.00' />
  <meta name='ocr-capabilities' content='ocr_page ocr_carea ocr_par ocr_line ocrx_word'/>
</head>
<body>
  <div class='ocr_page' id='page_1' title='image "./joannisdugoszse02dugoog_0434.png"; bbox 0 0 4217 8059; ppageno 0'>
   <div class='ocr_carea' id='block_1_1' title="bbox 304 1474 380 1544">
    <p class='ocr_par' dir='ltr' id='par_1_1' title="bbox 304 1474 380 1544">
     <span class='ocr_line' id='line_1_1' title="bbox 304 1474 380 1544; baseline -0.013 -1"><span class='ocrx_word' id='word_1_1' title='bbox 304 1474 380 1544; x_wconf 69' lang='lat'>420</span> 
     </span>
    </p>
   </div>
   <div class='ocr_carea' id='block_1_2' title="bbox 240 1667 1896 2375">
    <p class='ocr_par' dir='ltr' id='par_1_2' title="bbox 240 1667 1863 2011">
     <span class='ocr_line' id='line_1_2' title="bbox 304 1667 1861 1767; baseline -0.003 -16"><span class='ocrx_word' id='word_1_2' title='bbox 304 1680 453 1751; x_wconf 82' lang='lat' dir='ltr'>edocto</span> <span class='ocrx_word' id='word_1_3' title='bbox 481 1699 624 1750; x_wconf 89' lang='lat' dir='ltr'>marcas.</span> <span class='ocrx_word' id='word_1_4' title='bbox 670 1667 929 1748; x_wconf 68' lang='lat' dir='ltr'>ltem&#39;taberna</span> <span class='ocrx_word' id='word_1_5' title='bbox 955 1684 1010 1749; x_wconf 89' lang='lat' dir='ltr'>est</span> <span class='ocrx_word' id='word_1_6' title='bbox 1038 1699 1125 1767; x_wconf 91' lang='lat' dir='ltr'>una,</span> <span class='ocrx_word' id='word_1_7' title='bbox 1161 1678 1292 1750; x_wconf 90' lang='lat' dir='ltr'>habens</span> <span class='ocrx_word' id='word_1_8' title='bbox 1320 1677 1468 1748; x_wconf 89' lang='lat' dir='ltr'>medium</span> <span class='ocrx_word' id='word_1_9' title='bbox 1497 1677 1652 1761; x_wconf 88' lang='lat' dir='ltr'>laneum,</span> <span class='ocrx_word' id='word_1_10' title='bbox 1689 1684 1725 1747; x_wconf 94' lang='lat' dir='ltr'>et</span> <span class='ocrx_word' id='word_1_11' title='bbox 1752 1676 1861 1747; x_wconf 89' lang='lat' dir='ltr'>solvit</span> 
     </span>
     <span class='ocr_line' id='line_1_3' title="bbox 240 1787 1863 1893; baseline -0.002 -20"><span class='ocrx_word' id='word_1_12' title='bbox 240 1787 242 1790; x_wconf 32' lang='lat'>⁵</span> <span class='ocrx_word' id='word_1_13' title='bbox 304 1801 468 1873; x_wconf 83' lang='lat' dir='ltr'><strong>decimam</strong></span> <span class='ocrx_word' id='word_1_14' title='bbox 498 1801 706 1870; x_wconf 88' lang='lat' dir='ltr'>monasterio</span> <span class='ocrx_word' id='word_1_15' title='bbox 727 1800 999 1870; x_wconf 88' lang='lat' dir='ltr'>Wanclmczeusi</span> <span class='ocrx_word' id='word_1_16' title='bbox 1027 1801 1061 1870; x_wconf 94' lang='lat' dir='ltr'>in</span> <span class='ocrx_word' id='word_1_17' title='bbox 1087 1793 1292 1893; x_wconf 66' lang='lat' dir='ltr'>percpi-rocoa</span> <span class='ocrx_word' id='word_1_18' title='bbox 1317 1799 1403 1869; x_wconf 84' lang='lat' dir='ltr'><strong>Item</strong></span> <span class='ocrx_word' id='word_1_19' title='bbox 1433 1798 1652 1869; x_wconf 82' lang='lat' dir='ltr'>lrortulaniae</span> <span class='ocrx_word' id='word_1_20' title='bbox 1680 1820 1748 1870; x_wconf 94' lang='lat' dir='ltr'>non</span> <span class='ocrx_word' id='word_1_21' title='bbox 1766 1807 1863 1887; x_wconf 84' lang='lat' dir='ltr'>sunt,</span> 
     </span>
     <span class='ocr_line' id='line_1_4' title="bbox 304 1920 1597 2011; baseline 0 -19"><span class='ocrx_word' id='word_1_22' title='bbox 304 1923 385 1992; x_wconf 91' lang='lat' dir='ltr'>item</span> <span class='ocrx_word' id='word_1_23' title='bbox 414 1921 645 1993; x_wconf 85' lang='lat' dir='ltr'>molendinum</span> <span class='ocrx_word' id='word_1_24' title='bbox 674 1944 741 1993; x_wconf 93' lang='lat' dir='ltr'>nou</span> <span class='ocrx_word' id='word_1_25' title='bbox 770 1929 833 2010; x_wconf 84' lang='lat' dir='ltr'>est,</span> <span class='ocrx_word' id='word_1_26' title='bbox 861 1923 943 1991; x_wconf 91' lang='lat' dir='ltr'>item</span> <span class='ocrx_word' id='word_1_27' title='bbox 970 1920 1151 2011; x_wconf 83' lang='lat' dir='ltr'>praedium</span> <span class='ocrx_word' id='word_1_28' title='bbox 1180 1943 1248 2009; x_wconf 86' lang='lat' dir='ltr'>uon</span> <span class='ocrx_word' id='word_1_29' title='bbox 1276 1929 1339 1992; x_wconf 87' lang='lat' dir='ltr'>est.</span> <span class='ocrx_word' id='word_1_30' title='bbox 1596 1931 1597 1934; x_wconf 76' lang='grc'>’</span> 
     </span>
    </p>

    <p class='ocr_par' dir='ltr' id='par_1_3' title="bbox 258 2041 1896 2375">
     <span class='ocr_line' id='line_1_5' title="bbox 408 2041 1862 2133; baseline -0.001 -20"><span class='ocrx_word' id='word_1_31' title='bbox 408 2043 587 2131; x_wconf 78' lang='lat' dir='ltr'>Bauuou,</span> <span class='ocrx_word' id='word_1_32' title='bbox 615 2042 699 2113; x_wconf 85' lang='lat' dir='ltr'>uilla</span> <span class='ocrx_word' id='word_1_33' title='bbox 725 2043 788 2112; x_wconf 93' lang='lat' dir='ltr'>sub</span> <span class='ocrx_word' id='word_1_34' title='bbox 816 2044 982 2132; x_wconf 90' lang='lat' dir='ltr'>parochia</span> <span class='ocrx_word' id='word_1_35' title='bbox 1008 2044 1052 2113; x_wconf 92' lang='lat' dir='ltr'>de</span> <span class='ocrx_word' id='word_1_36' title='bbox 1071 2041 1336 2133; x_wconf 62' lang='lat' dir='ltr'>&#39;WJ&#39;szokye</span> <span class='ocrx_word' id='word_1_37' title='bbox 1364 2043 1450 2130; x_wconf 86' lang='lat' dir='ltr'>sita,</span> <span class='ocrx_word' id='word_1_38' title='bbox 1478 2043 1574 2112; x_wconf 91' lang='lat' dir='ltr'>cuius</span> <span class='ocrx_word' id='word_1_39' title='bbox 1603 2043 1725 2131; x_wconf 77' lang='lat' dir='ltr'>haeres</span> <span class='ocrx_word' id='word_1_40' title='bbox 1754 2042 1862 2112; x_wconf 90' lang='lat' dir='ltr'>Nico-</span> 
     </span>
     <span class='ocr_line' id='line_1_6' title="bbox 258 2154 1896 2255; baseline 0 -20"><span class='ocrx_word' id='word_1_41' title='bbox 258 2198 260 2201; x_wconf 92' lang='lat'><em>·</em></span> <span class='ocrx_word' id='word_1_42' title='bbox 303 2164 379 2236; x_wconf 84' lang='lat' dir='ltr'>laus</span> <span class='ocrx_word' id='word_1_43' title='bbox 408 2165 664 2243; x_wconf 84' lang='lat' dir='ltr'>Bankowsk</span> <span class='ocrx_word' id='word_1_44' title='bbox 674 2188 697 2255; x_wconf 82' lang='lat' dir='ltr'><strong>y</strong></span> <span class='ocrx_word' id='word_1_45' title='bbox 724 2165 851 2236; x_wconf 90' lang='lat' dir='ltr'>nobilis</span> <span class='ocrx_word' id='word_1_46' title='bbox 878 2165 921 2235; x_wconf 91' lang='lat' dir='ltr'>de</span> <span class='ocrx_word' id='word_1_47' title='bbox 949 2166 1050 2236; x_wconf 87' lang='lat' dir='ltr'>domo</span> <span class='ocrx_word' id='word_1_48' title='bbox 1071 2218 1184 2233; x_wconf 90' lang='grc'><strong>.....</strong></span> <span class='ocrx_word' id='word_1_49' title='bbox 1226 2165 1264 2234; x_wconf 92' lang='lat' dir='ltr'>ln</span> <span class='ocrx_word' id='word_1_50' title='bbox 1293 2185 1361 2254; x_wconf 88' lang='lat' dir='ltr'>qua</span> <span class='ocrx_word' id='word_1_51' title='bbox 1388 2170 1469 2234; x_wconf 91' lang='lat' dir='ltr'>sunt</span> <span class='ocrx_word' id='word_1_52' title='bbox 1495 2164 1585 2234; x_wconf 90' lang='lat' dir='ltr'>lanei</span> <span class='ocrx_word' id='word_1_53' title='bbox 1615 2154 1862 2251; x_wconf 85' lang='lat' dir='ltr'>cmethonales,</span> <span class='ocrx_word' id='word_1_54' title='bbox 1891 2188 1896 2197; x_wconf 87' lang='lat'>·</span> 
     </span>
     <span class='ocr_line' id='line_1_7' title="bbox 304 2285 1865 2375; baseline -0.001 -19"><span class='ocrx_word' id='word_1_55' title='bbox 304 2285 500 2375; x_wconf 78' lang='lat' dir='ltr'>dequibus</span> <span class='ocrx_word' id='word_1_56' title='bbox 527 2288 685 2357; x_wconf 92' lang='lat' dir='ltr'>omnibus</span> <span class='ocrx_word' id='word_1_57' title='bbox 721 2287 869 2357; x_wconf 90' lang='lat' dir='ltr'>solvitur</span> <span class='ocrx_word' id='word_1_58' title='bbox 895 2292 932 2356; x_wconf 91' lang='lat' dir='ltr'>et</span> <span class='ocrx_word' id='word_1_59' title='bbox 958 2286 1164 2357; x_wconf 82' lang='lat' dir='ltr'><strong>conducitur</strong></span> <span class='ocrx_word' id='word_1_60' title='bbox 1200 2285 1332 2355; x_wconf 89' lang='lat' dir='ltr'>decima</span> <span class='ocrx_word' id='word_1_61' title='bbox 1368 2285 1592 2374; x_wconf 79' lang='lat' dir='ltr'>manipularis</span> <span class='ocrx_word' id='word_1_62' title='bbox 1620 2294 1656 2354; x_wconf 88' lang='lat' dir='ltr'>et</span> <span class='ocrx_word' id='word_1_63' title='bbox 1683 2285 1865 2374; x_wconf 89' lang='lat' dir='ltr'>canapalis</span> 
     </span>
    </p>
   </div>
   <div class='ocr_carea' id='block_1_3' title="bbox 180 2406 1928 2497">
    <p class='ocr_par' dir='ltr' id='par_1_4' title="bbox 180 2406 1928 2497">
     <span class='ocr_line' id='line_1_8' title="bbox 180 2406 1928 2497; baseline -0.002 -19"><span class='ocrx_word' id='word_1_64' title='bbox 180 2426 182 2430; x_wconf 84' lang='lat'>·</span> <span class='ocrx_word' id='word_1_65' title='bbox 304 2428 367 2497; x_wconf 92' lang='lat' dir='ltr'>pro</span> <span class='ocrx_word' id='word_1_66' title='bbox 394 2408 605 2478; x_wconf 82' lang='lat' dir='ltr'>monasterio</span> <span class='ocrx_word' id='word_1_67' title='bbox 633 2406 912 2495; x_wconf 82' lang='lat' dir='ltr'>Wanchoczensi,</span> <span class='ocrx_word' id='word_1_68' title='bbox 940 2415 977 2478; x_wconf 91' lang='lat' dir='ltr'>et</span> <span class='ocrx_word' id='word_1_69' title='bbox 1004 2408 1101 2477; x_wconf 89' lang='lat' dir='ltr'>valor</span> <span class='ocrx_word' id='word_1_70' title='bbox 1128 2408 1203 2478; x_wconf 91' lang='lat' dir='ltr'>eins</span> <span class='ocrx_word' id='word_1_71' title='bbox 1230 2409 1434 2478; x_wconf 90' lang='lat' dir='ltr'>aestimatur</span> <span class='ocrx_word' id='word_1_72' title='bbox 1460 2407 1503 2476; x_wconf 92' lang='lat' dir='ltr'>ad</span> <span class='ocrx_word' id='word_1_73' title='bbox 1523 2461 1663 2477; x_wconf 92' lang='grc'><strong>......</strong></span> <span class='ocrx_word' id='word_1_74' title='bbox 1692 2407 1777 2477; x_wconf 90' lang='lat' dir='ltr'>Item</span> <span class='ocrx_word' id='word_1_75' title='bbox 1806 2413 1865 2475; x_wconf 89' lang='lat' dir='ltr'>ta·</span> <span class='ocrx_word' id='word_1_76' title='bbox 1923 2470 1928 2484; x_wconf 78' lang='grc'><strong><em>,</em></strong></span> 
     </span>
    </p>
   </div>
   <div class='ocr_carea' id='block_1_4' title="bbox 207 2527 1966 4802">
    <p class='ocr_par' dir='ltr' id='par_1_5' title="bbox 286 2527 1074 2619">
     <span class='ocr_line' id='line_1_9' title="bbox 286 2527 1074 2619; baseline -0.003 -20"><span class='ocrx_word' id='word_1_77' title='bbox 286 2529 422 2617; x_wconf 65' lang='lat' dir='ltr'>rberna,</span> <span class='ocrx_word' id='word_1_78' title='bbox 449 2529 533 2598; x_wconf 90' lang='lat' dir='ltr'>item</span> <span class='ocrx_word' id='word_1_79' title='bbox 560 2527 748 2619; x_wconf 88' lang='lat' dir='ltr'>hortulani,</span> <span class='ocrx_word' id='word_1_80' title='bbox 776 2530 857 2598; x_wconf 90' lang='lat' dir='ltr'>item</span> <span class='ocrx_word' id='word_1_81' title='bbox 885 2530 1074 2618; x_wconf 83' lang='lat' dir='ltr'>praedium.</span> 
     </span>
    </p>

    <p class='ocr_par' dir='ltr' id='par_1_6' title="bbox 207 2642 1966 3710">
     <span class='ocr_line' id='line_1_10' title="bbox 390 2642 1884 2740; baseline -0.001 -20"><span class='ocrx_word' id='word_1_82' title='bbox 390 2648 660 2738; x_wconf 80' lang='lat' dir='ltr'>·Sraznunow,</span> <span class='ocrx_word' id='word_1_83' title='bbox 700 2648 782 2720; x_wconf 86' lang='lat' dir='ltr'>villa</span> <span class='ocrx_word' id='word_1_84' title='bbox 818 2650 882 2720; x_wconf 91' lang='lat' dir='ltr'>sub</span> <span class='ocrx_word' id='word_1_85' title='bbox 910 2650 1076 2740; x_wconf 90' lang='lat' dir='ltr'>parochia</span> <span class='ocrx_word' id='word_1_86' title='bbox 1112 2657 1277 2740; x_wconf 89' lang='lat' dir='ltr'>qnantum</span> <span class='ocrx_word' id='word_1_87' title='bbox 1314 2650 1358 2719; x_wconf 92' lang='lat' dir='ltr'>ad</span> <span class='ocrx_word' id='word_1_88' title='bbox 1394 2650 1562 2720; x_wconf 88' lang='lat' dir='ltr'>haeredes</span> <span class='ocrx_word' id='word_1_89' title='bbox 1599 2656 1634 2720; x_wconf 91' lang='lat' dir='ltr'>et</span> <span class='ocrx_word' id='word_1_90' title='bbox 1661 2642 1790 2718; x_wconf 84' lang='lat' dir='ltr'>milites</span> <span class='ocrx_word' id='word_1_91' title='bbox 1822 2648 1884 2727; x_wconf 66' lang='lat' dir='ltr'>iu,</span> 
     </span>
     <span class='ocr_line' id='line_1_11' title="bbox 250 2751 1864 2860; baseline -0.001 -19"><span class='ocrx_word' id='word_1_92' title='bbox 250 2808 253 2821; x_wconf 93' lang='lat'><em>·</em></span> <span class='ocrx_word' id='word_1_93' title='bbox 305 2771 568 2859; x_wconf 87' lang='lat' dir='ltr'>Mniachek,</span> <span class='ocrx_word' id='word_1_94' title='bbox 610 2777 775 2860; x_wconf 87' lang='lat' dir='ltr'>quantum</span> <span class='ocrx_word' id='word_1_95' title='bbox 804 2791 886 2842; x_wconf 88' lang='lat' dir='ltr'>vero</span> <span class='ocrx_word' id='word_1_96' title='bbox 920 2772 963 2841; x_wconf 88' lang='lat' dir='ltr'>ad</span> <span class='ocrx_word' id='word_1_97' title='bbox 992 2771 1190 2841; x_wconf 88' lang='lat' dir='ltr'>emethones</span> <span class='ocrx_word' id='word_1_98' title='bbox 1227 2772 1262 2840; x_wconf 92' lang='lat' dir='ltr'>in</span> <span class='ocrx_word' id='word_1_99' title='bbox 1300 2769 1545 2842; x_wconf 87' lang='lat' dir='ltr'>Koualska</span> <span class='ocrx_word' id='word_1_100' title='bbox 1586 2751 1743 2860; x_wconf 88' lang='lat' dir='ltr'>Wolya</span> <span class='ocrx_word' id='word_1_101' title='bbox 1778 2771 1864 2858; x_wconf 90' lang='lat' dir='ltr'>sita,</span> 
     </span>
     <span class='ocr_line' id='line_1_12' title="bbox 305 2890 1949 2995; baseline -0.001 -32"><span class='ocrx_word' id='word_1_102' title='bbox 305 2890 402 2973; x_wconf 84' lang='lat' dir='ltr'>euius</span> <span class='ocrx_word' id='word_1_103' title='bbox 429 2890 623 2963; x_wconf 84' lang='lat' dir='ltr'>haeredes.</span> <span class='ocrx_word' id='word_1_104' title='bbox 643 2899 659 2961; x_wconf 82' lang='grc'>.’</span> <span class='ocrx_word' id='word_1_105' title='bbox 671 2947 784 2962; x_wconf 89' lang='grc'><strong>.....</strong></span> <span class='ocrx_word' id='word_1_106' title='bbox 812 2892 851 2962; x_wconf 91' lang='lat' dir='ltr'>ln</span> <span class='ocrx_word' id='word_1_107' title='bbox 881 2915 948 2982; x_wconf 86' lang='lat' dir='ltr'>qua</span> <span class='ocrx_word' id='word_1_108' title='bbox 975 2899 1058 2987; x_wconf 81' lang='lat' dir='ltr'>sunt</span> <span class='ocrx_word' id='word_1_109' title='bbox 1084 2893 1177 2962; x_wconf 91' lang='lat' dir='ltr'>lanei</span> <span class='ocrx_word' id='word_1_110' title='bbox 1204 2892 1448 2981; x_wconf 76' lang='lat' dir='ltr'>cmethonaleS,</span> <span class='ocrx_word' id='word_1_111' title='bbox 1476 2893 1518 2962; x_wconf 87' lang='lat' dir='ltr'>de</span> <span class='ocrx_word' id='word_1_112' title='bbox 1547 2892 1671 2980; x_wconf 90' lang='lat' dir='ltr'>quibus</span> <span class='ocrx_word' id='word_1_113' title='bbox 1699 2892 1864 2962; x_wconf 88' lang='lat' dir='ltr'>omnibns</span> <span class='ocrx_word' id='word_1_114' title='bbox 1899 2919 1904 2926; x_wconf 91' lang='lat'><strong>·</strong></span> <span class='ocrx_word' id='word_1_115' title='bbox 1943 2986 1949 2995; x_wconf 89' lang='lat'>.</span> 
     </span>
     <span class='ocr_line' id='line_1_13' title="bbox 305 2999 1966 3103; baseline -0.002 -18"><span class='ocrx_word' id='word_1_116' title='bbox 305 3014 451 3085; x_wconf 83' lang='lat' dir='ltr'>solvitur</span> <span class='ocrx_word' id='word_1_117' title='bbox 478 3021 514 3083; x_wconf 94' lang='lat' dir='ltr'>et</span> <span class='ocrx_word' id='word_1_118' title='bbox 542 3013 745 3083; x_wconf 81' lang='lat' dir='ltr'>conducitur</span> <span class='ocrx_word' id='word_1_119' title='bbox 773 3014 904 3084; x_wconf 89' lang='lat' dir='ltr'>decima</span> <span class='ocrx_word' id='word_1_120' title='bbox 931 2999 1156 3103; x_wconf 84' lang='lat' dir='ltr'>manipularis</span> <span class='ocrx_word' id='word_1_121' title='bbox 1176 3019 1212 3083; x_wconf 92' lang='lat' dir='ltr'>et</span> <span class='ocrx_word' id='word_1_122' title='bbox 1229 3013 1405 3103; x_wconf 85' lang='lat' dir='ltr'>canapalis</span> <span class='ocrx_word' id='word_1_123' title='bbox 1433 3034 1496 3103; x_wconf 93' lang='lat' dir='ltr'>pro</span> <span class='ocrx_word' id='word_1_124' title='bbox 1524 3013 1735 3085; x_wconf 86' lang='lat' dir='ltr'>monasterio</span> <span class='ocrx_word' id='word_1_125' title='bbox 1753 3011 1865 3084; x_wconf 88' lang='lat' dir='ltr'>Wan-</span> <span class='ocrx_word' id='word_1_126' title='bbox 1963 3050 1966 3055; x_wconf 92' lang='lat'>·</span> 
     </span>
     <span class='ocr_line' id='line_1_14' title="bbox 305 3114 1864 3237; baseline -0.001 -32"><span class='ocrx_word' id='word_1_127' title='bbox 305 3134 504 3223; x_wconf 57' lang='lat' dir='ltr'>choczensis</span> <span class='ocrx_word' id='word_1_128' title='bbox 521 3141 558 3204; x_wconf 88' lang='lat' dir='ltr'>et</span> <span class='ocrx_word' id='word_1_129' title='bbox 584 3134 682 3206; x_wconf 89' lang='lat' dir='ltr'>valor</span> <span class='ocrx_word' id='word_1_130' title='bbox 708 3135 783 3206; x_wconf 90' lang='lat' dir='ltr'>eius</span> <span class='ocrx_word' id='word_1_131' title='bbox 809 3136 1016 3206; x_wconf 87' lang='lat' dir='ltr'>aestimatur</span> <span class='ocrx_word' id='word_1_132' title='bbox 1043 3136 1087 3205; x_wconf 88' lang='lat' dir='ltr'>ad</span> <span class='ocrx_word' id='word_1_133' title='bbox 1107 3190 1219 3204; x_wconf 94' lang='grc'><strong>.....</strong></span> <span class='ocrx_word' id='word_1_134' title='bbox 1264 3114 1352 3206; x_wconf 83' lang='lat' dir='ltr'>Item</span> <span class='ocrx_word' id='word_1_135' title='bbox 1379 3134 1535 3224; x_wconf 72' lang='lat' dir='ltr'>taberna,</span> <span class='ocrx_word' id='word_1_136' title='bbox 1563 3135 1645 3205; x_wconf 91' lang='lat' dir='ltr'>item</span> <span class='ocrx_word' id='word_1_137' title='bbox 1674 3133 1864 3237; x_wconf 55' lang='lat' dir='ltr'>horpulani</span> 
     </span>
     <span class='ocr_line' id='line_1_15' title="bbox 305 3234 1864 3346; baseline -0.002 -18"><span class='ocrx_word' id='word_1_138' title='bbox 305 3257 385 3328; x_wconf 89' lang='lat' dir='ltr'>item</span> <span class='ocrx_word' id='word_1_139' title='bbox 413 3256 605 3344; x_wconf 91' lang='lat' dir='ltr'>praedium.</span> <span class='ocrx_word' id='word_1_140' title='bbox 649 3256 746 3328; x_wconf 89' lang='lat' dir='ltr'>Haec</span> <span class='ocrx_word' id='word_1_141' title='bbox 781 3257 915 3327; x_wconf 89' lang='lat' dir='ltr'>decima</span> <span class='ocrx_word' id='word_1_142' title='bbox 950 3257 1146 3346; x_wconf 83' lang='lat' dir='ltr'>pertinebat</span> <span class='ocrx_word' id='word_1_143' title='bbox 1181 3256 1352 3346; x_wconf 85' lang='lat' dir='ltr'>quondam</span> <span class='ocrx_word' id='word_1_144' title='bbox 1389 3254 1433 3327; x_wconf 92' lang='lat' dir='ltr'>ad</span> <span class='ocrx_word' id='word_1_145' title='bbox 1460 3256 1642 3327; x_wconf 92' lang='lat' dir='ltr'>ecclesiam</span> <span class='ocrx_word' id='word_1_146' title='bbox 1678 3234 1864 3345; x_wconf 53' lang='lat' dir='ltr'>immp-</span> 
     </span>
     <span class='ocr_line' id='line_1_16' title="bbox 306 3375 1895 3477; baseline -0.001 -28"><span class='ocrx_word' id='word_1_147' title='bbox 306 3379 446 3449; x_wconf 85' lang='lat' dir='ltr'>schel</span> <span class='ocrx_word' id='word_1_148' title='bbox 474 3385 511 3449; x_wconf 90' lang='lat' dir='ltr'>et</span> <span class='ocrx_word' id='word_1_149' title='bbox 537 3376 581 3449; x_wconf 90' lang='lat' dir='ltr'>ad</span> <span class='ocrx_word' id='word_1_150' title='bbox 609 3379 855 3449; x_wconf 85' lang='lat' dir='ltr'>monasterium</span> <span class='ocrx_word' id='word_1_151' title='bbox 884 3375 1016 3450; x_wconf 82' lang='lat' dir='ltr'>Calvi</span> <span class='ocrx_word' id='word_1_152' title='bbox 1043 3379 1218 3450; x_wconf 85' lang='lat' dir='ltr'>Montis</span> <span class='ocrx_word' id='word_1_153' title='bbox 1245 3378 1392 3450; x_wconf 83' lang='lat' dir='ltr'>Sanctae</span> <span class='ocrx_word' id='word_1_154' title='bbox 1419 3377 1560 3466; x_wconf 79' lang='lat' dir='ltr'>Crucis3</span> <span class='ocrx_word' id='word_1_155' title='bbox 1587 3377 1648 3449; x_wconf 90' lang='lat' dir='ltr'>sed</span> <span class='ocrx_word' id='word_1_156' title='bbox 1676 3398 1739 3467; x_wconf 91' lang='lat' dir='ltr'>per</span> <span class='ocrx_word' id='word_1_157' title='bbox 1765 3397 1895 3477; x_wconf 31' lang='lat' dir='ltr'>com--</span> 
     </span>
     <span class='ocr_line' id='line_1_17' title="bbox 207 3476 1865 3591; baseline -0.001 -23"><span class='ocrx_word' id='word_1_158' title='bbox 207 3486 209 3491; x_wconf 63' lang='grc'><strong>’</strong></span> <span class='ocrx_word' id='word_1_159' title='bbox 307 3501 541 3570; x_wconf 87' lang='lat' dir='ltr'>mutationem</span> <span class='ocrx_word' id='word_1_160' title='bbox 560 3499 662 3569; x_wconf 82' lang='lat' dir='ltr'>villae</span> <span class='ocrx_word' id='word_1_161' title='bbox 690 3499 876 3570; x_wconf 86' lang='lat' dir='ltr'>Yeszow</span> <span class='ocrx_word' id='word_1_162' title='bbox 904 3522 967 3589; x_wconf 93' lang='lat' dir='ltr'>pro</span> <span class='ocrx_word' id='word_1_163' title='bbox 996 3499 1079 3570; x_wconf 87' lang='lat' dir='ltr'>villa</span> <span class='ocrx_word' id='word_1_164' title='bbox 1107 3499 1357 3591; x_wconf 64' lang='lat' dir='ltr'>Mnyszek„</span> <span class='ocrx_word' id='word_1_165' title='bbox 1376 3501 1553 3571; x_wconf 84' lang='lat' dir='ltr'>abstracta</span> <span class='ocrx_word' id='word_1_166' title='bbox 1580 3504 1634 3570; x_wconf 88' lang='lat' dir='ltr'>est</span> <span class='ocrx_word' id='word_1_167' title='bbox 1653 3500 1695 3570; x_wconf 90' lang='lat' dir='ltr'>ab</span> <span class='ocrx_word' id='word_1_168' title='bbox 1715 3476 1865 3571; x_wconf 80' lang='lat' dir='ltr'>ecclesia</span> 
     </span>
     <span class='ocr_line' id='line_1_18' title="bbox 305 3619 1491 3710; baseline -0.002 -19"><span class='ocrx_word' id='word_1_169' title='bbox 305 3641 369 3710; x_wconf 88' lang='lat' dir='ltr'>pro</span> <span class='ocrx_word' id='word_1_170' title='bbox 397 3621 607 3691; x_wconf 86' lang='lat' dir='ltr'>monasterio</span> <span class='ocrx_word' id='word_1_171' title='bbox 635 3619 917 3692; x_wconf 87' lang='lat' dir='ltr'>Wanchoczensi.</span> <span class='ocrx_word' id='word_1_172' title='bbox 1487 3628 1491 3635; x_wconf 76' lang='grc'><strong>“</strong></span> 
     </span>
    </p>

    <p class='ocr_par' dir='ltr' id='par_1_7' title="bbox 291 3739 1865 4802">
     <span class='ocr_line' id='line_1_19' title="bbox 395 3739 1863 3834; baseline -0.001 -21"><span class='ocrx_word' id='word_1_173' title='bbox 395 3742 645 3830; x_wconf 70' lang='lat' dir='ltr'>-Lraszrsn,</span> <span class='ocrx_word' id='word_1_174' title='bbox 663 3742 753 3829; x_wconf 72' lang='lat' dir='ltr'>ailla</span> <span class='ocrx_word' id='word_1_175' title='bbox 781 3744 845 3817; x_wconf 89' lang='lat' dir='ltr'>sub</span> <span class='ocrx_word' id='word_1_176' title='bbox 871 3743 1038 3832; x_wconf 90' lang='lat' dir='ltr'>parochia</span> <span class='ocrx_word' id='word_1_177' title='bbox 1064 3742 1107 3812; x_wconf 91' lang='lat' dir='ltr'>de</span> <span class='ocrx_word' id='word_1_178' title='bbox 1135 3741 1353 3831; x_wconf 62' lang='lat' dir='ltr'>Mayszen</span> <span class='ocrx_word' id='word_1_179' title='bbox 1383 3742 1459 3829; x_wconf 83' lang='lat' dir='ltr'>sita,</span> <span class='ocrx_word' id='word_1_180' title='bbox 1487 3743 1584 3813; x_wconf 87' lang='lat' dir='ltr'>cuius</span> <span class='ocrx_word' id='word_1_181' title='bbox 1612 3743 1735 3834; x_wconf 81' lang='lat' dir='ltr'>haeres</span> <span class='ocrx_word' id='word_1_182' title='bbox 1755 3739 1863 3811; x_wconf 88' lang='lat' dir='ltr'>Nico·</span> 
     </span>
     <span class='ocr_line' id='line_1_20' title="bbox 307 3860 1863 3954; baseline 0.001 -23"><span class='ocrx_word' id='word_1_183' title='bbox 307 3861 391 3945; x_wconf 84' lang='lat' dir='ltr'>laus·</span> <span class='ocrx_word' id='word_1_184' title='bbox 409 3860 545 3932; x_wconf 87' lang='lat' dir='ltr'>Orlik</span> <span class='ocrx_word' id='word_1_185' title='bbox 573 3863 616 3934; x_wconf 92' lang='lat' dir='ltr'>de</span> <span class='ocrx_word' id='word_1_186' title='bbox 643 3864 745 3950; x_wconf 86' lang='lat' dir='ltr'>domo</span> <span class='ocrx_word' id='word_1_187' title='bbox 773 3863 1026 3954; x_wconf 78' lang='lat' dir='ltr'>Nyeczuya.</span> <span class='ocrx_word' id='word_1_188' title='bbox 1052 3864 1093 3934; x_wconf 92' lang='lat' dir='ltr'>Iu</span> <span class='ocrx_word' id='word_1_189' title='bbox 1121 3884 1189 3953; x_wconf 85' lang='lat' dir='ltr'>qna</span> <span class='ocrx_word' id='word_1_190' title='bbox 1217 3870 1298 3933; x_wconf 91' lang='lat' dir='ltr'>sunt</span> <span class='ocrx_word' id='word_1_191' title='bbox 1324 3863 1414 3933; x_wconf 90' lang='lat' dir='ltr'>lanei</span> <span class='ocrx_word' id='word_1_192' title='bbox 1439 3863 1685 3952; x_wconf 58' lang='lat' dir='ltr'>,emethonales</span> <span class='ocrx_word' id='word_1_193' title='bbox 1711 3862 1755 3933; x_wconf 91' lang='lat' dir='ltr'>de</span> <span class='ocrx_word' id='word_1_194' title='bbox 1782 3862 1863 3950; x_wconf 82' lang='lat' dir='ltr'>qui·</span> 
     </span>
     <span class='ocr_line' id='line_1_21' title="bbox 291 3973 1865 4073; baseline 0.001 -22"><span class='ocrx_word' id='word_1_195' title='bbox 291 3983 373 4053; x_wconf 87' lang='lat' dir='ltr'>.bus</span> <span class='ocrx_word' id='word_1_196' title='bbox 400 3984 557 4054; x_wconf 71' lang='lat' dir='ltr'>ominibus</span> <span class='ocrx_word' id='word_1_197' title='bbox 594 3973 754 4054; x_wconf 87' lang='lat' dir='ltr'>solvitur</span> <span class='ocrx_word' id='word_1_198' title='bbox 768 3992 805 4055; x_wconf 86' lang='lat' dir='ltr'>et</span> <span class='ocrx_word' id='word_1_199' title='bbox 831 3984 1035 4056; x_wconf 88' lang='lat' dir='ltr'>conducitur</span> <span class='ocrx_word' id='word_1_200' title='bbox 1071 3984 1204 4056; x_wconf 88' lang='lat' dir='ltr'>decima</span> <span class='ocrx_word' id='word_1_201' title='bbox 1238 3984 1464 4073; x_wconf 90' lang='lat' dir='ltr'>manipularis</span> <span class='ocrx_word' id='word_1_202' title='bbox 1500 3991 1537 4054; x_wconf 88' lang='lat' dir='ltr'>et</span> <span class='ocrx_word' id='word_1_203' title='bbox 1564 3983 1759 4073; x_wconf 75' lang='lat' dir='ltr'>campalis,</span> <span class='ocrx_word' id='word_1_204' title='bbox 1788 4002 1865 4071; x_wconf 85' lang='lat' dir='ltr'>pro</span> 
     </span>
     <span class='ocr_line' id='line_1_22' title="bbox 300 4103 1863 4201; baseline -0.001 -27"><span class='ocrx_word' id='word_1_205' title='bbox 300 4105 519 4196; x_wconf 14' lang='lat' dir='ltr'>*monasterio</span> <span class='ocrx_word' id='word_1_206' title='bbox 547 4104 833 4201; x_wconf 87' lang='lat' dir='ltr'>Wanchoczeusi‚</span> <span class='ocrx_word' id='word_1_207' title='bbox 868 4111 904 4175; x_wconf 92' lang='lat' dir='ltr'>et</span> <span class='ocrx_word' id='word_1_208' title='bbox 931 4106 1030 4177; x_wconf 88' lang='lat' dir='ltr'>valor</span> <span class='ocrx_word' id='word_1_209' title='bbox 1065 4107 1139 4176; x_wconf 90' lang='lat' dir='ltr'>eius</span> <span class='ocrx_word' id='word_1_210' title='bbox 1176 4106 1380 4183; x_wconf 84' lang='lat' dir='ltr'>aestimatur</span> <span class='ocrx_word' id='word_1_211' title='bbox 1414 4105 1458 4174; x_wconf 89' lang='lat' dir='ltr'>ad</span> <span class='ocrx_word' id='word_1_212' title='bbox 1486 4126 1545 4176; x_wconf 86' lang='lat' dir='ltr'>sex</span> <span class='ocrx_word' id='word_1_213' title='bbox 1582 4124 1736 4191; x_wconf 89' lang='lat' dir='ltr'>marcas;</span> <span class='ocrx_word' id='word_1_214' title='bbox 1775 4103 1863 4173; x_wconf 88' lang='lat' dir='ltr'>item</span> 
     </span>
     <span class='ocr_line' id='line_1_23' title="bbox 306 4225 1861 4316; baseline 0 -22"><span class='ocrx_word' id='word_1_215' title='bbox 306 4225 461 4313; x_wconf 88' lang='lat' dir='ltr'>taberna,</span> <span class='ocrx_word' id='word_1_216' title='bbox 489 4225 570 4295; x_wconf 92' lang='lat' dir='ltr'>item</span> <span class='ocrx_word' id='word_1_217' title='bbox 600 4226 784 4315; x_wconf 86' lang='lat' dir='ltr'>hortulani,</span> <span class='ocrx_word' id='word_1_218' title='bbox 812 4227 893 4297; x_wconf 90' lang='lat' dir='ltr'>item</span> <span class='ocrx_word' id='word_1_219' title='bbox 922 4227 1112 4316; x_wconf 86' lang='lat' dir='ltr'>praedium.</span> <span class='ocrx_word' id='word_1_220' title='bbox 1155 4226 1243 4296; x_wconf 89' lang='lat' dir='ltr'>Item</span> <span class='ocrx_word' id='word_1_221' title='bbox 1271 4227 1404 4296; x_wconf 89' lang='lat' dir='ltr'>decima</span> <span class='ocrx_word' id='word_1_222' title='bbox 1431 4227 1543 4299; x_wconf 83' lang='lat' dir='ltr'>etiam¹</span> <span class='ocrx_word' id='word_1_223' title='bbox 1563 4225 1720 4315; x_wconf 85' lang='lat' dir='ltr'>praefata</span> <span class='ocrx_word' id='word_1_224' title='bbox 1746 4225 1861 4314; x_wconf 89' lang='lat' dir='ltr'>perti·</span> 
     </span>
     <span class='ocr_line' id='line_1_24' title="bbox 307 4332 1863 4440; baseline 0 -23"><span class='ocrx_word' id='word_1_225' title='bbox 307 4347 413 4434; x_wconf 81' lang='lat' dir='ltr'>nebat</span> <span class='ocrx_word' id='word_1_226' title='bbox 441 4348 612 4437; x_wconf 90' lang='lat' dir='ltr'>quondam</span> <span class='ocrx_word' id='word_1_227' title='bbox 640 4347 684 4418; x_wconf 92' lang='lat' dir='ltr'>ad</span> <span class='ocrx_word' id='word_1_228' title='bbox 711 4347 891 4440; x_wconf 82' lang='lat' dir='ltr'>ecclesiam</span> <span class='ocrx_word' id='word_1_229' title='bbox 927 4350 962 4418; x_wconf 92' lang='lat' dir='ltr'>in</span> <span class='ocrx_word' id='word_1_230' title='bbox 990 4332 1263 4439; x_wconf 74' lang='lat' dir='ltr'>Mnyschelr,</span> <span class='ocrx_word' id='word_1_231' title='bbox 1299 4335 1349 4418; x_wconf 91' lang='lat' dir='ltr'>et</span> <span class='ocrx_word' id='word_1_232' title='bbox 1365 4347 1408 4419; x_wconf 91' lang='lat' dir='ltr'>ad</span> <span class='ocrx_word' id='word_1_233' title='bbox 1437 4348 1684 4418; x_wconf 88' lang='lat' dir='ltr'>monasterium</span> <span class='ocrx_word' id='word_1_234' title='bbox 1712 4346 1863 4417; x_wconf 82' lang='lat' dir='ltr'>Sanctae</span> 
     </span>
     <span class='ocr_line' id='line_1_25' title="bbox 309 4466 1865 4563; baseline 0.001 -25"><span class='ocrx_word' id='word_1_235' title='bbox 309 4466 429 4545; x_wconf 81' lang='lat' dir='ltr'>Crucis</span> <span class='ocrx_word' id='word_1_236' title='bbox 451 4467 588 4539; x_wconf 81' lang='lat' dir='ltr'>Calvi</span> <span class='ocrx_word' id='word_1_237' title='bbox 617 4469 819 4558; x_wconf 83' lang='lat' dir='ltr'>Montis,&#39;</span> <span class='ocrx_word' id='word_1_238' title='bbox 838 4470 899 4541; x_wconf 88' lang='lat' dir='ltr'>sed</span> <span class='ocrx_word' id='word_1_239' title='bbox 926 4490 989 4559; x_wconf 88' lang='lat' dir='ltr'>per</span> <span class='ocrx_word' id='word_1_240' title='bbox 1016 4469 1318 4540; x_wconf 84' lang='lat' dir='ltr'>commutationem</span> <span class='ocrx_word' id='word_1_241' title='bbox 1345 4469 1450 4540; x_wconf 80' lang='lat' dir='ltr'>villae</span> <span class='ocrx_word' id='word_1_242' title='bbox 1478 4468 1668 4563; x_wconf 82' lang='lat' dir='ltr'>Yeszow</span> <span class='ocrx_word' id='word_1_243' title='bbox 1696 4467 1865 4557; x_wconf 72' lang='lat' dir='ltr'>provilla</span> 
     </span>
     <span class='ocr_line' id='line_1_26' title="bbox 307 4576 1864 4680; baseline -0.001 -19"><span class='ocrx_word' id='word_1_244' title='bbox 307 4588 547 4680; x_wconf 79' lang='lat' dir='ltr'>Mnyszek‚</span> <span class='ocrx_word' id='word_1_245' title='bbox 584 4576 921 4665; x_wconf 63' lang='lat' dir='ltr'>coniectarent</span> <span class='ocrx_word' id='word_1_246' title='bbox 948 4591 1096 4662; x_wconf 90' lang='lat' dir='ltr'>ecclesia</span> <span class='ocrx_word' id='word_1_247' title='bbox 1128 4587 1169 4660; x_wconf 90' lang='lat' dir='ltr'>M</span> <span class='ocrx_word' id='word_1_248' title='bbox 1178 4591 1352 4680; x_wconf 84' lang='lat' dir='ltr'>nyszek</span> <span class='ocrx_word' id='word_1_249' title='bbox 1388 4597 1424 4661; x_wconf 91' lang='lat' dir='ltr'>et</span> <span class='ocrx_word' id='word_1_250' title='bbox 1451 4591 1613 4661; x_wconf 87' lang='lat' dir='ltr'>adiuncta</span> <span class='ocrx_word' id='word_1_251' title='bbox 1650 4590 1864 4660; x_wconf 86' lang='lat' dir='ltr'>monasterio</span> 
     </span>
     <span class='ocr_line' id='line_1_27' title="bbox 310 4708 1666 4802; baseline 0.001 -23"><span class='ocrx_word' id='word_1_252' title='bbox 310 4709 590 4799; x_wconf 82' lang='lat' dir='ltr'>Wanclroczeusi‚</span> <span class='ocrx_word' id='word_1_253' title='bbox 617 4713 807 4800; x_wconf 86' lang='lat' dir='ltr'>percipitur</span> <span class='ocrx_word' id='word_1_254' title='bbox 835 4718 950 4783; x_wconf 89' lang='lat' dir='ltr'>tamen</span> <span class='ocrx_word' id='word_1_255' title='bbox 978 4732 1041 4802; x_wconf 92' lang='lat' dir='ltr'>per</span> <span class='ocrx_word' id='word_1_256' title='bbox 1069 4713 1304 4802; x_wconf 85' lang='lat' dir='ltr'>praepositum</span> <span class='ocrx_word' id='word_1_257' title='bbox 1333 4712 1375 4782; x_wconf 91' lang='lat' dir='ltr'>de</span> <span class='ocrx_word' id='word_1_258' title='bbox 1403 4708 1666 4802; x_wconf 79' lang='lat' dir='ltr'>Mnysclielr.</span> 
     </span>
    </p>
   </div>
   <div class='ocr_carea' id='block_1_5' title="bbox 594 4951 1499 5073">
    <p class='ocr_par' dir='ltr' id='par_1_8' title="bbox 472 4906 1499 5073">
     <span class='ocr_line' id='line_1_28' title="bbox 594 4951 1499 5073; baseline 0.006 -43.287"><span class='ocrx_word' id='word_1_259' title='bbox 594 5026 600 5033; x_wconf 85' lang='grc'><strong>,</strong></span> <span class='ocrx_word' id='word_1_260' title='bbox 678 4953 869 5038; x_wconf 71' lang='lat' dir='ltr'>cunas</span> <span class='ocrx_word' id='word_1_261' title='bbox 899 4954 1101 5038; x_wconf 81' lang='lat' dir='ltr'>roman</span> <span class='ocrx_word' id='word_1_262' title='bbox 1132 4956 1242 5073; x_wconf 29' lang='lat' dir='ltr'>airas,</span> <span class='ocrx_word' id='word_1_263' title='bbox 1263 4951 1499 5037; x_wconf 76' lang='lat' dir='ltr'>monitu.</span> 
     </span>
    </p>
   </div>
   <div class='ocr_carea' id='block_1_6' title="bbox 402 5131 1767 5404">
    <p class='ocr_par' dir='ltr' id='par_1_9' title="bbox 402 5131 1767 5404">
     <span class='ocr_line' id='line_1_29' title="bbox 402 5131 1767 5282; baseline -0.002 -19"><span class='ocrx_word' id='word_1_264' title='bbox 402 5181 620 5282; x_wconf 86' lang='lat' dir='ltr'>Quartum.</span> <span class='ocrx_word' id='word_1_265' title='bbox 641 5186 941 5265; x_wconf 81' lang='lat' dir='ltr'>monasterium</span> <span class='ocrx_word' id='word_1_266' title='bbox 975 5184 1135 5264; x_wconf 80' lang='lat' dir='ltr'>ordinis</span> <span class='ocrx_word' id='word_1_267' title='bbox 1168 5182 1471 5266; x_wconf 68' lang='lat' dir='ltr'>cistarciensis</span> <span class='ocrx_word' id='word_1_268' title='bbox 1504 5131 1767 5263; x_wconf 84' lang='lat' dir='ltr'>lndtoecest</span> 
     </span>
     <span class='ocr_line' id='line_1_30' title="bbox 948 5316 1461 5404; baseline -0.004 -1"><span class='ocrx_word' id='word_1_269' title='bbox 948 5321 1242 5404; x_wconf 82' lang='lat' dir='ltr'>Oracovlensi.</span> <span class='ocrx_word' id='word_1_270' title='bbox 1371 5391 1374 5395; x_wconf 94' lang='lat'>.</span> <span class='ocrx_word' id='word_1_271' title='bbox 1454 5316 1461 5327; x_wconf 81' lang='grc'><strong>“</strong></span> 
     </span>
    </p>
   </div>
   <div class='ocr_carea' id='block_1_7' title="bbox 296 5523 1971 6496">
    <p class='ocr_par' dir='ltr' id='par_1_10' title="bbox 296 5523 1936 5754">
     <span class='ocr_line' id='line_1_31' title="bbox 296 5523 1864 5632; baseline 0 -18"><span class='ocrx_word' id='word_1_272' title='bbox 296 5551 301 5558; x_wconf 75' lang='grc'><em>“</em></span> <span class='ocrx_word' id='word_1_273' title='bbox 343 5594 348 5602; x_wconf 87' lang='grc'><strong>-</strong></span> <span class='ocrx_word' id='word_1_274' title='bbox 415 5523 514 5616; x_wconf 86' lang='lat' dir='ltr'>Licet</span> <span class='ocrx_word' id='word_1_275' title='bbox 540 5543 733 5616; x_wconf 89' lang='lat' dir='ltr'>Vislaus</span> <span class='ocrx_word' id='word_1_276' title='bbox 759 5564 873 5614; x_wconf 87' lang='lat' dir='ltr'>comes</span> <span class='ocrx_word' id='word_1_277' title='bbox 900 5545 943 5614; x_wconf 91' lang='lat' dir='ltr'>de</span> <span class='ocrx_word' id='word_1_278' title='bbox 963 5523 1263 5627; x_wconf 79' lang='lat' dir='ltr'>Prandoczin,</span> <span class='ocrx_word' id='word_1_279' title='bbox 1282 5545 1373 5615; x_wconf 89' lang='lat' dir='ltr'>filius</span> <span class='ocrx_word' id='word_1_280' title='bbox 1392 5542 1864 5632; x_wconf 89' lang='lat' dir='ltr'>Prandothae,acuins</span> 
     </span>
     <span class='ocr_line' id='line_1_32' title="bbox 313 5642 1936 5754; baseline -0.001 -18"><span class='ocrx_word' id='word_1_281' title='bbox 313 5666 448 5736; x_wconf 87' lang='lat' dir='ltr'>nomine</span> <span class='ocrx_word' id='word_1_282' title='bbox 475 5642 765 5749; x_wconf 87' lang='lat' dir='ltr'>Prandoczin</span> <span class='ocrx_word' id='word_1_283' title='bbox 802 5686 932 5736; x_wconf 87' lang='lat' dir='ltr'>nomen·</span> <span class='ocrx_word' id='word_1_284' title='bbox 953 5667 1096 5754; x_wconf 87' lang='lat' dir='ltr'>accepit,</span> <span class='ocrx_word' id='word_1_285' title='bbox 1120 5666 1369 5737; x_wconf 70' lang='lat' dir='ltr'>montanarium</span> <span class='ocrx_word' id='word_1_286' title='bbox 1398 5665 1530 5734; x_wconf 90' lang='lat' dir='ltr'>ordinis</span> <span class='ocrx_word' id='word_1_287' title='bbox 1557 5662 1799 5735; x_wconf 71' lang='lat' dir='ltr'>cisterciensis</span> <span class='ocrx_word' id='word_1_288' title='bbox 1829 5665 1867 5735; x_wconf 81' lang='lat' dir='ltr'>in</span> <span class='ocrx_word' id='word_1_289' title='bbox 1932 5697 1936 5706; x_wconf 95' lang='lat'>·</span> 
     </span>
    </p>

    <p class='ocr_par' dir='ltr' id='par_1_11' title="bbox 312 5775 1971 6496">
     <span class='ocr_line' id='line_1_33' title="bbox 313 5775 1971 5877; baseline 0 -21"><span class='ocrx_word' id='word_1_290' title='bbox 313 5785 469 5875; x_wconf 82' lang='lat' dir='ltr'>praefato</span> <span class='ocrx_word' id='word_1_291' title='bbox 496 5785 636 5877; x_wconf 74' lang='lat' dir='ltr'>uillagio</span> <span class='ocrx_word' id='word_1_292' title='bbox 665 5786 692 5857; x_wconf 84' lang='grc' dir='ltr'><strong><em>Ρ</em></strong></span> <span class='ocrx_word' id='word_1_293' title='bbox 702 5775 955 5857; x_wconf 84' lang='lat' dir='ltr'>randorziu</span> <span class='ocrx_word' id='word_1_294' title='bbox 991 5786 1136 5857; x_wconf 80' lang='lat' dir='ltr'>lurrdare</span> <span class='ocrx_word' id='word_1_295' title='bbox 1169 5786 1382 5874; x_wconf 83' lang='lat' dir='ltr'>inchoasset,</span> <span class='ocrx_word' id='word_1_296' title='bbox 1410 5790 1444 5854; x_wconf 91' lang='lat' dir='ltr'>et</span> <span class='ocrx_word' id='word_1_297' title='bbox 1472 5786 1679 5857; x_wconf 85' lang='lat' dir='ltr'>monasterio</span> <span class='ocrx_word' id='word_1_298' title='bbox 1707 5783 1868 5873; x_wconf 86' lang='lat' dir='ltr'>praefato</span> <span class='ocrx_word' id='word_1_299' title='bbox 1968 5818 1971 5822; x_wconf 96' lang='lat'>·</span> 
     </span>
     <span class='ocr_line' id='line_1_34' title="bbox 313 5904 1867 5997; baseline -0.001 -21"><span class='ocrx_word' id='word_1_300' title='bbox 313 5907 355 5976; x_wconf 92' lang='lat' dir='ltr'>de</span> <span class='ocrx_word' id='word_1_301' title='bbox 384 5908 591 5996; x_wconf 91' lang='lat' dir='ltr'>patrimonio</span> <span class='ocrx_word' id='word_1_302' title='bbox 620 5930 681 5976; x_wconf 86' lang='lat' dir='ltr'>suo</span> <span class='ocrx_word' id='word_1_303' title='bbox 710 5914 859 5996; x_wconf 90' lang='lat' dir='ltr'>quatuor</span> <span class='ocrx_word' id='word_1_304' title='bbox 887 5906 1006 5996; x_wconf 85' lang='lat' dir='ltr'>uillas,</span> <span class='ocrx_word' id='word_1_305' title='bbox 1035 5907 1196 5977; x_wconf 81' lang='lat' dir='ltr'>videlicet</span> <span class='ocrx_word' id='word_1_306' title='bbox 1223 5905 1411 5997; x_wconf 81' lang='lat' dir='ltr'>praefatam</span> <span class='ocrx_word' id='word_1_307' title='bbox 1434 5905 1753 5993; x_wconf 67' lang='lat' dir='ltr'>Prando&#39;czin,</span> <span class='ocrx_word' id='word_1_308' title='bbox 1781 5904 1867 5975; x_wconf 85' lang='lat' dir='ltr'>item</span> 
     </span>
     <span class='ocr_line' id='line_1_35' title="bbox 313 6025 1867 6116; baseline -0.002 -19"><span class='ocrx_word' id='word_1_309' title='bbox 313 6027 622 6114; x_wconf 80' lang='lat' dir='ltr'>Kacaowicze,</span> <span class='ocrx_word' id='word_1_310' title='bbox 649 6028 929 6116; x_wconf 83' lang='lat' dir='ltr'>Zakowicze,</span> <span class='ocrx_word' id='word_1_311' title='bbox 957 6035 992 6098; x_wconf 92' lang='lat' dir='ltr'>et</span> <span class='ocrx_word' id='word_1_312' title='bbox 1017 6027 1396 6100; x_wconf 84' lang='lat' dir='ltr'>Janusszowicze</span> <span class='ocrx_word' id='word_1_313' title='bbox 1425 6028 1458 6096; x_wconf 90' lang='lat' dir='ltr'>in</span> <span class='ocrx_word' id='word_1_314' title='bbox 1487 6026 1633 6097; x_wconf 90' lang='lat' dir='ltr'>circuitu</span> <span class='ocrx_word' id='word_1_315' title='bbox 1666 6025 1867 6097; x_wconf 88' lang='lat' dir='ltr'>Prando-</span> 
     </span>
     <span class='ocr_line' id='line_1_36' title="bbox 313 6143 1867 6241; baseline -0.003 -20"><span class='ocrx_word' id='word_1_316' title='bbox 313 6150 412 6221; x_wconf 89' lang='lat' dir='ltr'>czin</span> <span class='ocrx_word' id='word_1_317' title='bbox 441 6149 536 6241; x_wconf 86' lang='lat' dir='ltr'>sitas,</span> <span class='ocrx_word' id='word_1_318' title='bbox 564 6150 599 6218; x_wconf 93' lang='lat' dir='ltr'>iu</span> <span class='ocrx_word' id='word_1_319' title='bbox 626 6149 741 6218; x_wconf 83' lang='lat' dir='ltr'>dotem</span> <span class='ocrx_word' id='word_1_320' title='bbox 769 6150 1017 6238; x_wconf 86' lang='lat' dir='ltr'>consignasset,</span> <span class='ocrx_word' id='word_1_321' title='bbox 1045 6149 1210 6239; x_wconf 74' lang='lat' dir='ltr'>ecclesiae</span> <span class='ocrx_word' id='word_1_322' title='bbox 1229 6168 1363 6239; x_wconf 91' lang='lat' dir='ltr'>quoque</span> <span class='ocrx_word' id='word_1_323' title='bbox 1381 6147 1591 6237; x_wconf 84' lang='lat' dir='ltr'>parochialis</span> <span class='ocrx_word' id='word_1_324' title='bbox 1611 6147 1645 6217; x_wconf 91' lang='lat' dir='ltr'>in</span> <span class='ocrx_word' id='word_1_325' title='bbox 1665 6143 1867 6235; x_wconf 88' lang='lat' dir='ltr'>Prando-</span> 
     </span>
     <span class='ocr_line' id='line_1_37' title="bbox 313 6266 1864 6361; baseline -0.001 -21"><span class='ocrx_word' id='word_1_326' title='bbox 313 6273 411 6342; x_wconf 86' lang='lat' dir='ltr'>czin</span> <span class='ocrx_word' id='word_1_327' title='bbox 440 6271 591 6341; x_wconf 87' lang='lat' dir='ltr'>decimas</span> <span class='ocrx_word' id='word_1_328' title='bbox 618 6271 852 6360; x_wconf 84' lang='lat' dir='ltr'>manipulares</span> <span class='ocrx_word' id='word_1_329' title='bbox 879 6270 1086 6361; x_wconf 83' lang='lat' dir='ltr'>insigniores</span> <span class='ocrx_word' id='word_1_330' title='bbox 1113 6269 1223 6339; x_wconf 91' lang='lat' dir='ltr'>eidem</span> <span class='ocrx_word' id='word_1_331' title='bbox 1252 6268 1427 6356; x_wconf 88' lang='lat' dir='ltr'>coenobio,</span> <span class='ocrx_word' id='word_1_332' title='bbox 1455 6269 1553 6338; x_wconf 90' lang='lat' dir='ltr'>cuius</span> <span class='ocrx_word' id='word_1_333' title='bbox 1580 6267 1684 6338; x_wconf 87' lang='lat' dir='ltr'>aedes</span> <span class='ocrx_word' id='word_1_334' title='bbox 1711 6266 1864 6357; x_wconf 82' lang='lat' dir='ltr'>primurn</span> 
     </span>
     <span class='ocr_line' id='line_1_38' title="bbox 312 6389 1872 6496; baseline -0.003 -33"><span class='ocrx_word' id='word_1_335' title='bbox 312 6392 406 6483; x_wconf 84' lang='lat' dir='ltr'>apud</span> <span class='ocrx_word' id='word_1_336' title='bbox 432 6392 665 6471; x_wconf 83' lang='lat' dir='ltr'>-Kaczicze</span> <span class='ocrx_word' id='word_1_337' title='bbox 701 6398 819 6465; x_wconf 88' lang='lat' dir='ltr'>erecta</span> <span class='ocrx_word' id='word_1_338' title='bbox 852 6391 975 6463; x_wconf 87' lang='lat' dir='ltr'>humili</span> <span class='ocrx_word' id='word_1_339' title='bbox 1010 6395 1187 6473; x_wconf 78' lang='lat' dir='ltr'>stmtctura</span> <span class='ocrx_word' id='word_1_340' title='bbox 1219 6389 1353 6478; x_wconf 85' lang='lat' dir='ltr'>luerat,</span> <span class='ocrx_word' id='word_1_341' title='bbox 1379 6389 1607 6496; x_wconf 76' lang='lat' dir='ltr'>appropriare</span> <span class='ocrx_word' id='word_1_342' title='bbox 1634 6393 1872 6495; x_wconf 53' lang='lat' dir='ltr'>procurasset,</span> 
     </span>
    </p>
   </div>
   <div class='ocr_carea' id='block_1_8' title="bbox 0 0 2121 8052">
    <p class='ocr_par' dir='ltr' id='par_1_12' title="bbox 0 0 2121 8052">
     <span class='ocr_line' id='line_1_39' title="bbox 0 0 2121 8052; baseline 0 0"><span class='ocrx_word' id='word_1_343' title='bbox 0 0 2121 8052; x_wconf 95' lang='lat' dir='ltr'> </span> 
     </span>
    </p>
   </div>
  </div>
 </body>
</html>
