<?xml version="1.0" encoding="UTF-8"?>
<!DOCTYPE html PUBLIC "-//W3C//DTD XHTML 1.0 Transitional//EN"
    "http://www.w3.org/TR/xhtml1/DTD/xhtml1-transitional.dtd">
<html xmlns="http://www.w3.org/1999/xhtml" xml:lang="en" lang="en">
 <head>
  <title>
</title>
<meta http-equiv="Content-Type" content="text/html;charset=utf-8" />
  <meta name='ocr-system' content='tesseract 3.04.00' />
  <meta name='ocr-capabilities' content='ocr_page ocr_carea ocr_par ocr_line ocrx_word'/>
</head>
<body>
  <div class='ocr_page' id='page_1' title='image "./joannisdugoszse02dugoog_0249.png"; bbox 0 0 4217 8059; ppageno 0'>
   <div class='ocr_carea' id='block_1_1' title="bbox 1752 1473 1825 1547">
    <p class='ocr_par' dir='ltr' id='par_1_1' title="bbox 1752 1473 1825 1547">
     <span class='ocr_line' id='line_1_1' title="bbox 1752 1473 1825 1547; baseline 0.055 -4"><span class='ocrx_word' id='word_1_1' title='bbox 1752 1473 1825 1547; x_wconf 75' lang='lat'>236</span> 
     </span>
    </p>
   </div>
   <div class='ocr_carea' id='block_1_2' title="bbox 216 1677 1829 4559">
    <p class='ocr_par' dir='ltr' id='par_1_2' title="bbox 216 1677 1829 4559">
     <span class='ocr_line' id='line_1_2' title="bbox 269 1677 1826 1769; baseline 0.001 -17"><span class='ocrx_word' id='word_1_2' title='bbox 269 1683 354 1754; x_wconf 92' lang='lat' dir='ltr'>item</span> <span class='ocrx_word' id='word_1_3' title='bbox 381 1679 615 1751; x_wconf 85' lang='lat' dir='ltr'>molendinum</span> <span class='ocrx_word' id='word_1_4' title='bbox 635 1678 735 1769; x_wconf 91' lang='lat' dir='ltr'>quod</span> <span class='ocrx_word' id='word_1_5' title='bbox 762 1679 867 1751; x_wconf 87' lang='lat' dir='ltr'>solvit</span> <span class='ocrx_word' id='word_1_6' title='bbox 896 1732 1064 1763; x_wconf 84' lang='lat'><strong>.......</strong></span> <span class='ocrx_word' id='word_1_7' title='bbox 1083 1732 1109 1768; x_wconf 89' lang='lat'>.,</span> <span class='ocrx_word' id='word_1_8' title='bbox 1135 1679 1217 1749; x_wconf 89' lang='lat' dir='ltr'>item</span> <span class='ocrx_word' id='word_1_9' title='bbox 1247 1684 1301 1749; x_wconf 91' lang='lat' dir='ltr'>est</span> <span class='ocrx_word' id='word_1_10' title='bbox 1327 1677 1508 1767; x_wconf 76' lang='lat' dir='ltr'>praedium</span> <span class='ocrx_word' id='word_1_11' title='bbox 1535 1679 1755 1769; x_wconf 79' lang='lat' dir='ltr'>coenobiale,</span> <span class='ocrx_word' id='word_1_12' title='bbox 1781 1679 1826 1753; x_wconf 89' lang='lat' dir='ltr'>de</span> 
     </span>
     <span class='ocr_line' id='line_1_3' title="bbox 268 1796 1826 1891; baseline -0.001 -17"><span class='ocrx_word' id='word_1_13' title='bbox 268 1804 365 1874; x_wconf 90' lang='lat' dir='ltr'>cuius</span> <span class='ocrx_word' id='word_1_14' title='bbox 392 1802 486 1891; x_wconf 77' lang='lat' dir='ltr'>agris</span> <span class='ocrx_word' id='word_1_15' title='bbox 513 1801 685 1890; x_wconf 83' lang='lat' dir='ltr'>aliquibus</span> <span class='ocrx_word' id='word_1_16' title='bbox 712 1800 860 1872; x_wconf 88' lang='lat' dir='ltr'>solvitur</span> <span class='ocrx_word' id='word_1_17' title='bbox 895 1799 1029 1871; x_wconf 83' lang='lat' dir='ltr'>decima</span> <span class='ocrx_word' id='word_1_18' title='bbox 1064 1820 1128 1889; x_wconf 91' lang='lat' dir='ltr'>pro</span> <span class='ocrx_word' id='word_1_19' title='bbox 1156 1798 1303 1870; x_wconf 90' lang='lat' dir='ltr'>ecclesia</span> <span class='ocrx_word' id='word_1_20' title='bbox 1329 1801 1365 1870; x_wconf 92' lang='lat' dir='ltr'>in</span> <span class='ocrx_word' id='word_1_21' title='bbox 1391 1796 1752 1890; x_wconf 88' lang='lat' dir='ltr'>Modlibozicze,</span> <span class='ocrx_word' id='word_1_22' title='bbox 1779 1802 1826 1875; x_wconf 89' lang='lat' dir='ltr'>da</span> 
     </span>
     <span class='ocr_line' id='line_1_4' title="bbox 268 1920 1826 2013; baseline 0.001 -18"><span class='ocrx_word' id='word_1_23' title='bbox 268 1923 442 2013; x_wconf 75' lang='lat' dir='ltr'>aliquibus</span> <span class='ocrx_word' id='word_1_24' title='bbox 469 1943 542 1993; x_wconf 88' lang='lat' dir='ltr'>eam</span> <span class='ocrx_word' id='word_1_25' title='bbox 562 1921 809 1994; x_wconf 88' lang='lat' dir='ltr'>monasterium</span> <span class='ocrx_word' id='word_1_26' title='bbox 828 1941 948 2011; x_wconf 84' lang='lat' dir='ltr'>prose</span> <span class='ocrx_word' id='word_1_27' title='bbox 965 1920 1072 2011; x_wconf 90' lang='lat' dir='ltr'>tollit,</span> <span class='ocrx_word' id='word_1_28' title='bbox 1101 1921 1262 1993; x_wconf 88' lang='lat' dir='ltr'>videlicet</span> <span class='ocrx_word' id='word_1_29' title='bbox 1288 1922 1331 1992; x_wconf 91' lang='lat' dir='ltr'>de</span> <span class='ocrx_word' id='word_1_30' title='bbox 1350 1921 1487 2007; x_wconf 88' lang='lat' dir='ltr'>noviter</span> <span class='ocrx_word' id='word_1_31' title='bbox 1504 1921 1700 2011; x_wconf 80' lang='lat' dir='ltr'>extirpatis.</span> <span class='ocrx_word' id='word_1_32' title='bbox 1736 1922 1826 1996; x_wconf 89' lang='lat' dir='ltr'>Item</span> 
     </span>
     <span class='ocr_line' id='line_1_5' title="bbox 269 2042 1825 2134; baseline 0.002 -18"><span class='ocrx_word' id='word_1_33' title='bbox 269 2066 386 2116; x_wconf 90' lang='lat' dir='ltr'>omues</span> <span class='ocrx_word' id='word_1_34' title='bbox 413 2044 489 2134; x_wconf 68' lang='lat' dir='ltr'>agri</span> <span class='ocrx_word' id='word_1_35' title='bbox 508 2045 726 2115; x_wconf 89' lang='lat' dir='ltr'>cmetbonum</span> <span class='ocrx_word' id='word_1_36' title='bbox 753 2042 892 2115; x_wconf 91' lang='lat' dir='ltr'>solvunt</span> <span class='ocrx_word' id='word_1_37' title='bbox 919 2049 956 2114; x_wconf 92' lang='lat' dir='ltr'>et</span> <span class='ocrx_word' id='word_1_38' title='bbox 978 2042 1175 2115; x_wconf 85' lang='lat' dir='ltr'>conducunt</span> <span class='ocrx_word' id='word_1_39' title='bbox 1202 2042 1370 2114; x_wconf 81' lang='lat' dir='ltr'>decimam</span> <span class='ocrx_word' id='word_1_40' title='bbox 1390 2042 1640 2134; x_wconf 84' lang='lat' dir='ltr'>manipularem</span> <span class='ocrx_word' id='word_1_41' title='bbox 1666 2051 1702 2115; x_wconf 93' lang='lat' dir='ltr'>et</span> <span class='ocrx_word' id='word_1_42' title='bbox 1721 2065 1825 2119; x_wconf 87' lang='lat' dir='ltr'>cana·</span> 
     </span>
     <span class='ocr_line' id='line_1_6' title="bbox 268 2162 1825 2258; baseline 0.001 -22"><span class='ocrx_word' id='word_1_43' title='bbox 268 2166 378 2256; x_wconf 89' lang='lat' dir='ltr'>palem</span> <span class='ocrx_word' id='word_1_44' title='bbox 416 2186 479 2255; x_wconf 93' lang='lat' dir='ltr'>pro</span> <span class='ocrx_word' id='word_1_45' title='bbox 507 2164 652 2236; x_wconf 88' lang='lat' dir='ltr'>ecclesia</span> <span class='ocrx_word' id='word_1_46' title='bbox 688 2162 814 2235; x_wconf 87' lang='lat' dir='ltr'>ibidem</span> <span class='ocrx_word' id='word_1_47' title='bbox 852 2165 888 2234; x_wconf 96' lang='lat' dir='ltr'>in</span> <span class='ocrx_word' id='word_1_48' title='bbox 916 2162 1301 2254; x_wconf 87' lang='lat' dir='ltr'>Modliboszycze</span> <span class='ocrx_word' id='word_1_49' title='bbox 1329 2170 1364 2235; x_wconf 92' lang='lat' dir='ltr'>et</span> <span class='ocrx_word' id='word_1_50' title='bbox 1391 2183 1454 2255; x_wconf 89' lang='lat' dir='ltr'>pro</span> <span class='ocrx_word' id='word_1_51' title='bbox 1482 2163 1630 2254; x_wconf 88' lang='lat' dir='ltr'>plebano</span> <span class='ocrx_word' id='word_1_52' title='bbox 1658 2165 1825 2258; x_wconf 83' lang='lat' dir='ltr'>eiusdem,</span> 
     </span>
     <span class='ocr_line' id='line_1_7' title="bbox 273 2266 1829 2374; baseline 0.002 -17"><span class='ocrx_word' id='word_1_53' title='bbox 273 2294 309 2359; x_wconf 89' lang='lat' dir='ltr'>et</span> <span class='ocrx_word' id='word_1_54' title='bbox 337 2287 438 2357; x_wconf 89' lang='lat' dir='ltr'>valor</span> <span class='ocrx_word' id='word_1_55' title='bbox 472 2286 547 2356; x_wconf 91' lang='lat' dir='ltr'>eius</span> <span class='ocrx_word' id='word_1_56' title='bbox 574 2266 782 2356; x_wconf 88' lang='lat' dir='ltr'>aestimatur</span> <span class='ocrx_word' id='word_1_57' title='bbox 816 2284 859 2355; x_wconf 93' lang='lat' dir='ltr'>ad</span> <span class='ocrx_word' id='word_1_58' title='bbox 888 2290 967 2355; x_wconf 90' lang='lat' dir='ltr'>octo</span> <span class='ocrx_word' id='word_1_59' title='bbox 994 2305 1139 2355; x_wconf 88' lang='lat' dir='ltr'>marcas.</span> <span class='ocrx_word' id='word_1_60' title='bbox 1183 2284 1271 2356; x_wconf 90' lang='lat' dir='ltr'>Item</span> <span class='ocrx_word' id='word_1_61' title='bbox 1306 2284 1452 2356; x_wconf 88' lang='lat' dir='ltr'>ecclesia</span> <span class='ocrx_word' id='word_1_62' title='bbox 1486 2285 1696 2374; x_wconf 86' lang='lat' dir='ltr'>parochialis</span> <span class='ocrx_word' id='word_1_63' title='bbox 1722 2286 1829 2360; x_wconf 84' lang='lat' dir='ltr'>babet</span> 
     </span>
     <span class='ocr_line' id='line_1_8' title="bbox 268 2405 1823 2498; baseline 0.002 -20"><span class='ocrx_word' id='word_1_64' title='bbox 268 2409 316 2480; x_wconf 94' lang='lat' dir='ltr'>ibi</span> <span class='ocrx_word' id='word_1_65' title='bbox 343 2407 510 2498; x_wconf 86' lang='lat' dir='ltr'>speciales</span> <span class='ocrx_word' id='word_1_66' title='bbox 537 2427 664 2496; x_wconf 67' lang='lat' dir='ltr'>agros,</span> <span class='ocrx_word' id='word_1_67' title='bbox 694 2406 791 2477; x_wconf 91' lang='lat' dir='ltr'>cuius</span> <span class='ocrx_word' id='word_1_68' title='bbox 827 2406 947 2478; x_wconf 89' lang='lat' dir='ltr'>unicus</span> <span class='ocrx_word' id='word_1_69' title='bbox 983 2405 1129 2477; x_wconf 90' lang='lat' dir='ltr'>collator</span> <span class='ocrx_word' id='word_1_70' title='bbox 1164 2416 1200 2477; x_wconf 89' lang='lat' dir='ltr'>et</span> <span class='ocrx_word' id='word_1_71' title='bbox 1226 2412 1393 2495; x_wconf 88' lang='lat' dir='ltr'>patronus</span> <span class='ocrx_word' id='word_1_72' title='bbox 1421 2411 1474 2477; x_wconf 87' lang='lat' dir='ltr'>est</span> <span class='ocrx_word' id='word_1_73' title='bbox 1499 2405 1609 2477; x_wconf 89' lang='lat' dir='ltr'>abbas</span> <span class='ocrx_word' id='word_1_74' title='bbox 1636 2427 1714 2478; x_wconf 94' lang='lat' dir='ltr'>cum</span> <span class='ocrx_word' id='word_1_75' title='bbox 1741 2427 1823 2483; x_wconf 86' lang='grc'><strong>000·</strong></span> 
     </span>
     <span class='ocr_line' id='line_1_9' title="bbox 270 2507 1824 2617; baseline 0.002 -17"><span class='ocrx_word' id='word_1_76' title='bbox 270 2537 375 2601; x_wconf 93' lang='lat' dir='ltr'>ventu</span> <span class='ocrx_word' id='word_1_77' title='bbox 402 2529 549 2600; x_wconf 81' lang='lat' dir='ltr'>Sanctae</span> <span class='ocrx_word' id='word_1_78' title='bbox 576 2526 710 2615; x_wconf 83' lang='lat' dir='ltr'>Crucis,</span> <span class='ocrx_word' id='word_1_79' title='bbox 746 2533 782 2598; x_wconf 91' lang='lat' dir='ltr'>et</span> <span class='ocrx_word' id='word_1_80' title='bbox 808 2532 944 2617; x_wconf 91' lang='lat' dir='ltr'>partem</span> <span class='ocrx_word' id='word_1_81' title='bbox 981 2526 1135 2598; x_wconf 89' lang='lat' dir='ltr'>eiusdem</span> <span class='ocrx_word' id='word_1_82' title='bbox 1164 2527 1456 2616; x_wconf 88' lang='lat' dir='ltr'>iurispatronatus</span> <span class='ocrx_word' id='word_1_83' title='bbox 1483 2527 1591 2599; x_wconf 88' lang='lat' dir='ltr'>babet</span> <span class='ocrx_word' id='word_1_84' title='bbox 1627 2507 1749 2601; x_wconf 85' lang='lat' dir='ltr'>haeres</span> <span class='ocrx_word' id='word_1_85' title='bbox 1786 2514 1824 2603; x_wconf 83' lang='lat' dir='ltr'>in</span> 
     </span>
     <span class='ocr_line' id='line_1_10' title="bbox 269 2647 1824 2741; baseline 0.001 -19"><span class='ocrx_word' id='word_1_86' title='bbox 269 2649 590 2741; x_wconf 88' lang='lat' dir='ltr'>Golyschicze.</span> <span class='ocrx_word' id='word_1_87' title='bbox 629 2650 716 2720; x_wconf 83' lang='lat' dir='ltr'>item</span> <span class='ocrx_word' id='word_1_88' title='bbox 752 2649 919 2739; x_wconf 89' lang='lat' dir='ltr'>plebanus</span> <span class='ocrx_word' id='word_1_89' title='bbox 945 2653 982 2720; x_wconf 92' lang='lat' dir='ltr'>et</span> <span class='ocrx_word' id='word_1_90' title='bbox 1008 2647 1154 2721; x_wconf 85' lang='lat' dir='ltr'>ecclesia</span> <span class='ocrx_word' id='word_1_91' title='bbox 1180 2648 1304 2720; x_wconf 89' lang='lat' dir='ltr'>habuit</span> <span class='ocrx_word' id='word_1_92' title='bbox 1330 2648 1379 2720; x_wconf 91' lang='lat' dir='ltr'>ibi</span> <span class='ocrx_word' id='word_1_93' title='bbox 1411 2669 1514 2720; x_wconf 91' lang='lat' dir='ltr'>unam</span> <span class='ocrx_word' id='word_1_94' title='bbox 1542 2648 1722 2720; x_wconf 89' lang='lat' dir='ltr'>tabernam</span> <span class='ocrx_word' id='word_1_95' title='bbox 1752 2654 1824 2723; x_wconf 64' lang='lat' dir='ltr'>tarss</span> 
     </span>
     <span class='ocr_line' id='line_1_11' title="bbox 267 2768 1822 2862; baseline 0.002 -22"><span class='ocrx_word' id='word_1_96' title='bbox 267 2772 349 2842; x_wconf 90' lang='lat' dir='ltr'>tiam</span> <span class='ocrx_word' id='word_1_97' title='bbox 377 2792 453 2842; x_wconf 89' lang='lat' dir='ltr'>eum</span> <span class='ocrx_word' id='word_1_98' title='bbox 482 2771 591 2861; x_wconf 80' lang='lat' dir='ltr'>agris,</span> <span class='ocrx_word' id='word_1_99' title='bbox 622 2769 684 2841; x_wconf 89' lang='lat' dir='ltr'>sed</span> <span class='ocrx_word' id='word_1_100' title='bbox 711 2769 876 2842; x_wconf 79' lang='lat' dir='ltr'>cambivit</span> <span class='ocrx_word' id='word_1_101' title='bbox 902 2790 994 2858; x_wconf 88' lang='lat' dir='ltr'>eam,</span> <span class='ocrx_word' id='word_1_102' title='bbox 1031 2768 1118 2840; x_wconf 85' lang='lat' dir='ltr'>dans</span> <span class='ocrx_word' id='word_1_103' title='bbox 1143 2768 1237 2840; x_wconf 86' lang='lat' dir='ltr'>illam</span> <span class='ocrx_word' id='word_1_104' title='bbox 1269 2769 1479 2843; x_wconf 87' lang='lat' dir='ltr'>monasterio</span> <span class='ocrx_word' id='word_1_105' title='bbox 1506 2768 1654 2843; x_wconf 84' lang='lat' dir='ltr'>Sanctae</span> <span class='ocrx_word' id='word_1_106' title='bbox 1679 2769 1822 2862; x_wconf 81' lang='lat' dir='ltr'>Crucis,</span> 
     </span>
     <span class='ocr_line' id='line_1_12' title="bbox 268 2888 1823 2982; baseline 0.002 -20"><span class='ocrx_word' id='word_1_107' title='bbox 268 2913 331 2982; x_wconf 93' lang='lat' dir='ltr'>pro</span> <span class='ocrx_word' id='word_1_108' title='bbox 349 2891 448 2962; x_wconf 93' lang='lat' dir='ltr'>alveo</span> <span class='ocrx_word' id='word_1_109' title='bbox 466 2896 503 2963; x_wconf 93' lang='lat' dir='ltr'>et</span> <span class='ocrx_word' id='word_1_110' title='bbox 520 2891 631 2981; x_wconf 89' lang='lat' dir='ltr'>pratis</span> <span class='ocrx_word' id='word_1_111' title='bbox 650 2890 695 2962; x_wconf 91' lang='lat' dir='ltr'>ad</span> <span class='ocrx_word' id='word_1_112' title='bbox 712 2889 1098 2981; x_wconf 84' lang='lat' dir='ltr'>parandumpiscinam.</span> <span class='ocrx_word' id='word_1_113' title='bbox 1126 2889 1288 2962; x_wconf 85' lang='lat' dir='ltr'>Gonfinat</span> <span class='ocrx_word' id='word_1_114' title='bbox 1305 2912 1383 2961; x_wconf 88' lang='lat' dir='ltr'>eum</span> <span class='ocrx_word' id='word_1_115' title='bbox 1401 2888 1643 2963; x_wconf 86' lang='lat' dir='ltr'>Goliszicz</span> <span class='ocrx_word' id='word_1_116' title='bbox 1654 2912 1691 2981; x_wconf 94' lang='lat' dir='ltr'>e,</span> <span class='ocrx_word' id='word_1_117' title='bbox 1719 2892 1823 2969; x_wconf 85' lang='lat' dir='ltr'>Bra-</span> 
     </span>
     <span class='ocr_line' id='line_1_13' title="bbox 216 2999 1480 3102; baseline 0.001 -20"><span class='ocrx_word' id='word_1_118' title='bbox 216 3024 219 3030; x_wconf 86' lang='lat'>&#39;</span> <span class='ocrx_word' id='word_1_119' title='bbox 267 3014 404 3100; x_wconf 78' lang='grc'><strong>1100,</strong></span> <span class='ocrx_word' id='word_1_120' title='bbox 441 3011 673 3102; x_wconf 85' lang='lat' dir='ltr'>Rudniky,</span> <span class='ocrx_word' id='word_1_121' title='bbox 700 3011 949 3102; x_wconf 86' lang='lat' dir='ltr'>Pyskrzin,</span> <span class='ocrx_word' id='word_1_122' title='bbox 975 3011 1184 3102; x_wconf 87' lang='lat' dir='ltr'>Zirniky,</span> <span class='ocrx_word' id='word_1_123' title='bbox 1212 2999 1480 3085; x_wconf 87' lang='lat' dir='ltr'>Ozamblow.</span> 
     </span>
     <span class='ocr_line' id='line_1_14' title="bbox 371 3132 1822 3224; baseline 0.001 -19"><span class='ocrx_word' id='word_1_124' title='bbox 371 3132 704 3222; x_wconf 70' lang='lat' dir='ltr'>uopnszvnnnu,</span> <span class='ocrx_word' id='word_1_125' title='bbox 732 3133 813 3203; x_wconf 90' lang='lat' dir='ltr'>villa</span> <span class='ocrx_word' id='word_1_126' title='bbox 841 3134 904 3203; x_wconf 91' lang='lat' dir='ltr'>sub</span> <span class='ocrx_word' id='word_1_127' title='bbox 923 3132 1089 3223; x_wconf 90' lang='lat' dir='ltr'>parochia</span> <span class='ocrx_word' id='word_1_128' title='bbox 1107 3132 1272 3204; x_wconf 89' lang='lat' dir='ltr'>ecclesiae</span> <span class='ocrx_word' id='word_1_129' title='bbox 1300 3132 1343 3203; x_wconf 92' lang='lat' dir='ltr'>de</span> <span class='ocrx_word' id='word_1_130' title='bbox 1371 3132 1579 3224; x_wconf 86' lang='lat' dir='ltr'>Antiqua</span> <span class='ocrx_word' id='word_1_131' title='bbox 1606 3132 1716 3224; x_wconf 89' lang='lat' dir='ltr'>Slup</span> <span class='ocrx_word' id='word_1_132' title='bbox 1743 3135 1822 3224; x_wconf 82' lang='lat' dir='ltr'>sita,</span> 
     </span>
     <span class='ocr_line' id='line_1_15' title="bbox 268 3251 1821 3346; baseline 0.001 -19"><span class='ocrx_word' id='word_1_133' title='bbox 268 3256 364 3327; x_wconf 89' lang='lat' dir='ltr'>cuius</span> <span class='ocrx_word' id='word_1_134' title='bbox 400 3255 596 3346; x_wconf 85' lang='lat' dir='ltr'>proprietas</span> <span class='ocrx_word' id='word_1_135' title='bbox 632 3260 668 3325; x_wconf 87' lang='lat' dir='ltr'>et</span> <span class='ocrx_word' id='word_1_136' title='bbox 703 3254 892 3325; x_wconf 88' lang='lat' dir='ltr'>dominium</span> <span class='ocrx_word' id='word_1_137' title='bbox 927 3253 971 3324; x_wconf 88' lang='lat' dir='ltr'>ad</span> <span class='ocrx_word' id='word_1_138' title='bbox 1008 3254 1255 3326; x_wconf 87' lang='lat' dir='ltr'>monasterium</span> <span class='ocrx_word' id='word_1_139' title='bbox 1290 3253 1424 3326; x_wconf 81' lang='lat' dir='ltr'>Calvi</span> <span class='ocrx_word' id='word_1_140' title='bbox 1461 3251 1637 3328; x_wconf 88' lang='lat' dir='ltr'>Montis</span> <span class='ocrx_word' id='word_1_141' title='bbox 1674 3254 1821 3328; x_wconf 85' lang='lat' dir='ltr'>Sanctae</span> 
     </span>
     <span class='ocr_line' id='line_1_16' title="bbox 268 3374 1820 3467; baseline 0.002 -19"><span class='ocrx_word' id='word_1_142' title='bbox 268 3376 388 3448; x_wconf 83' lang='lat' dir='ltr'>Crucis</span> <span class='ocrx_word' id='word_1_143' title='bbox 415 3377 576 3466; x_wconf 87' lang='lat' dir='ltr'>pertinet.</span> <span class='ocrx_word' id='word_1_144' title='bbox 595 3377 654 3446; x_wconf 88' lang='grc' dir='ltr'>Ι10</span> <span class='ocrx_word' id='word_1_145' title='bbox 684 3397 752 3466; x_wconf 91' lang='lat' dir='ltr'>qua</span> <span class='ocrx_word' id='word_1_146' title='bbox 778 3382 859 3447; x_wconf 87' lang='grc'><strong>0001</strong></span> <span class='ocrx_word' id='word_1_147' title='bbox 896 3397 956 3447; x_wconf 85' lang='lat' dir='ltr'>sex</span> <span class='ocrx_word' id='word_1_148' title='bbox 985 3376 1075 3447; x_wconf 91' lang='lat' dir='ltr'>lanei</span> <span class='ocrx_word' id='word_1_149' title='bbox 1102 3375 1352 3465; x_wconf 85' lang='lat' dir='ltr'>cmethonales,</span> <span class='ocrx_word' id='word_1_150' title='bbox 1388 3382 1425 3446; x_wconf 90' lang='lat' dir='ltr'>et</span> <span class='ocrx_word' id='word_1_151' title='bbox 1453 3374 1598 3466; x_wconf 90' lang='lat' dir='ltr'>quilibet</span> <span class='ocrx_word' id='word_1_152' title='bbox 1625 3377 1730 3449; x_wconf 90' lang='lat' dir='ltr'>solvit</span> <span class='ocrx_word' id='word_1_153' title='bbox 1756 3397 1820 3467; x_wconf 84' lang='lat' dir='ltr'>pro</span> 
     </span>
     <span class='ocr_line' id='line_1_17' title="bbox 267 3482 1821 3595; baseline -0.001 -24"><span class='ocrx_word' id='word_1_154' title='bbox 267 3519 372 3571; x_wconf 91' lang='lat' dir='ltr'>censu</span> <span class='ocrx_word' id='word_1_155' title='bbox 398 3498 522 3587; x_wconf 79' lang='lat' dir='ltr'>viginti</span> <span class='ocrx_word' id='word_1_156' title='bbox 548 3482 713 3587; x_wconf 71' lang='lat' dir='ltr'>grossos,</span> <span class='ocrx_word' id='word_1_157' title='bbox 734 3502 771 3569; x_wconf 86' lang='lat' dir='ltr'>et</span> <span class='ocrx_word' id='word_1_158' title='bbox 797 3518 860 3587; x_wconf 93' lang='lat' dir='ltr'>pro</span> <span class='ocrx_word' id='word_1_159' title='bbox 886 3492 1053 3592; x_wconf 79' lang='lat' dir='ltr'>porudlnc</span> <span class='ocrx_word' id='word_1_160' title='bbox 1079 3503 1230 3587; x_wconf 89' lang='lat' dir='ltr'>quatuor</span> <span class='ocrx_word' id='word_1_161' title='bbox 1256 3518 1417 3595; x_wconf 82' lang='lat' dir='ltr'>grossos,</span> <span class='ocrx_word' id='word_1_162' title='bbox 1453 3497 1537 3569; x_wconf 87' lang='lat' dir='ltr'>item</span> <span class='ocrx_word' id='word_1_163' title='bbox 1573 3519 1639 3570; x_wconf 89' lang='lat' dir='ltr'>ova</span> <span class='ocrx_word' id='word_1_164' title='bbox 1665 3498 1821 3589; x_wconf 60' lang='lat' dir='ltr'>triginta</span> 
     </span>
     <span class='ocr_line' id='line_1_18' title="bbox 265 3617 1821 3709; baseline 0.001 -19"><span class='ocrx_word' id='word_1_165' title='bbox 265 3620 349 3691; x_wconf 89' lang='lat' dir='ltr'>item</span> <span class='ocrx_word' id='word_1_166' title='bbox 366 3619 477 3709; x_wconf 81' lang='lat' dir='ltr'>gallos</span> <span class='ocrx_word' id='word_1_167' title='bbox 504 3619 608 3707; x_wconf 91' lang='lat' dir='ltr'>duos;</span> <span class='ocrx_word' id='word_1_168' title='bbox 636 3619 722 3693; x_wconf 88' lang='lat' dir='ltr'>duos</span> <span class='ocrx_word' id='word_1_169' title='bbox 741 3619 825 3691; x_wconf 92' lang='lat' dir='ltr'>item</span> <span class='ocrx_word' id='word_1_170' title='bbox 843 3639 961 3691; x_wconf 88' lang='lat' dir='ltr'>caseos</span> <span class='ocrx_word' id='word_1_171' title='bbox 972 3640 992 3707; x_wconf 82' lang='lat'>3·</span> <span class='ocrx_word' id='word_1_172' title='bbox 1008 3619 1092 3690; x_wconf 91' lang='lat' dir='ltr'>item</span> <span class='ocrx_word' id='word_1_173' title='bbox 1111 3618 1247 3690; x_wconf 89' lang='lat' dir='ltr'>laborat</span> <span class='ocrx_word' id='word_1_174' title='bbox 1275 3618 1422 3708; x_wconf 85' lang='lat' dir='ltr'>quilibet</span> <span class='ocrx_word' id='word_1_175' title='bbox 1446 3617 1484 3691; x_wconf 88' lang='lat' dir='ltr'>in</span> <span class='ocrx_word' id='word_1_176' title='bbox 1502 3619 1697 3709; x_wconf 86' lang='lat' dir='ltr'>septimana</span> <span class='ocrx_word' id='word_1_177' title='bbox 1714 3638 1821 3705; x_wconf 79' lang='lat' dir='ltr'>unum</span> 
     </span>
     <span class='ocr_line' id='line_1_19' title="bbox 266 3732 1821 3841; baseline 0.002 -29"><span class='ocrx_word' id='word_1_178' title='bbox 266 3741 365 3829; x_wconf 92' lang='lat' dir='ltr'>diem,</span> <span class='ocrx_word' id='word_1_179' title='bbox 392 3742 658 3831; x_wconf 87' lang='lat' dir='ltr'>propriocurru</span> <span class='ocrx_word' id='word_1_180' title='bbox 676 3746 739 3817; x_wconf 84' lang='lat' dir='ltr'>aut</span> <span class='ocrx_word' id='word_1_181' title='bbox 755 3747 892 3829; x_wconf 92' lang='lat' dir='ltr'>aratro,</span> <span class='ocrx_word' id='word_1_182' title='bbox 924 3741 1013 3811; x_wconf 91' lang='lat' dir='ltr'>-item</span> <span class='ocrx_word' id='word_1_183' title='bbox 1039 3741 1226 3829; x_wconf 89' lang='lat' dir='ltr'>tabernae,</span> <span class='ocrx_word' id='word_1_184' title='bbox 1253 3740 1336 3811; x_wconf 88' lang='lat' dir='ltr'>item</span> <span class='ocrx_word' id='word_1_185' title='bbox 1354 3739 1548 3830; x_wconf 87' lang='lat' dir='ltr'>hortulani,</span> <span class='ocrx_word' id='word_1_186' title='bbox 1575 3740 1660 3813; x_wconf 91' lang='lat' dir='ltr'>item</span> <span class='ocrx_word' id='word_1_187' title='bbox 1687 3746 1741 3813; x_wconf 90' lang='lat' dir='ltr'>est</span> <span class='ocrx_word' id='word_1_188' title='bbox 1768 3732 1821 3841; x_wconf 77' lang='lat' dir='ltr'>ibi</span> 
     </span>
     <span class='ocr_line' id='line_1_20' title="bbox 266 3857 1822 3953; baseline 0.001 -19"><span class='ocrx_word' id='word_1_189' title='bbox 266 3884 369 3935; x_wconf 93' lang='lat' dir='ltr'>unum</span> <span class='ocrx_word' id='word_1_190' title='bbox 406 3861 604 3933; x_wconf 89' lang='lat' dir='ltr'>coenobiale</span> <span class='ocrx_word' id='word_1_191' title='bbox 649 3861 847 3951; x_wconf 87' lang='lat' dir='ltr'>praedium,</span> <span class='ocrx_word' id='word_1_192' title='bbox 882 3860 925 3932; x_wconf 93' lang='lat' dir='ltr'>de</span> <span class='ocrx_word' id='word_1_193' title='bbox 952 3862 1049 3933; x_wconf 90' lang='lat' dir='ltr'>cuius</span> <span class='ocrx_word' id='word_1_194' title='bbox 1085 3861 1186 3951; x_wconf 81' lang='lat' dir='ltr'>agris·</span> <span class='ocrx_word' id='word_1_195' title='bbox 1205 3861 1363 3933; x_wconf 75' lang='lat' dir='ltr'>‘solvitur</span> <span class='ocrx_word' id='word_1_196' title='bbox 1404 3857 1537 3934; x_wconf 87' lang='lat' dir='ltr'>decima</span> <span class='ocrx_word' id='word_1_197' title='bbox 1576 3861 1822 3953; x_wconf 55' lang='lat' dir='ltr'>manipulariu-</span> 
     </span>
     <span class='ocr_line' id='line_1_21' title="bbox 265 3982 1819 4075; baseline 0.002 -19"><span class='ocrx_word' id='word_1_198' title='bbox 265 3985 344 4057; x_wconf 84' lang='lat' dir='ltr'>item</span> <span class='ocrx_word' id='word_1_199' title='bbox 373 3990 426 4056; x_wconf 91' lang='lat' dir='ltr'>est</span> <span class='ocrx_word' id='word_1_200' title='bbox 451 3985 501 4055; x_wconf 94' lang='lat' dir='ltr'>ibi</span> <span class='ocrx_word' id='word_1_201' title='bbox 520 3983 753 4056; x_wconf 91' lang='lat' dir='ltr'>molendinum</span> <span class='ocrx_word' id='word_1_202' title='bbox 780 3983 815 4055; x_wconf 92' lang='lat' dir='ltr'>iu</span> <span class='ocrx_word' id='word_1_203' title='bbox 833 3983 972 4055; x_wconf 89' lang='lat' dir='ltr'>flumine</span> <span class='ocrx_word' id='word_1_204' title='bbox 995 3982 1386 4075; x_wconf 83' lang='lat' dir='ltr'>-Koprzywya-nka</span> <span class='ocrx_word' id='word_1_205' title='bbox 1411 3989 1448 4055; x_wconf 90' lang='lat' dir='ltr'>et</span> <span class='ocrx_word' id='word_1_206' title='bbox 1474 3984 1580 4057; x_wconf 90' lang='lat' dir='ltr'>solvit</span> <span class='ocrx_word' id='word_1_207' title='bbox 1606 3984 1819 4059; x_wconf 86' lang='lat' dir='ltr'>monasteria</span> 
     </span>
     <span class='ocr_line' id='line_1_22' title="bbox 265 4104 1818 4195; baseline 0.002 -19"><span class='ocrx_word' id='word_1_208' title='bbox 265 4128 367 4177; x_wconf 91' lang='lat' dir='ltr'>unarn</span> <span class='ocrx_word' id='word_1_209' title='bbox 395 4127 611 4195; x_wconf 79' lang='lat' dir='ltr'>sexagenum.</span> <span class='ocrx_word' id='word_1_210' title='bbox 651 4105 738 4176; x_wconf 92' lang='lat' dir='ltr'>ltem</span> <span class='ocrx_word' id='word_1_211' title='bbox 765 4104 808 4176; x_wconf 88' lang='lat' dir='ltr'>de</span> <span class='ocrx_word' id='word_1_212' title='bbox 827 4105 986 4176; x_wconf 90' lang='lat' dir='ltr'>omnibus</span> <span class='ocrx_word' id='word_1_213' title='bbox 1014 4106 1109 4195; x_wconf 78' lang='lat' dir='ltr'>agris</span> <span class='ocrx_word' id='word_1_214' title='bbox 1135 4105 1355 4177; x_wconf 89' lang='lat' dir='ltr'>cmetbonum</span> <span class='ocrx_word' id='word_1_215' title='bbox 1383 4105 1531 4178; x_wconf 87' lang='lat' dir='ltr'>solvitur</span> <span class='ocrx_word' id='word_1_216' title='bbox 1558 4111 1594 4178; x_wconf 91' lang='lat' dir='ltr'>et</span> <span class='ocrx_word' id='word_1_217' title='bbox 1612 4105 1818 4179; x_wconf 88' lang='lat' dir='ltr'>conducitur</span> 
     </span>
     <span class='ocr_line' id='line_1_23' title="bbox 265 4225 1819 4316; baseline 0.002 -20"><span class='ocrx_word' id='word_1_218' title='bbox 265 4227 397 4313; x_wconf 75' lang='lat' dir='ltr'>decima</span> <span class='ocrx_word' id='word_1_219' title='bbox 423 4226 647 4316; x_wconf 86' lang='lat' dir='ltr'>manipularis</span> <span class='ocrx_word' id='word_1_220' title='bbox 674 4233 711 4297; x_wconf 90' lang='lat' dir='ltr'>et</span> <span class='ocrx_word' id='word_1_221' title='bbox 728 4225 904 4315; x_wconf 87' lang='lat' dir='ltr'>canapalis</span> <span class='ocrx_word' id='word_1_222' title='bbox 931 4226 967 4295; x_wconf 90' lang='lat' dir='ltr'>in</span> <span class='ocrx_word' id='word_1_223' title='bbox 985 4226 1072 4297; x_wconf 86' lang='lat' dir='ltr'>duas</span> <span class='ocrx_word' id='word_1_224' title='bbox 1099 4231 1236 4315; x_wconf 87' lang='lat' dir='ltr'>partes,</span> <span class='ocrx_word' id='word_1_225' title='bbox 1264 4248 1333 4297; x_wconf 93' lang='lat' dir='ltr'>una</span> <span class='ocrx_word' id='word_1_226' title='bbox 1355 4227 1447 4297; x_wconf 93' lang='lat' dir='ltr'>enim</span> <span class='ocrx_word' id='word_1_227' title='bbox 1474 4247 1556 4316; x_wconf 90' lang='lat' dir='ltr'>pars</span> <span class='ocrx_word' id='word_1_228' title='bbox 1576 4226 1678 4299; x_wconf 90' lang='lat' dir='ltr'>villae</span> <span class='ocrx_word' id='word_1_229' title='bbox 1705 4225 1819 4299; x_wconf 85' lang='lat' dir='ltr'>media</span> 
     </span>
     <span class='ocr_line' id='line_1_24' title="bbox 265 4346 1817 4436; baseline 0.002 -16"><span class='ocrx_word' id='word_1_230' title='bbox 265 4348 368 4420; x_wconf 83' lang='lat' dir='ltr'>solvit</span> <span class='ocrx_word' id='word_1_231' title='bbox 394 4347 564 4425; x_wconf 85' lang='lat' dir='ltr'>decimam.</span> <span class='ocrx_word' id='word_1_232' title='bbox 589 4347 754 4423; x_wconf 86' lang='lat' dir='ltr'>ecclesiae</span> <span class='ocrx_word' id='word_1_233' title='bbox 772 4346 963 4436; x_wconf 85' lang='lat' dir='ltr'>parochiali</span> <span class='ocrx_word' id='word_1_234' title='bbox 990 4347 1025 4417; x_wconf 95' lang='lat' dir='ltr'>in</span> <span class='ocrx_word' id='word_1_235' title='bbox 1052 4346 1360 4434; x_wconf 85' lang='lat' dir='ltr'>Budzanczin,</span> <span class='ocrx_word' id='word_1_236' title='bbox 1387 4348 1500 4419; x_wconf 89' lang='lat' dir='ltr'>altera</span> <span class='ocrx_word' id='word_1_237' title='bbox 1517 4346 1685 4420; x_wconf 90' lang='lat' dir='ltr'>medietas</span> <span class='ocrx_word' id='word_1_238' title='bbox 1710 4349 1817 4425; x_wconf 85' lang='lat' dir='ltr'>solvit</span> 
     </span>
     <span class='ocr_line' id='line_1_25' title="bbox 265 4466 1817 4559; baseline 0.001 -19"><span class='ocrx_word' id='word_1_239' title='bbox 265 4490 340 4540; x_wconf 89' lang='lat' dir='ltr'>earu</span> <span class='ocrx_word' id='word_1_240' title='bbox 359 4470 524 4540; x_wconf 87' lang='lat' dir='ltr'>ecclesiae</span> <span class='ocrx_word' id='word_1_241' title='bbox 543 4469 733 4559; x_wconf 82' lang='lat' dir='ltr'>parochiali</span> <span class='ocrx_word' id='word_1_242' title='bbox 751 4469 787 4539; x_wconf 94' lang='lat' dir='ltr'>in</span> <span class='ocrx_word' id='word_1_243' title='bbox 805 4467 994 4558; x_wconf 80' lang='lat' dir='ltr'>Grampa.</span> <span class='ocrx_word' id='word_1_244' title='bbox 1030 4466 1190 4541; x_wconf 86' lang='lat' dir='ltr'>Gonfinat</span> <span class='ocrx_word' id='word_1_245' title='bbox 1208 4489 1284 4539; x_wconf 91' lang='lat' dir='ltr'>curn</span> <span class='ocrx_word' id='word_1_246' title='bbox 1304 4467 1512 4559; x_wconf 86' lang='lat' dir='ltr'>Antiqua</span> <span class='ocrx_word' id='word_1_247' title='bbox 1529 4468 1652 4559; x_wconf 89' lang='lat' dir='ltr'>Slup,</span> <span class='ocrx_word' id='word_1_248' title='bbox 1681 4467 1817 4541; x_wconf 78' lang='grc'><strong>(1000-</strong></span> 
     </span>
    </p>
   </div>
   <div class='ocr_carea' id='block_1_3' title="bbox 139 4587 1816 4680">
    <p class='ocr_par' dir='ltr' id='par_1_3' title="bbox 139 4587 1816 4680">
     <span class='ocr_line' id='line_1_26' title="bbox 139 4587 1816 4680; baseline 0.004 -21"><span class='ocrx_word' id='word_1_249' title='bbox 139 4601 143 4607; x_wconf 87' lang='grc'><em>·</em></span> <span class='ocrx_word' id='word_1_250' title='bbox 265 4591 419 4677; x_wconf 86' lang='lat' dir='ltr'>stkow,</span> <span class='ocrx_word' id='word_1_251' title='bbox 448 4590 644 4680; x_wconf 86' lang='lat' dir='ltr'>Wlochy.</span> <span class='ocrx_word' id='word_1_252' title='bbox 685 4589 785 4660; x_wconf 87' lang='lat' dir='ltr'>Hanc</span> <span class='ocrx_word' id='word_1_253' title='bbox 803 4589 922 4660; x_wconf 89' lang='lat' dir='ltr'>villam</span> <span class='ocrx_word' id='word_1_254' title='bbox 945 4587 1329 4679; x_wconf 86' lang='lat' dir='ltr'>Koprzywyanka</span> <span class='ocrx_word' id='word_1_255' title='bbox 1354 4587 1564 4661; x_wconf 88' lang='lat' dir='ltr'>Mathias</span> <span class='ocrx_word' id='word_1_256' title='bbox 1595 4597 1679 4662; x_wconf 90' lang='lat' dir='ltr'>tunc</span> <span class='ocrx_word' id='word_1_257' title='bbox 1706 4590 1816 4665; x_wconf 83' lang='lat' dir='ltr'>abbas</span> 
     </span>
    </p>
   </div>
   <div class='ocr_carea' id='block_1_4' title="bbox 260 4707 1841 6507">
    <p class='ocr_par' dir='ltr' id='par_1_4' title="bbox 263 4707 1815 5044">
     <span class='ocr_line' id='line_1_27' title="bbox 264 4707 1815 4801; baseline 0.002 -20"><span class='ocrx_word' id='word_1_258' title='bbox 264 4712 428 4782; x_wconf 87' lang='lat' dir='ltr'>cambivit</span> <span class='ocrx_word' id='word_1_259' title='bbox 453 4732 530 4782; x_wconf 91' lang='lat' dir='ltr'>cum</span> <span class='ocrx_word' id='word_1_260' title='bbox 558 4711 734 4783; x_wconf 91' lang='lat' dir='ltr'>nobilibus</span> <span class='ocrx_word' id='word_1_261' title='bbox 761 4709 936 4782; x_wconf 89' lang='lat' dir='ltr'>Stanislao</span> <span class='ocrx_word' id='word_1_262' title='bbox 966 4717 1002 4781; x_wconf 90' lang='lat' dir='ltr'>et</span> <span class='ocrx_word' id='word_1_263' title='bbox 1027 4707 1197 4782; x_wconf 85' lang='lat' dir='ltr'>iratribus</span> <span class='ocrx_word' id='word_1_264' title='bbox 1228 4709 1272 4781; x_wconf 93' lang='lat' dir='ltr'>de</span> <span class='ocrx_word' id='word_1_265' title='bbox 1298 4708 1685 4801; x_wconf 81' lang='lat' dir='ltr'>Koprzyvyanka</span> <span class='ocrx_word' id='word_1_266' title='bbox 1711 4710 1815 4785; x_wconf 83' lang='lat' dir='ltr'>dictis</span> 
     </span>
     <span class='ocr_line' id='line_1_28' title="bbox 263 4830 1815 4924; baseline 0 -21"><span class='ocrx_word' id='word_1_267' title='bbox 263 4831 493 4922; x_wconf 83' lang='lat' dir='ltr'>Stacbyrk</span> <span class='ocrx_word' id='word_1_268' title='bbox 503 4855 534 4924; x_wconf 87' lang='lat' dir='ltr'>y,</span> <span class='ocrx_word' id='word_1_269' title='bbox 571 4831 684 4904; x_wconf 83' lang='lat' dir='ltr'>dando</span> <span class='ocrx_word' id='word_1_270' title='bbox 712 4832 762 4903; x_wconf 91' lang='lat' dir='ltr'>eis</span> <span class='ocrx_word' id='word_1_271' title='bbox 799 4831 915 4903; x_wconf 88' lang='lat' dir='ltr'>villam</span> <span class='ocrx_word' id='word_1_272' title='bbox 952 4831 1155 4904; x_wconf 86' lang='lat' dir='ltr'>monasterii</span> <span class='ocrx_word' id='word_1_273' title='bbox 1181 4830 1225 4900; x_wconf 88' lang='lat' dir='ltr'>W</span> <span class='ocrx_word' id='word_1_274' title='bbox 1235 4831 1461 4922; x_wconf 87' lang='lat' dir='ltr'>ylanycze</span> <span class='ocrx_word' id='word_1_275' title='bbox 1496 4830 1631 4903; x_wconf 90' lang='lat' dir='ltr'>decima</span> <span class='ocrx_word' id='word_1_276' title='bbox 1656 4833 1815 4921; x_wconf 87' lang='lat' dir='ltr'>manipu-</span> 
     </span>
     <span class='ocr_line' id='line_1_29' title="bbox 263 4952 1232 5044; baseline 0.001 -23"><span class='ocrx_word' id='word_1_277' title='bbox 263 4952 327 5023; x_wconf 91' lang='lat' dir='ltr'>lari</span> <span class='ocrx_word' id='word_1_278' title='bbox 363 4954 531 5044; x_wconf 91' lang='lat' dir='ltr'>praediali</span> <span class='ocrx_word' id='word_1_279' title='bbox 558 4954 624 5025; x_wconf 93' lang='lat' dir='ltr'>sibi</span> <span class='ocrx_word' id='word_1_280' title='bbox 652 4960 688 5024; x_wconf 89' lang='lat' dir='ltr'>et</span> <span class='ocrx_word' id='word_1_281' title='bbox 715 4974 777 5025; x_wconf 92' lang='lat' dir='ltr'>suo</span> <span class='ocrx_word' id='word_1_282' title='bbox 805 4953 1016 5025; x_wconf 88' lang='lat' dir='ltr'>monasterio</span> <span class='ocrx_word' id='word_1_283' title='bbox 1043 4960 1232 5025; x_wconf 85' lang='lat' dir='ltr'>reservata.</span> 
     </span>
    </p>

    <p class='ocr_par' dir='ltr' id='par_1_5' title="bbox 260 5071 1841 6507">
     <span class='ocr_line' id='line_1_30' title="bbox 366 5071 1814 5164; baseline -0.001 -19"><span class='ocrx_word' id='word_1_284' title='bbox 366 5075 531 5164; x_wconf 81' lang='lat' dir='ltr'>Rznrrn,</span> <span class='ocrx_word' id='word_1_285' title='bbox 558 5075 642 5147; x_wconf 86' lang='lat' dir='ltr'>villa</span> <span class='ocrx_word' id='word_1_286' title='bbox 669 5075 767 5146; x_wconf 91' lang='lat' dir='ltr'>cuius</span> <span class='ocrx_word' id='word_1_287' title='bbox 793 5074 962 5146; x_wconf 89' lang='lat' dir='ltr'>medietas</span> <span class='ocrx_word' id='word_1_288' title='bbox 988 5075 1148 5146; x_wconf 92' lang='lat' dir='ltr'>unasub</span> <span class='ocrx_word' id='word_1_289' title='bbox 1175 5073 1342 5164; x_wconf 89' lang='lat' dir='ltr'>parocbia</span> <span class='ocrx_word' id='word_1_290' title='bbox 1368 5073 1532 5145; x_wconf 90' lang='lat' dir='ltr'>ecclesiae</span> <span class='ocrx_word' id='word_1_291' title='bbox 1565 5072 1607 5144; x_wconf 90' lang='lat' dir='ltr'>de</span> <span class='ocrx_word' id='word_1_292' title='bbox 1633 5071 1814 5164; x_wconf 85' lang='lat' dir='ltr'>Pavlov‚</span> 
     </span>
     <span class='ocr_line' id='line_1_31' title="bbox 264 5193 1814 5287; baseline -0.001 -19"><span class='ocrx_word' id='word_1_293' title='bbox 264 5198 429 5277; x_wconf 87' lang='lat' dir='ltr'>etaltera</span> <span class='ocrx_word' id='word_1_294' title='bbox 447 5195 615 5268; x_wconf 92' lang='lat' dir='ltr'>medietas</span> <span class='ocrx_word' id='word_1_295' title='bbox 643 5196 686 5268; x_wconf 91' lang='lat' dir='ltr'>de</span> <span class='ocrx_word' id='word_1_296' title='bbox 705 5195 1021 5287; x_wconf 87' lang='lat' dir='ltr'>Szwyantbom</span> <span class='ocrx_word' id='word_1_297' title='bbox 1034 5217 1142 5267; x_wconf 89' lang='lat' dir='ltr'>arza</span> <span class='ocrx_word' id='word_1_298' title='bbox 1173 5196 1261 5267; x_wconf 90' lang='lat' dir='ltr'>sitae</span> <span class='ocrx_word' id='word_1_299' title='bbox 1278 5202 1370 5266; x_wconf 90' lang='lat' dir='ltr'>sunt.</span> <span class='ocrx_word' id='word_1_300' title='bbox 1409 5194 1450 5265; x_wconf 92' lang='lat' dir='ltr'>In</span> <span class='ocrx_word' id='word_1_301' title='bbox 1469 5215 1538 5285; x_wconf 89' lang='lat' dir='ltr'>qua</span> <span class='ocrx_word' id='word_1_302' title='bbox 1557 5198 1639 5264; x_wconf 89' lang='lat' dir='ltr'>sunt</span> <span class='ocrx_word' id='word_1_303' title='bbox 1656 5193 1814 5267; x_wconf 88' lang='lat' dir='ltr'>undecim</span> 
     </span>
     <span class='ocr_line' id='line_1_32' title="bbox 262 5314 1812 5408; baseline -0.003 -20"><span class='ocrx_word' id='word_1_304' title='bbox 262 5338 339 5389; x_wconf 92' lang='lat' dir='ltr'>cum</span> <span class='ocrx_word' id='word_1_305' title='bbox 356 5318 469 5389; x_wconf 90' lang='lat' dir='ltr'>medio</span> <span class='ocrx_word' id='word_1_306' title='bbox 496 5318 588 5389; x_wconf 90' lang='lat' dir='ltr'>lanei</span> <span class='ocrx_word' id='word_1_307' title='bbox 606 5317 853 5405; x_wconf 78' lang='lat' dir='ltr'>auctionales,</span> <span class='ocrx_word' id='word_1_308' title='bbox 881 5322 917 5387; x_wconf 92' lang='lat' dir='ltr'>et</span> <span class='ocrx_word' id='word_1_309' title='bbox 935 5317 1080 5406; x_wconf 91' lang='lat' dir='ltr'>quilibet</span> <span class='ocrx_word' id='word_1_310' title='bbox 1103 5316 1207 5389; x_wconf 91' lang='lat' dir='ltr'>solvit</span> <span class='ocrx_word' id='word_1_311' title='bbox 1225 5337 1288 5406; x_wconf 88' lang='lat' dir='ltr'>pro</span> <span class='ocrx_word' id='word_1_312' title='bbox 1306 5336 1411 5387; x_wconf 92' lang='lat' dir='ltr'>censu</span> <span class='ocrx_word' id='word_1_313' title='bbox 1431 5314 1554 5406; x_wconf 78' lang='lat' dir='ltr'>viginti</span> <span class='ocrx_word' id='word_1_314' title='bbox 1572 5320 1609 5385; x_wconf 92' lang='lat' dir='ltr'>et</span> <span class='ocrx_word' id='word_1_315' title='bbox 1627 5334 1691 5402; x_wconf 90' lang='lat' dir='ltr'>pro</span> <span class='ocrx_word' id='word_1_316' title='bbox 1702 5335 1812 5408; x_wconf 78' lang='lat' dir='ltr'>porc·</span> 
     </span>
     <span class='ocr_line' id='line_1_33' title="bbox 261 5432 1811 5529; baseline -0.001 -19"><span class='ocrx_word' id='word_1_317' title='bbox 261 5436 345 5510; x_wconf 80' lang='lat' dir='ltr'>dine</span> <span class='ocrx_word' id='word_1_318' title='bbox 367 5446 516 5528; x_wconf 90' lang='lat' dir='ltr'>quatuor</span> <span class='ocrx_word' id='word_1_319' title='bbox 533 5460 689 5529; x_wconf 82' lang='lat' dir='ltr'>grossos,</span> <span class='ocrx_word' id='word_1_320' title='bbox 717 5439 799 5510; x_wconf 89' lang='lat' dir='ltr'>item</span> <span class='ocrx_word' id='word_1_321' title='bbox 818 5459 885 5510; x_wconf 92' lang='lat' dir='ltr'>ova</span> <span class='ocrx_word' id='word_1_322' title='bbox 907 5439 1067 5529; x_wconf 84' lang='lat' dir='ltr'>triginta,</span> <span class='ocrx_word' id='word_1_323' title='bbox 1095 5439 1179 5509; x_wconf 88' lang='lat' dir='ltr'>item</span> <span class='ocrx_word' id='word_1_324' title='bbox 1196 5437 1308 5527; x_wconf 80' lang='lat' dir='ltr'>gallos</span> <span class='ocrx_word' id='word_1_325' title='bbox 1326 5436 1426 5522; x_wconf 92' lang='lat' dir='ltr'>duos,</span> <span class='ocrx_word' id='word_1_326' title='bbox 1454 5436 1538 5507; x_wconf 91' lang='lat' dir='ltr'>item</span> <span class='ocrx_word' id='word_1_327' title='bbox 1556 5454 1674 5506; x_wconf 85' lang='lat' dir='ltr'>caseos</span> <span class='ocrx_word' id='word_1_328' title='bbox 1703 5432 1811 5524; x_wconf 86' lang='lat' dir='ltr'>duos;</span> 
     </span>
     <span class='ocr_line' id='line_1_34' title="bbox 262 5555 1811 5649; baseline -0.001 -20"><span class='ocrx_word' id='word_1_329' title='bbox 262 5561 343 5631; x_wconf 86' lang='lat' dir='ltr'>item</span> <span class='ocrx_word' id='word_1_330' title='bbox 362 5566 416 5631; x_wconf 91' lang='lat' dir='ltr'>est</span> <span class='ocrx_word' id='word_1_331' title='bbox 441 5561 492 5637; x_wconf 93' lang='lat' dir='ltr'>ibi</span> <span class='ocrx_word' id='word_1_332' title='bbox 509 5560 741 5632; x_wconf 90' lang='lat' dir='ltr'>molendinum</span> <span class='ocrx_word' id='word_1_333' title='bbox 766 5561 801 5631; x_wconf 93' lang='lat' dir='ltr'>in</span> <span class='ocrx_word' id='word_1_334' title='bbox 820 5560 952 5649; x_wconf 91' lang='lat' dir='ltr'>piscina</span> <span class='ocrx_word' id='word_1_335' title='bbox 978 5566 1014 5631; x_wconf 87' lang='lat' dir='ltr'>et</span> <span class='ocrx_word' id='word_1_336' title='bbox 1031 5560 1135 5631; x_wconf 88' lang='lat' dir='ltr'>fluvio</span> <span class='ocrx_word' id='word_1_337' title='bbox 1164 5556 1418 5649; x_wconf 84' lang='lat' dir='ltr'>Szvyslina</span> <span class='ocrx_word' id='word_1_338' title='bbox 1443 5562 1480 5627; x_wconf 92' lang='lat' dir='ltr'>et</span> <span class='ocrx_word' id='word_1_339' title='bbox 1497 5555 1602 5627; x_wconf 93' lang='lat' dir='ltr'>solvit</span> <span class='ocrx_word' id='word_1_340' title='bbox 1625 5560 1811 5646; x_wconf 89' lang='lat' dir='ltr'>metretas;</span> 
     </span>
     <span class='ocr_line' id='line_1_35' title="bbox 261 5678 1811 5771; baseline -0.002 -20"><span class='ocrx_word' id='word_1_341' title='bbox 261 5681 343 5752; x_wconf 90' lang='lat' dir='ltr'>item</span> <span class='ocrx_word' id='word_1_342' title='bbox 372 5680 518 5771; x_wconf 84' lang='lat' dir='ltr'>quilibet</span> <span class='ocrx_word' id='word_1_343' title='bbox 542 5681 681 5753; x_wconf 91' lang='lat' dir='ltr'>laborat</span> <span class='ocrx_word' id='word_1_344' title='bbox 707 5681 797 5752; x_wconf 91' lang='lat' dir='ltr'>diem</span> <span class='ocrx_word' id='word_1_345' title='bbox 824 5681 861 5751; x_wconf 93' lang='lat' dir='ltr'>in</span> <span class='ocrx_word' id='word_1_346' title='bbox 879 5681 1072 5771; x_wconf 91' lang='lat' dir='ltr'>septimana</span> <span class='ocrx_word' id='word_1_347' title='bbox 1098 5678 1239 5768; x_wconf 92' lang='lat' dir='ltr'>proprio</span> <span class='ocrx_word' id='word_1_348' title='bbox 1267 5697 1371 5749; x_wconf 89' lang='lat' dir='ltr'>curru</span> <span class='ocrx_word' id='word_1_349' title='bbox 1397 5682 1459 5747; x_wconf 91' lang='lat' dir='ltr'>aut</span> <span class='ocrx_word' id='word_1_350' title='bbox 1484 5680 1616 5765; x_wconf 88' lang='lat' dir='ltr'>aratro,</span> <span class='ocrx_word' id='word_1_351' title='bbox 1644 5682 1680 5748; x_wconf 91' lang='lat' dir='ltr'>et</span> <span class='ocrx_word' id='word_1_352' title='bbox 1708 5697 1811 5749; x_wconf 92' lang='lat' dir='ltr'>unam</span> 
     </span>
     <span class='ocr_line' id='line_1_36' title="bbox 261 5796 1841 5892; baseline -0.002 -18"><span class='ocrx_word' id='word_1_353' title='bbox 261 5802 408 5892; x_wconf 81' lang='lat' dir='ltr'>siliginis</span> <span class='ocrx_word' id='word_1_354' title='bbox 435 5808 472 5873; x_wconf 90' lang='lat' dir='ltr'>et</span> <span class='ocrx_word' id='word_1_355' title='bbox 489 5803 576 5874; x_wconf 88' lang='lat' dir='ltr'>duas</span> <span class='ocrx_word' id='word_1_356' title='bbox 603 5824 732 5874; x_wconf 88' lang='lat' dir='ltr'>avenae</span> <span class='ocrx_word' id='word_1_357' title='bbox 759 5823 938 5874; x_wconf 89' lang='lat' dir='ltr'>mensuras</span> <span class='ocrx_word' id='word_1_358' title='bbox 965 5800 1139 5873; x_wconf 82' lang='lat' dir='ltr'>confertas</span> <span class='ocrx_word' id='word_1_359' title='bbox 1167 5799 1287 5887; x_wconf 90' lang='lat' dir='ltr'>solvit;</span> <span class='ocrx_word' id='word_1_360' title='bbox 1314 5798 1397 5871; x_wconf 85' lang='lat' dir='ltr'>item</span> <span class='ocrx_word' id='word_1_361' title='bbox 1417 5796 1602 5892; x_wconf 75' lang='lat' dir='ltr'>peccabam</span> <span class='ocrx_word' id='word_1_362' title='bbox 1628 5804 1841 5889; x_wconf 87' lang='lat' dir='ltr'>utramque·</span> 
     </span>
     <span class='ocr_line' id='line_1_37' title="bbox 260 5919 1809 6010; baseline -0.001 -17"><span class='ocrx_word' id='word_1_363' title='bbox 260 5923 403 5995; x_wconf 87' lang='lat' dir='ltr'>laborat.</span> <span class='ocrx_word' id='word_1_364' title='bbox 430 5924 518 5995; x_wconf 89' lang='lat' dir='ltr'>Item</span> <span class='ocrx_word' id='word_1_365' title='bbox 545 5932 627 5996; x_wconf 91' lang='grc'><strong>0001</strong></span> <span class='ocrx_word' id='word_1_366' title='bbox 654 5924 702 5995; x_wconf 94' lang='lat' dir='ltr'>ibi</span> <span class='ocrx_word' id='word_1_367' title='bbox 730 5922 818 5994; x_wconf 89' lang='lat' dir='ltr'>duae</span> <span class='ocrx_word' id='word_1_368' title='bbox 846 5923 1009 5993; x_wconf 87' lang='lat' dir='ltr'>tabernae</span> <span class='ocrx_word' id='word_1_369' title='bbox 1036 5920 1207 5992; x_wconf 89' lang='lat' dir='ltr'>habentes</span> <span class='ocrx_word' id='word_1_370' title='bbox 1234 5940 1352 6010; x_wconf 60' lang='lat' dir='ltr'>agrum</span> <span class='ocrx_word' id='word_1_371' title='bbox 1379 5925 1415 5990; x_wconf 91' lang='lat' dir='ltr'>et</span> <span class='ocrx_word' id='word_1_372' title='bbox 1432 5919 1537 5992; x_wconf 88' lang='lat' dir='ltr'>solvit</span> <span class='ocrx_word' id='word_1_373' title='bbox 1563 5941 1632 5992; x_wconf 91' lang='lat' dir='ltr'>una</span> <span class='ocrx_word' id='word_1_374' title='bbox 1658 5919 1809 5991; x_wconf 86' lang='lat' dir='ltr'>sedecim</span> 
     </span>
     <span class='ocr_line' id='line_1_38' title="bbox 261 6032 1808 6142; baseline -0.002 -27"><span class='ocrx_word' id='word_1_375' title='bbox 261 6051 406 6133; x_wconf 88' lang='lat' dir='ltr'>scottos,</span> <span class='ocrx_word' id='word_1_376' title='bbox 425 6045 495 6115; x_wconf 90' lang='lat' dir='ltr'>alia</span> <span class='ocrx_word' id='word_1_377' title='bbox 509 6066 597 6135; x_wconf 93' lang='lat' dir='ltr'>quae</span> <span class='ocrx_word' id='word_1_378' title='bbox 613 6052 757 6116; x_wconf 90' lang='lat' dir='ltr'>vocatur</span> <span class='ocrx_word' id='word_1_379' title='bbox 773 6044 809 6113; x_wconf 94' lang='lat' dir='ltr'>in</span> <span class='ocrx_word' id='word_1_380' title='bbox 823 6032 991 6113; x_wconf 84' lang='lat' dir='ltr'>Zawada</span> <span class='ocrx_word' id='word_1_381' title='bbox 1008 6040 1188 6142; x_wconf 85' lang='lat' dir='ltr'>fertonem.</span> <span class='ocrx_word' id='word_1_382' title='bbox 1214 6041 1302 6112; x_wconf 86' lang='lat' dir='ltr'>Item</span> <span class='ocrx_word' id='word_1_383' title='bbox 1321 6047 1402 6113; x_wconf 94' lang='lat' dir='ltr'>suut</span> <span class='ocrx_word' id='word_1_384' title='bbox 1416 6041 1464 6114; x_wconf 94' lang='lat' dir='ltr'>ibi</span> <span class='ocrx_word' id='word_1_385' title='bbox 1479 6040 1568 6113; x_wconf 93' lang='lat' dir='ltr'>duae</span> <span class='ocrx_word' id='word_1_386' title='bbox 1586 6039 1808 6113; x_wconf 88' lang='lat' dir='ltr'>hortulaniae</span> 
     </span>
     <span class='ocr_line' id='line_1_39' title="bbox 260 6160 1809 6255; baseline -0.001 -20"><span class='ocrx_word' id='word_1_387' title='bbox 260 6165 427 6237; x_wconf 91' lang='lat' dir='ltr'>babentes</span> <span class='ocrx_word' id='word_1_388' title='bbox 455 6187 575 6255; x_wconf 82' lang='lat' dir='ltr'>agros,</span> <span class='ocrx_word' id='word_1_389' title='bbox 610 6172 647 6237; x_wconf 91' lang='lat' dir='ltr'>at</span> <span class='ocrx_word' id='word_1_390' title='bbox 674 6163 848 6254; x_wconf 90' lang='lat' dir='ltr'>quaelibet</span> <span class='ocrx_word' id='word_1_391' title='bbox 883 6161 988 6234; x_wconf 89' lang='lat' dir='ltr'>solvit</span> <span class='ocrx_word' id='word_1_392' title='bbox 1014 6181 1087 6250; x_wconf 88' lang='lat' dir='ltr'>pro·</span> <span class='ocrx_word' id='word_1_393' title='bbox 1105 6180 1209 6231; x_wconf 90' lang='lat' dir='ltr'>censu</span> <span class='ocrx_word' id='word_1_394' title='bbox 1237 6215 1351 6231; x_wconf 90' lang='grc'><strong>.....</strong></span> <span class='ocrx_word' id='word_1_395' title='bbox 1398 6162 1487 6233; x_wconf 92' lang='lat' dir='ltr'>ltem</span> <span class='ocrx_word' id='word_1_396' title='bbox 1514 6167 1569 6232; x_wconf 87' lang='lat' dir='ltr'>est</span> <span class='ocrx_word' id='word_1_397' title='bbox 1594 6161 1642 6232; x_wconf 95' lang='lat' dir='ltr'>ibi</span> <span class='ocrx_word' id='word_1_398' title='bbox 1669 6160 1809 6233; x_wconf 86' lang='lat' dir='ltr'>unicum</span> 
     </span>
     <span class='ocr_line' id='line_1_40' title="bbox 260 6281 1808 6376; baseline -0.005 -18"><span class='ocrx_word' id='word_1_399' title='bbox 260 6287 438 6376; x_wconf 88' lang='lat' dir='ltr'>praedium</span> <span class='ocrx_word' id='word_1_400' title='bbox 466 6285 682 6373; x_wconf 87' lang='lat' dir='ltr'>coenobiale,</span> <span class='ocrx_word' id='word_1_401' title='bbox 709 6284 754 6371; x_wconf 84' lang='lat' dir='ltr'>ad</span> <span class='ocrx_word' id='word_1_402' title='bbox 779 6291 852 6355; x_wconf 87' lang='lat' dir='ltr'>tres</span> <span class='ocrx_word' id='word_1_403' title='bbox 878 6284 996 6355; x_wconf 91' lang='lat' dir='ltr'>laneos</span> <span class='ocrx_word' id='word_1_404' title='bbox 1023 6281 1242 6353; x_wconf 89' lang='lat' dir='ltr'>aestimatum</span> <span class='ocrx_word' id='word_1_405' title='bbox 1269 6288 1306 6351; x_wconf 92' lang='lat' dir='ltr'>et</span> <span class='ocrx_word' id='word_1_406' title='bbox 1332 6281 1429 6361; x_wconf 83' lang='lat' dir='ltr'>curia</span> <span class='ocrx_word' id='word_1_407' title='bbox 1455 6282 1583 6373; x_wconf 77' lang='lat' dir='ltr'>optime</span> <span class='ocrx_word' id='word_1_408' title='bbox 1609 6300 1671 6371; x_wconf 89' lang='lat' dir='ltr'>per</span> <span class='ocrx_word' id='word_1_409' title='bbox 1699 6281 1808 6371; x_wconf 79' lang='lat' dir='ltr'>magi-</span> 
     </span>
     <span class='ocr_line' id='line_1_41' title="bbox 260 6400 1806 6507; baseline 0 -30"><span class='ocrx_word' id='word_1_410' title='bbox 260 6414 368 6478; x_wconf 85' lang='lat' dir='ltr'>strum</span> <span class='ocrx_word' id='word_1_411' title='bbox 404 6406 679 6481; x_wconf 89' lang='lat' dir='ltr'>Michaelem</span> <span class='ocrx_word' id='word_1_412' title='bbox 715 6405 911 6495; x_wconf 87' lang='lat' dir='ltr'>aedificata,</span> <span class='ocrx_word' id='word_1_413' title='bbox 946 6410 983 6477; x_wconf 91' lang='lat' dir='ltr'>et</span> <span class='ocrx_word' id='word_1_414' title='bbox 1012 6404 1058 6476; x_wconf 91' lang='lat' dir='ltr'>de</span> <span class='ocrx_word' id='word_1_415' title='bbox 1088 6402 1183 6494; x_wconf 75' lang='lat' dir='ltr'>agris</span> <span class='ocrx_word' id='word_1_416' title='bbox 1217 6400 1453 6507; x_wconf 76' lang='lat' dir='ltr'>praedialibus</span> <span class='ocrx_word' id='word_1_417' title='bbox 1489 6401 1636 6475; x_wconf 87' lang='lat' dir='ltr'>solvitur</span> <span class='ocrx_word' id='word_1_418' title='bbox 1671 6402 1806 6477; x_wconf 77' lang='grc'><strong>(1001000</strong></span> 
     </span>
    </p>
   </div>
   <div class='ocr_carea' id='block_1_5' title="bbox 1659 6690 1707 6787">
    <p class='ocr_par' dir='ltr' id='par_1_6' title="bbox 1659 6672 1707 6787">
     <span class='ocr_line' id='line_1_42' title="bbox 1659 6690 1707 6787; baseline 0 0"><span class='ocrx_word' id='word_1_419' title='bbox 1659 6690 1707 6787; x_wconf 66' lang='lat' dir='ltr'>‘a</span> 
     </span>
    </p>
   </div>
   <div class='ocr_carea' id='block_1_6' title="bbox 0 0 2114 8057">
    <p class='ocr_par' dir='ltr' id='par_1_7' title="bbox 0 0 2114 8057">
     <span class='ocr_line' id='line_1_43' title="bbox 0 0 2114 8057; baseline 0 0"><span class='ocrx_word' id='word_1_420' title='bbox 0 0 2114 8057; x_wconf 95' lang='lat' dir='ltr'> </span> 
     </span>
    </p>
   </div>
  </div>
 </body>
</html>
