4217 8059
337 1486 413 1564 408

333 1697 496 1788 pertinet
532 1690 573 1767 In
600 1712 669 1786 qua
700 1700 782 1766 sunt
816 1693 885 1766 duo
912 1693 1002 1766 lanei
1038 1693 1289 1783 ometbuualea,
1316 1698 1353 1764 et
1378 1691 1524 1785 quilibet
1551 1690 1657 1764 solvit
1683 1702 1879 1780 perunum

334 1817 522 1905 fertonem,
549 1816 631 1886 item
668 1834 734 1887 ova
759 1814 923 1904 triginta,
950 1814 1031 1885 item
1067 1813 1179 1904 gallos
1205 1819 1373 1903 quatuor,
1388 1810 1484 1883 'item
1512 1828 1634 1885 caseos
1660 1811 1757 1882 duos.
1795 1811 1881 1882 Item

335 1936 472 2008 laboret
498 1934 645 2026 quilibet
670 1935 714 2006 de
741 1934 840 2006 laneo
867 1952 972 2005 unum
999 1933 1090 2007 diem
1116 1934 1152 2005 in
1180 1934 1388 2024 septimana,
1415 1932 1558 2023 proprio
1581 1948 1689 2005 aomo
1716 1937 1778 2003 aut
1805 1950 1884 2003 ara-

333 2062 398 2127 tro.
434 2055 521 2129 Item
556 2048 737 2150 pureubam
771 2054 936 2126 laborant
959 2054 1149 2144 duplicem,
1175 2070 1240 2143 pro
1266 2072 1349 2124 vere
1376 2052 1537 2124 videlieet
1562 2057 1600 2124 et
1626 2053 1758 2142 hyeme.
1795 2053 1883 2123 lum
1957 2046 1964 2057 '

333 2196 470 2271 ouszyep
497 2175 651 2265 solvunt,
677 2181 755 2246 oete
782 2176 906 2246 choros
932 2195 1062 2246 arenae
1088 2181 1125 2247 et
1151 2179 1301 2264 quatuor
1328 2173 1484 2264 siliginis.
1525 2173 1612 2244 Item
1639 2174 1787 2244 taberne
1813 2188 1883 2244 uua

332 2295 465 2367 babens
491 2314 604 2386 agros,
630 2300 667 2367 et
693 2296 798 2367 soluit
824 2294 971 2366 mediam
998 2314 1160 2366 manuam.
1186 2294 1273 2365 Item
1300 2293 1498 2365 hortularia
1525 2313 1603 2382 una,
1630 2300 1667 2364 et
1684 2290 1791 2364 solvit
1808 2300 1882 2364 tres

247 2419 252 2430 '
318 2422 494 2505 ’grossos²
520 2418 558 2487 et
583 2414 721 2488 laborat
757 2432 860 2487 unum
888 2414 977 2486 diem
1005 2415 1041 2486 in
1069 2414 1281 2504 septimuna3
1307 2415 1390 2485 item
1417 2413 1615 2504 praedium,
1643 2413 1726 2484 iiam
1753 2413 1883 2485 molen·
1916 2406 1920 2415 ’

333 2534 461 2607 dinam.
497 2534 585 2607 Item
612 2552 731 2607 omnes
757 2535 834 2627 agri
860 2534 963 2607 udae
989 2535 1129 2606 solvunt
1155 2538 1192 2606 et
1217 2533 1415 2607 conducunt
1440 2532 1607 2605 decimam
1635 2532 1883 2640 manipularem

265 2706 268 2711 -
332 2660 370 2726 et
396 2654 594 2746 eenapalem
621 2674 685 2746 pro
720 2654 929 2727 monasterio
956 2653 1246 2744 Waneboeaensi‚
1272 2655 1327 2726 eui
1354 2664 1417 2744 per
1450 2654 1650 2745 episeapam
1675 2652 1882 2725 (inconeu-

333 2790 405 2846 sem
433 2772 690 2847 (iedeonem
716 2774 885 2866 inscripta
910 2781 947 2847 et
973 2774 1102 2847 donata
1127 2781 1191 2865 est,
1216 2779 1254 2847 at
1279 2774 1378 2847 valor
1403 2774 1608 2847 madmatm
1633 2774 1678 2846 ad
1704 2772 1884 2847 duodeeim

332 2910 477 2967 mareas.
503 2893 664 2969 Gonflntu
688 2912 765 2967 aum
792 2894 1025 2988 Mnyszelr‚
1051 2894 1278 2986 Wolyeae.

436 3015 625 3106 mmm,
651 3015 734 3088 uilla
760 3016 825 3089 sub
861 3016 1027 3107 parocbia
1053 3015 1098 3089 de
1124 3015 1646 3108 Swyauthamarzasita,
1674 3015 1772 3086 euius
1799 3028 1883 3105 pars
1959 3064 1963 3073 -

334 3158 356 3207 a
382 3136 632 3210 humberto
657 3136 767 3209 iratae
802 3135 1059 3211 cherubini
1085 3135 1130 3208 de
1156 3134 1411 3227 Wyszokye
1436 3135 1567 3208 donata
1593 3138 1647 3207 est
1673 3135 1883 3207 monasterio

333 3252 616 3348 Wanehoeaenai,
642 3272 725 3348 para
751 3256 795 3330 ab
822 3257 1064 3330 archidiacono
1082 3255 1280 3329 ilberto
1306 3261 1431 3348 emptu
1449 3276 1527 3329 sors
1544 3254 1810 3349 Graylronis
1835 3255 1882 3328 ab

267 3388 294 3445 *a
331 3376 494 3470 episcopo
521 3376 743 3451 Graaoviensi
770 3378 864 3465 data,
883 3398 960 3451 sors
978 3360 1072 3450 Sam
1082 3394 1272 3469 yasaaae
1296 3376 1417 3449 abilis
1435 3377 1522 3466 eius,
1539 3396 1603 3467 pro
1622 3374 1771 3449 aeduum
1789 3390 1882 3447 mar·

332 3498 383 3570 aia
409 3502 545 3590 empta3
572 3500 704 3591 inqua
729 3497 887 3571 undeaim
907 3553 915 3569 .
934 3528 943 3568 ·.
961 3540 969 3568 e
987 3553 995 3569 .
1014 3553 1022 3569 .
1040 3553 1075 3568 ..
1101 3503 1139 3570 et
1165 3498 1310 3589 quilibet
1340 3496 1447 3571 solvit
1473 3516 1580 3570 unum
1606 3497 1786 3586 fertonem,
1798 3518 1884 3571 -uaa

333 3619 481 3691 taberna
521 3618 660 3692 solvens
694 3636 798 3693 onem
833 3636 1057 3710 sexagenum,
1092 3618 1271 3710 praedium
1307 3638 1431 3708 uuum,
1457 3624 1495 3691 et
1521 3618 1564 3691 de
1591 3618 1750 3690 omnibus
1776 3617 1883 3691 datur

329 3738 463 3811 damma
488 3738 713 3831 manipularis
739 3740 1002 3832 praepositurae
1028 3738 1218 3813 Keleaensi.
1245 3736 1358 3813 Huius
1385 3740 1488 3812 villae
1518 3738 1715 3833 proprietas
1731 3740 1885 3830 pertinet

331 3878 423 3931 nune
455 3858 500 3931 ed
528 3859 766 3951 episeopatum
797 3860 1063 3933 cracoviensem
1090 3859 1191 3951 pleno
1216 3860 1303 3952 inre,
1329 3868 1367 3934 et
1392 3860 1546 3933 alienata
1564 3862 1621 3949 aab
1635 3881 1659 3931 a
1673 3859 1887 3933 monastario

332 3964 614 4068 Wenebooaensi
640 3999 683 4050 ex
709 3996 814 4052 eausa
836 3980 1110 4071 pemutationis.

436 4094 978 4191 Pmosmwmze,vi11esuu
1005 4101 1172 4191 parochie
1197 4102 1241 4173 de
1268 4096 1536 4192 Wasanyou
1563 4101 1651 4191 sitae
1676 4101 1775 4172 ouius
1802 4120 1883 4191 pro

331 4216 462 4309 prietes
488 4218 533 4290 ad
559 4220 808 4293 monasterium
835 4218 1117 4301 Wanelroezense
1142 4221 1304 4313 pertineo
1338 4222 1379 4293 ln
1406 4240 1475 4312 qua
1501 4227 1583 4294 aunt
1608 4222 1700 4293 lanei
1727 4221 1880 4293 emetbo-

330 4338 436 4429 noles,
462 4342 499 4410 et
524 4339 672 4431 quilibet
697 4340 802 4413 solvit
819 4395 827 4411 .
846 4394 854 4411 .
873 4395 898 4431 .‚
926 4340 1010 4414 item
1038 4360 1121 4432 ove,
1139 4342 1230 4412 item
1240 4342 1361 4432 gallos,
1378 4342 1462 4413 item
1481 4360 1611 4414 moues.
1638 4342 1725 4413 ltem
1743 4340 1883 4415 laborat

145 4516 151 4530 .
189 4520 192 4525 .
332 4458 478 4549 quilibet
503 4460 547 4533 de
573 4461 680 4533 laneo
701 4482 806 4534 unum
832 4461 923 4533 diem
950 4463 985 4534 in
1013 4462 1225 4552 septimana,
1253 4463 1395 4552 proprio
1420 4482 1526 4535 curru
1552 4469 1615 4535 aut
1638 4469 1769 4552 aratro,
1797 4463 1883 4535 item

326 4566 521 4673 mabam,
547 4580 631 4652 itam
657 4602 804 4678 omzyep.
830 4581 918 4654 Item
945 4582 1113 4655 tabernae
1129 4587 1203 4654 tres
1222 4583 1391 4655 babentes
1407 4600 1520 4674 agros.
1547 4584 1633 4655 bem
1653 4582 1881 4661 bomuhuiae.

321 4699 418 4775 ¹Item
444 4700 624 4790 praedium
651 4701 850 4775 coenobiale
876 4708 933 4775 eat
958 4704 1006 4774 ibi
1034 4704 1171 4793 bonum,
1198 4702 1241 4775 de
1268 4703 1366 4775 euius
1392 4704 1753 4794 agriamonasterium
1774 4704 1882 4777 Wan-

330 4819 518 4893 elroozense
544 4839 608 4912 pro
635 4842 673 4894 ae
698 4821 794 4895 tollit
819 4823 1006 4912 deeimam3
1032 4823 1115 4894 item
1142 4823 1385 4895 molendinum.
1412 4824 1501 4896 Item
1528 4844 1647 4896 omnes
1673 4825 1752 4915 agri
1780 4825 1884 4897 villae

330 4934 472 5013 solvunt
506 4947 543 5014 et
579 4941 777 5015 oondneunt
811 4941 978 5015 decimam
1013 4943 1263 5034 manipularem
1289 4949 1326 5015 et
1352 4945 1552 5036 canapaIem
1579 4966 1644 5035 pro
1671 4947 1883 5018 monasterio

333 5059 614 5151 Waneboezenai,
641 5069 679 5134 et
705 5062 803 5135 valor
828 5063 904 5136 eius
930 5064 1135 5137 aestimatur
1162 5063 1206 5137 ad
1225 5118 1234 5134 .
1252 5120 1259 5134 .
1278 5119 1286 5134 .
1305 5082 1446 5138 mareas.
1473 5065 1633 5138 Conium
1659 5086 1735 5137 eum
1759 5065 1884 5156 Wuy·

331 5180 670 5272 ezeehouyoae,
697 5181 1133 5274 swyanszkowiczq
1160 5180 1390 5257 Nossauw.
1537 5202 1542 5215 ·

433 5299 809 5392 Worczacuowrc'za,
837 5300 920 5375 villa
946 5305 1010 5376 sub
1036 5306 1202 5395 parocbia
1227 5305 1271 5377 de
1290 5305 1558 5398 Wasanyow
1585 5307 1661 5396 sita
1679 5306 1777 5378 euius
1795 5306 1880 5377 bae·

330 5420 431 5493 redes
467 5418 624 5493 Glemb
659 5427 697 5515 et
731 5421 930 5495 Zaklilra
965 5423 1333 5518 Ozyayenozsky.
1373 5426 1412 5498 ln
1441 5447 1509 5518 qua
1536 5427 1782 5499 monasterium
1810 5440 1881 5498 non
1936 5436 1944 5444 '

329 5540 424 5613 aliud
451 5541 576 5631 habet,
602 5543 669 5617 nisi
685 5562 799 5617 'unam
834 5544 1014 5616 tabernam
1042 5545 1227 5618 habeatem
1254 5566 1358 5637 agros
1393 5547 1571 5639 speciales-
1588 5554 1624 5619 et
1648 5552 1766 5638 prata,
1792 5566 1883 5637 quae

328 5660 432 5732 solvit
458 5663 666 5735 monasterio
692 5660 965 5737 Waneboeaensi
991 5672 1065 5737 tres
1091 5666 1263 5758 fertones,
1291 5675 1328 5739 et
1354 5668 1550 5740 deoambita
1575 5666 1642 5740 init
1667 5686 1731 5758 pro
1758 5668 1882 5740 eoolte

328 5781 379 5853 tia
404 5781 440 5853 in
465 5780 752 5878 Orzisszooa
779 5784 946 5876 Wolya
973 5786 1058 5863 Rem
1086 5787 1220 5859 decima
1246 5793 1326 5879 post
1351 5806 1471 5861 omnes
1498 5806 1603 5880 agros
1629 5780 1743 5879 villae,
1761 5788 1881 5862 uber·

327 5921 392 5974 uae
414 5957 422 5973 .
441 5956 475 5973 ..

430 6021 787 6115 Pausszruowrcza,
812 6025 896 6099 vilia·
913 6026 996 6101 aub
1012 6012 1179 6121 paroalrla
1204 6030 1248 6102 de
1277 6028 1547 6123 Wasznyou
1573 6031 1651 6120 sita
1679 6030 1776 6103 ouius
1802 6044 1878 6103 sor·

280 6128 283 6137 ’
327 6148 397 6214 tem
424 6144 636 6216 monasterio
663 6130 1236 6229 Wanehoeaenai'liumbertas
1260 6150 1446 6223 eanonicus
1464 6149 1568 6224 dedit.
1595 6153 1635 6223 lu
1654 6168 1723 6243 qua
1739 6150 1878 6243 quidem

327 6270 424 6339 sore
451 6270 533 6336 sunt
558 6263 649 6337 lanei
677 6266 984 6367 emetbouaiaq*·'et
1010 6270 1157 6363 quilibet
1182 6268 1288 6343 soluit
1305 6326 1314 6341 .
1332 6325 1340 6340 .
1359 6325 1384 6360 .‚
1413 6273 1497 6344 item
1522 6273 1669 6365 triginta
1695 6292 1770 6363 ova
1797 6273 1880 6344 item

327 6380 415 6459 duee
440 6402 606 6476 capones,
631 6386 714 6464 item
742 6400 885 6482 m
901 6390 1007 6503 Um..
1026 6390 1166 6471 lebam
1185 6390 1339 6483 quintet
1364 6393 1456 6467 diem
1482 6394 1520 6466 in
1545 6394 1741 6486 septimane
1764 6408 1882 6484 unm,

961 6516 1005 6587 ι
1696 6512 1704 6531 .
1905 6528 1909 6535 .
