4217 8059
1774 1488 1820 1566 lt

268 1696 345 1794 agri
376 1697 480 1771 villae
515 1694 654 1770 solvunt
688 1702 725 1770 et
759 1697 957 1770 conducunt
991 1698 1162 1770 decimam
1189 1697 1440 1789 manipularem
1467 1704 1503 1770 et
1529 1699 1730 1790 canapalem
1757 1719 1821 1790 pro

268 1820 480 1891 monasterio
514 1817 793 1910 Myecbovieusi,
829 1826 866 1890 et
900 1820 999 1892 valor
1033 1821 1108 1892 eius
1144 1821 1349 1892 aestimatur
1385 1821 1434 1892 ad·
1457 1821 1652 1911 quindecim
1680 1841 1822 1893 marcas.

269 1940 357 2011 Item
385 1940 533 2030 quilibet
563 1940 718 2029 ometbo,
746 1947 1060 2030 quantumcumque
1096 1962 1258 2030 agrorum
1294 1941 1427 2013 babens
1462 1942 1498 2013 iu
1525 1941 1722 2031 Slauuo,
1748 1943 1822 2014 sire

269 2062 375 2133 etiam
403 2081 533 2150 agrum
567 2060 744 2133 desertum
770 2062 962 2150 arendaus,
988 2067 1146 2151 ιιιιιιιιι,
1173 2062 1255 2133 dum
1291 2062 1482 2134 decimatur
1508 2061 1641 2134 decima
1666 2063 1702 2133 in
1729 2062 1821 2135 Sla-

269 2203 373 2271 uno,
398 2181 484 2251 dare
510 2187 661 2271 quatuor
685 2180 805 2271 gallos,
833 2182 906 2253 sive
933 2183 980 2252 sit
1005 2182 1142 2272 nobilis,
1170 2184 1243 2255 sire
1267 2183 1374 2253 ctiam
1393 2184 1540 2256 ometbo.
1567 2182 1726 2255 Οιιιιιιιιι
1742 2202 1820 2255 oum

270 2302 396 2372 Nova
422 2299 638 2392 Ozirkew,
664 2306 812 2392 utraque
839 2301 1071 2392 Kesalrow,
1098 2301 1260 2374 Garno.

376 2419 535 2495 Genaua
562 2426 755 2495 monetae.
781 2421 938 2494 Contulit
963 2430 1078 2495 autem
1106 2424 1142 2495 in
1170 2423 1285 2495 dotem
1311 2430 1349 2496 ot
1375 2425 1467 2496 circa
1492 2423 1727 2496 fundationem
1747 2425 1822 2495 eius
1946 2522 1950 2531 ι

216 2543 219 2555 “
269 2541 428 2632 prucfato
463 2544 674 2616 monasterio
713 2543 993 2634 Myechorieusi,
1028 2544 1295 2615 Kazimirus
1330 2544 1619 2633 Saudomiriensis
1655 2545 1743 2635 dux,
1779 2544 1822 2617 de

268 2664 434 2736 tlresanro
469 2663 545 2734 fisci
571 2664 626 2735 sui
653 2663 804 2752 ducabs,
830 2664 936 2736 etde
963 2664 1100 2736 officina
1125 2667 1291 2738 monetali
1318 2666 1372 2737 sui
1398 2666 1561 2754 ducatus,
1589 2673 1663 2737 tres
1689 2686 1822 2737 marcas

257 2783 471 2856 'numismati
505 2784 662 2875 urgenti,
689 2806 790 2875 quem
826 2806 965 2857 censum
1001 2788 1101 2857 aunis
1136 2786 1255 2858 multis
1280 2787 1528 2859 monasterium
1555 2786 1822 2877 Myechorieuse

269 2904 504 2995 percipiebat;
530 2904 592 2977 sed
617 2905 648 2978 is
675 2926 798 2978 census
816 2906 964 2977 dudum
990 2907 1141 2979 abolitas
1169 2913 1206 2979 et
1231 2909 1405 2980 extinctus
1431 2913 1494 2979 est.
1519 2907 1678 2982 Donatus
1705 2927 1822 2979 mona-

270 3025 380 3097 sterio
406 3045 470 3116 per
495 3024 769 3129 (lasimirnm
797 3027 917 3099 ducem
946 3027 1275 3117 Sandomiriensem,
1296 3027 1467 3101 alienatus
1493 3049 1516 3099 a
1541 3028 1783 3100 monasterio<

378 3141 537 3218 causus
563 3145 613 3219 de
641 3142 822 3238 plaustris
849 3146 953 3223 aetio.
995 3148 1082 3218 Item
1118 3148 1210 3220 idem
1245 3146 1506 3220 Gasimirus
1532 3147 1822 3221 Sandomirieusis

274 3267 364 3367 dux,
399 3266 551 3339 dotando
585 3268 835 3340 monasterium
870 3268 1139 3360 Myecbovieusc
1174 3268 1385 3358 praefatum,
1413 3269 1456 3339 de
1482 3268 1640 3359 quolibet
1665 3268 1821 3357 plaustro

271 3387 356 3460 salis
393 3388 644 3478 quinquaginta
679 3389 795 3478 capita
829 3388 913 3460 salis
948 3389 1115 3476 habente,
1142 3390 1177 3459 iu
1205 3389 1369 3480 oppidum
1395 3387 1689 3461 Skaraeszou
1716 3387 1821 3461 ducto

272 3508 326 3582 vel
353 3507 529 3599 ducendo,
555 3508 699 3581 donavit
724 3509 935 3581 monasterio
962 3508 1220 3599 Myecbouiensi
1256 3509 1435 3583 duodecim
1462 3510 1578 3598 capita
1604 3509 1705 3596 salis,
1733 3528 1822 3598 qnae

271 3632 347 3720 ipse
373 3631 530 3720 accipere
556 3631 632 3701 inre
659 3650 721 3701 sno
749 3630 862 3720 ducali
890 3635 1136 3718 consueveram
1164 3651 1286 3702 census
1313 3637 1429 3701 tumen
1456 3631 1531 3719 ipsc
1559 3630 1670 3701 omnis
1687 3629 1822 3718 disper·
1864 3617 1870 3627 ’

271 3752 324 3821 ιιι.
358 3751 517 3828 Donatus
553 3771 617 3840 per
643 3751 764 3822 ducem
792 3749 1069 3878 casimirum
1094 3749 1407 3828 Saudomiriensem
1434 3752 1665 3839 monasterio,
1691 3749 1821 3821 aliena·

272 3879 330 3941 tus
357 3892 380 3942 a
404 3873 635 3943 monasterio.

379 3988 537 4067 Oeneus
564 3993 614 4065 de
642 3990 839 4064 allecibus.
866 3992 954 4063 Item
981 3991 1158 4081 praetatus
1184 3992 1442 4065 casimirus
1469 3992 1538 4065 dux
1566 3991 1822 4064 Sandomirien-

153 4117 155 4121 ’
271 4114 339 4203 ιιι,
373 4112 464 4184 tilius
501 4111 712 4185 Boleslai
748 4111 1041 4201 Grziwousti,
1073 4113 1169 4184 ducis
1196 4119 1232 4184 et
1257 4115 1466 4185 monarchae
1492 4112 1675 4202 Polouiae,
1703 4113 1819 4183 dotem

269 4233 473 4306 monasterii
499 4237 674 4322 aucturus,
700 4233 744 4304 de
770 4233 927 4323 quolibet
949 4253 1031 4305 vase
1049 4233 1205 4325 allecum,
1222 4255 1244 4304 a
1262 4235 1513 4325 quinquaginta
1530 4234 1717 4322 balecibus,
1736 4232 1821 4304 dno·

273 4355 384 4426 decbr
411 4354 536 4426 alloces
561 4354 598 4425 iu
626 4354 751 4444 oppido
778 4354 1085 4444 Skarzeszow,
1113 4357 1360 4427 monasterium
1378 4355 1646 4453 Myccboviense
1663 4356 1739 4425 iure
1758 4373 1820 4425 suo

271 4475 386 4546 ducali
419 4474 600 4565 percipere
636 4475 813 4565 inscripsit
848 4481 884 4545 et
919 4475 1082 4563 donavit3
1116 4475 1179 4547 sed
1205 4478 1297 4547 etis
1325 4497 1460 4567 qnoque
1488 4497 1629 4566 cousus,
1655 4481 1822 4564 tauquam

224 4638 226 4645 ·
271 4616 449 4686 onerosus,
476 4595 586 4666 abolit
570 4599 628 4665 tus
654 4597 767 4685 periit
793 4595 952 4667 Donatus
978 4616 1041 4684 per
1068 4595 1191 4667 ducem
1208 4595 1480 4668 casimirum
1509 4596 1820 4734 Saudomirieusem

273 4715 494 4788 monasterio.
529 4715 711 4787 Alienatus
738 4722 792 4786 est
818 4737 840 4785 a
866 4717 1089 4788 monasterio.
1635 4784 1637 4788 ,
1873 4708 1880 4715 ’

376 4836 553 4924 Βιιιιιιι,
581 4837 664 4908 villa
690 4838 754 4907 sub
782 4837 999 4925 parochia..
1018 4839 1125 4926 .ιιιι,
1151 4840 1248 4908 caius
1275 4840 1473 4929 proprietas
1500 4837 1545 4910 ad
1563 4837 1820 4927 monasterinm,

271 4956 550 5047 Myechoviense.
576 4957 617 5029 lu
644 4978 714 5046 qua
739 4965 831 5029 snut·
847 4958 938 5035 lanei
965 4959 1198 5030 cnrethonales
1225 4967 1262 5029 et
1279 4960 1426 5050 quilibet
1443 4960 1549 5032 solvit
1567 5014 1574 5029 .
1594 5012 1602 5028 .
1620 5013 1627 5029 .
1646 4960 1730 5029 item
1747 4977 1822 5045 ova

271 5080 355 5150 item
381 5078 501 5167 gallos,
529 5079 610 5149 item
637 5098 767 5168 caseos,
794 5080 879 5151 item
904 5078 1013 5168 labor,
1031 5080 1115 5151 item
1126 5077 1319 5173 powodmn,
1338 5082 1420 5151 item
1437 5100 1583 5174 oeszyep,
1601 5081 1687 5151 item
1704 5079 1821 5149 taber-

271 5219 346 5289 nae,
373 5199 471 5271 item
483 5200 667 5289 hortulani,
693 5200 776 5271 item
803 5199 992 5289 praedium,
1008 5196 1093 5271 item
1111 5199 1353 5279 molendinum.
1379 5200 1468 5272 Item
1486 5221 1604 5273 omnes
1622 5200 1699 5289 egri
1718 5198 1820 5271 villae

271 5320 412 5392 solvunt
436 5326 473 5391 et
499 5319 694 5392 conducunt
720 5320 887 5395 decimam
914 5320 1164 5411 manipularem
1183 5327 1220 5392 et
1236 5321 1472 5412 canapalem..
1481 5321 1622 5462 Donat
1607 5328 1645 5393 ta
1662 5341 1725 5411 per
1742 5319 1820 5391 Ra·
1944 5353 1952 5361 ·

272 5440 483 5513 doslaum
509 5441 688 5530 comitem3
715 5441 867 5513 alienata
892 5462 916 5513 a
940 5442 1162 5515 monasterio.

378 5560 631 5652 stnooosoz,
656 5561 739 5633 villa
766 5563 829 5633 sub
857 5564 1075 5652 parochia..
1094 5563 1207 5653 .ιιιι,
1235 5565 1331 5635 cuins
1357 5564 1552 5654 proprietas
1579 5563 1624 5634 ad
1650 5569 1821 5635 monaste·
1899 5610 1902 5615 -

272 5684 362 5755 rium
389 5681 657 5774 Myecbovieuse
683 5683 843 5772 pertinet.
869 5684 910 5755 ln
938 5705 1006 5775 qua
1031 5689 1115 5756 suut
1140 5685 1230 5757 lanei
1258 5686 1499 5776 ometbonales,
1527 5692 1564 5756 et
1589 5686 1735 5776 quilibet
1752 5684 1821 5755 sol·

274 5804 351 5877 vit.
370 5859 378 5873 .
395 5858 422 5893 .,
440 5805 524 5874 item
550 5823 625 5893 ιιι,
652 5804 734 5875 item
761 5802 881 5894 gallos
908 5805 990 5876 item
1017 5825 1147 5896 cascos,
1175 5806 1258 5876 item
1285 5806 1392 5894 labor,
1419 5805 1503 5893 item
1522 5804 1714 5900 ponebam,
1738 5807 1822 5875 item

272 5946 421 6019 omapcp,
446 5925 532 5996 item
557 5924 712 6024 taberna,
739 5925 823 5996 item
850 5925 1037 6015 hortulani,
1064 5927 1148 5996 item
1171 5925 1358 6015 praedium.
1385 5926 1472 5998 Item
1492 5948 1610 5999 omues
1628 5927 1703 6015 agri
1722 5924 1824 5996 villae

272 6045 415 6119 solvunt
448 6052 486 6116 et
521 6044 716 6117 conducunt
742 6046 908 6117 decimam
936 6045 1185 6135 manipularem
1213 6054 1249 6117 et
1275 6048 1680 6137 cauapalem...Donata
1706 6067 1824 6117 mona·

275 6168 385 6239 sterio
412 6186 476 6256 per
502 6165 655 6237 Ziram
684 6166 827 6237 militem
855 6174 892 6237 et
918 6187 1061 6238 uxorem
1080 6168 1155 6237 eius
1174 6173 1210 6237 et
1228 6166 1333 6239 filium
1352 6156 1427 6239 eius
1445 6166 1524 6239 Ott
1533 6167 1713 6256 bouem3
1740 6156 1823 6239 alie·

276 6295 359 6358 nata
385 6309 408 6358 a
433 6287 656 6359 monasterio

379 6407 551 6498 Zaerous,
576 6407 661 6479 villa
686 6408 750 6480 sub
776 6407 944 6497 parocbia
969 6407 1049 6480 de..
1059 6407 1160 6495 .sita,
1186 6406 1285 6479 cuius
1299 6409 1496 6533 proprietas
1514 6409 1560 6481 ad
1575 6413 1824 6485 monasterium
