4217 8059
328 1485 349 1555 6

327 1693 410 1764 item
438 1712 575 1781 caseos,
603 1694 684 1763 item
712 1691 829 1780 labor,
857 1692 941 1762 item
960 1691 1161 1786 powabnm,
1197 1694 1281 1764 item
1308 1714 1464 1788 oaazyep,
1491 1694 1574 1764 item
1601 1695 1766 1783 taberna,
1794 1695 1877 1765 item

327 1812 512 1902 hortulani,
539 1813 621 1883 itam
649 1811 892 1900 molendinum,
919 1812 1002 1883 item
1029 1814 1220 1902 praedium.
1247 1813 1333 1884 Item
1360 1833 1480 1884 omues
1507 1815 1583 1904 agri
1610 1815 1713 1886 villae
1740 1814 1879 1886 solvunt

327 1941 364 2006 et
389 1934 587 2006 conducunt
622 1933 788 2004 decimam
824 1933 1074 2023 manipularem
1101 1939 1137 2005 et
1162 1934 1372 2025 canapalem.
1411 1934 1551 2006 Donata
1577 1937 1788 2008 monasterio
1815 1956 1879 2026 per

327 2055 609 2146 Stephanum
641 2055 819 2142 comitem,
859 2055 1010 2125 alienata
1036 2075 1058 2125 a
1083 2056 1304 2146 monasterio,
1331 2056 1401 2129 sita
1431 2056 1467 2126 in
1495 2055 1645 2129 dloecesi
1673 2054 1878 2145 Gneznensi,

327 2196 416 2266 quae
433 2175 500 2248 fuit
522 2181 637 2247 autern
663 2174 747 2246 villa
774 2176 865 2264 oliuu,
892 2175 954 2246 sed
981 2194 1073 2246 nunc
1100 2183 1154 2247 est
1180 2176 1353 2267 oppidum,
1380 2178 1416 2257 in
1438 2176 1570 2248 ditione
1589 2183 1625 2248 et
1642 2183 1764 2249 tenuta
1790 2178 1879 2248 mili-

290 2327 292 2331 >
326 2299 414 2387 tari,
441 2303 478 2368 et
505 2297 675 2368 asseritur
710 2295 802 2387 quod
838 2302 958 2391 teneat
984 2296 1070 2367 illud
1106 2296 1299 2369 Stanislaus
1332 2298 1374 2369 de
1410 2298 1559 2370 Lubin
1599 2299 1775 2388 palatinus
1810 2298 1878 2369 Po-

327 2419 441 2491 doliae
467 2418 511 2490 de
546 2420 648 2490 domo
674 2416 907 2507 Powalya,
942 2419 1041 2489 iuxta
1067 2417 1208 2490 tluvIum
1234 2418 1442 2490 Proszua
1469 2420 1582 2493 situm.

430 2540 652 2628 Jarrszuczs,
679 2538 762 2615 ¹uilla
788 2538 852 2610 sub
880 2539 1045 2628 parochia
1071 2538 1114 2611 de
1140 2539 1373 2629 Myechou
1400 2542 1477 2630 sita
1505 2541 1601 2612 cuius
1620 2541 1816 2631 proprietas
1835 2540 1877 2611 ad

325 2662 575 2734 monasterium
601 2659 870 2751 Myechoviense
897 2660 1059 2749 pertinet.
1103 2660 1143 2730 In
1171 2680 1239 2750 qua
1265 2667 1348 2732 sunt
1382 2660 1563 2733 duodecim
1597 2662 1690 2732 lanei
1726 2661 1879 2733 cmetho-

247 2803 249 2808 ·
326 2784 433 2873 uales,
461 2788 497 2853 et
523 2782 669 2872 quilibet
695 2780 800 2852 solvit
834 2801 898 2870 pro
925 2801 1030 2852 censu
1057 2803 1160 2851 unam
1188 2802 1358 2872 marcam3
1394 2784 1475 2854 item
1504 2804 1571 2855 ova
1596 2783 1762 2874 triginta,
1796 2784 1879 2853 item

327 2904 438 2993 gallos
466 2910 631 2993 quatuor,
666 2902 749 2973 item
786 2922 905 2973 caseos
945 2901 1051 2992 duos,
1087 2903 1170 2972 item
1206 2903 1344 2974 laborat
1381 2904 1527 2993 quilibet
1562 2904 1605 2975 de
1632 2905 1733 2975 laneo
1770 2924 1877 2975 unum

329 3024 418 3096 diem
446 3025 482 3096 in
509 3025 713 3114 septimana,
739 3024 881 3112 proprio
909 3042 1014 3094 curm
1032 3029 1094 3093 aut
1112 3028 1240 3112 aratm3
1267 3024 1349 3095 item
1371 3022 1554 3118 pmwadam
1580 3030 1764 3114 utramque
1782 3024 1879 3096 labo·

183 3241 185 3245 ⁷
328 3153 418 3236 rant,
445 3148 527 3218 Item
554 3167 691 3240 oaszycp
717 3145 875 3234 solvunt3
901 3146 985 3217 item
1012 3145 1160 3216 taberna
1185 3165 1256 3215 una
1282 3146 1413 3217 babens
1440 3166 1553 3236 agros,
1581 3152 1617 3216 et
1643 3146 1748 3217 soluit
1776 3166 1877 3216 urnam

329 3288 553 3358 sexagenum,
588 3268 671 3337 item
698 3266 917 3338 hortulaniae
953 3267 1041 3337 duae
1069 3273 1151 3337 sunt
1178 3267 1344 3338 habentes
1372 3286 1487 3356 agros.
1532 3267 1619 3337 Item
1647 3264 1879 3338 molendinum

329 3397 383 3461 est
410 3390 459 3461 ibi
477 3396 513 3459 et
530 3388 634 3460 solvit
659 3408 724 3477 pro
751 3408 856 3459 censu
883 3392 1032 3478 quatuor
1049 3407 1194 3459 marcas.
1220 3387 1308 3458 Item
1336 3389 1516 3477 praedium
1545 3393 1599 3458 est
1625 3389 1673 3459 ibi
1702 3389 1881 3478 optimum,

329 3511 373 3581 de
400 3511 497 3582 cuius
523 3510 617 3599 agris
644 3510 708 3578 soli
735 3508 864 3580 tollunt
891 3509 1067 3579 decimam.
1095 3508 1181 3579 Item
1210 3518 1328 3579 omnes
1356 3511 1432 3599 agri
1458 3510 1562 3580 villae
1588 3487 1728 3618 solvunt
1745 3517 1782 3580 et
1800 3530 1880 3580 con-

330 3633 461 3704 ducunt
495 3631 662 3702 decimam
697 3629 946 3719 manipularem
982 3635 1018 3700 et
1044 3630 1242 3720 canapalem
1279 3651 1344 3720 pro
1370 3631 1582 3702 monasterio
1610 3631 1881 3722 Myecboriensi,

331 3761 368 3825 et
386 3753 485 3824 valor
511 3753 586 3823 eius
612 3751 817 3822 aestimatur
830 3751 878 3821 ad
898 3750 1092 3840 quindecim
1111 3771 1256 3821 marcas.
1283 3749 1443 3822 Confluat
1469 3766 1544 3823 cum
1573 3752 1880 3839 Rz-eszuszno,

331 3863 521 3963 Grampa
547 3879 583 3943 et
607 3872 781 3945 Minori
808 3871 1048 3963 (layaplye.
1075 3873 1212 3943 Donata
1238 3874 1450 3944 monasterio
1477 3894 1541 3963 per
1568 3874 1747 3945 Nicolaum
1776 3875 1882 3944 comi-

330 4003 402 4067 tem
429 3994 629 4084 palatInum.

327 4118 330 4122 ’
433 4115 661 4204 Raaensczn,
687 4114 771 4185 villa
797 4115 861 4185 sub
887 4115 1053 4204 parocbia
1080 4115 1124 4185 de
1143 4170 1150 4184 .
1170 4172 1177 4184 .
1196 4171 1203 4185 .
1223 4170 1256 4184 ..
1284 4115 1361 4204 sita,
1389 4116 1485 4187 cuius
1513 4117 1709 4206 proprietas
1737 4116 1780 4185 ad
1809 4106 1885 4186 mol

332 4239 519 4310 nasoeuum
548 4237 817 4328 Myecbovieuse
843 4237 1003 4324 pertinet.
1031 4237 1070 4306 ln
1098 4256 1167 4324 qua
1194 4243 1275 4308 suut
1302 4236 1393 4307 lanei
1420 4238 1654 4308 cmethonales
1681 4243 1717 4306 et
1737 4237 1882 4326 quilibet

331 4360 436 4431 solvit
454 4413 568 4447 .....
596 4359 679 4428 item
707 4378 781 4446 ova,
800 4358 890 4428 ¹item
918 4357 1038 4446 gallos,
1067 4359 1147 4429 item
1175 4377 1304 4445 caseos
1331 4358 1413 4427 item
1441 4358 1554 4447 labor,
1581 4355 1879 4451 dampnandum,
1936 4416 1940 4423 .

332 4482 415 4551 item
434 4501 581 4575 oaazpap,
610 4479 690 4549 item
709 4479 876 4568 taberna,
904 4479 986 4550 item
1005 4478 1196 4567 hortulani,
1222 4479 1303 4549 item
1323 4479 1521 4569 praedium,
1541 4480 1621 4550 item
1641 4479 1883 4549 molendinum.

331 4602 420 4672 Item
447 4622 566 4673 omues
593 4601 669 4693 agri
700 4601 804 4672 villae
831 4600 971 4672 solvunt
1001 4607 1037 4670 et
1064 4601 1260 4671 conducunt
1287 4601 1454 4670 decimam
1482 4601 1732 4689 manipularem
1760 4606 1797 4669 et
1824 4620 1881 4669 ca-

332 4724 528 4813 napalem....
565 4722 704 4792 Donata
730 4722 948 4792 monasterio
966 4742 1028 4809 per
1055 4721 1235 4791 NIcolaum
1264 4721 1421 4789 comitem
1455 4720 1656 4809 palatInum3
1683 4721 1835 4790 alienata
1863 4741 1884 4790 a

332 4844 553 4915 monasterio.

436 4966 760 5051 Lnnrsnowrezu
785 4962 869 5033 villa
895 4962 1025 5032 habens
1051 4962 1087 5032 in
1106 4981 1144 5031 se
1170 4961 1403 5050 parochialem
1431 4960 1609 5031 ecelesiam
1636 4961 1795 5051 ligneam,
1823 4983 1881 5032 cu·
1968 4948 1974 4959 ’

331 5089 387 5159 ius
412 5087 608 5177 proprietas
635 5086 669 5155 ln
696 5082 907 5154 fundationis
942 5083 1132 5173 primordio
1167 5087 1307 5174 poterat
1333 5083 1376 5153 ad
1405 5084 1651 5155 monasterium
1679 5082 1881 5174 Myecbori-

332 5229 414 5279 ense
432 5207 618 5297 pertinere3
645 5205 706 5276 sed
725 5205 808 5276 villa
826 5203 983 5294 praelata
1001 5225 1022 5274 a
1038 5205 1251 5276 monasterio
1271 5204 1530 5295 Myeclroviensi
1550 5204 1678 5275 dudum
1703 5205 1878 5275 abstracta

331 5338 387 5403 est
414 5336 450 5400 et
477 5328 636 5416 alienata,
662 5328 716 5398 vel
743 5326 835 5398 lorte
861 5328 955 5397 insta
980 5327 1235 5416 permutatione
1261 5327 1421 5396 cambita.
1448 5325 1537 5396 Erat
1556 5332 1670 5397 samm
1689 5309 1788 5396 annis
1808 5326 1883 5416 plu-

330 5452 430 5522 rimis
456 5452 492 5520 in
519 5456 615 5520 sorte
641 5454 681 5519 et
705 5449 919 5538 proprietate
946 5448 1059 5537 regla,
1094 5448 1157 5518 sed
1194 5447 1475 5519 Vladislaus
1510 5446 1688 5518 Secundus
1716 5447 1882 5517 Poloniae

332 5584 394 5643 rex
429 5592 504 5642 eam
531 5570 684 5642 Jobanni
711 5570 754 5640 de
782 5569 1015 5641 Tbauczin
1051 5569 1105 5639 vel
1133 5568 1291 5657 donavit,
1328 5569 1381 5639 rel
1410 5569 1587 5658 obligavit
1632 5568 1671 5637 lu
1705 5588 1773 5657 qua
1801 5576 1883 5638 sunt

332 5693 478 5783 triginta
504 5692 595 5763 lanai
622 5690 857 5762 cmethonales
882 5697 918 5761 et
944 5689 1049 5759 solvit
1077 5690 1223 5779 quilibet
1241 5743 1436 5759 ........
1463 5689 1549 5760 Item
1569 5689 1693 5777 viginti
1716 5688 1884 5758 tabernae

333 5814 502 5886 babentes
529 5834 643 5902 agros,
668 5819 706 5882 et
732 5811 908 5901 quaelibet
934 5810 1038 5881 solvit
1057 5863 1170 5880 .....
1206 5810 1293 5880 Item
1322 5811 1365 5881 de
1392 5812 1486 5900 agris
1514 5809 1789 5880 cmethonallbus
1816 5810 1884 5879 sol-

335 5937 429 6008 vitur
455 5935 588 6006 decima
614 5933 840 6024 manipularis
867 5940 903 6003 et
929 5931 1105 6020 canapalis
1131 5931 1350 6020 praebendae
1368 5931 1599 6020 Gracoriensi,
1628 5951 1715 6021 quae
1733 5930 1884 6020 appella-

334 6066 394 6128 tur
411 6056 684 6143 Irantblrowska,
711 6062 747 6126 et
773 6054 872 6125 valor
898 6055 974 6124 eius
998 6053 1204 6124 aestimatur
1231 6054 1274 6123 ad
1302 6055 1503 6143 octuaginta
1537 6072 1681 6122 marcas.
1726 6052 1813 6122 Item
1841 6051 1884 6122 de

335 6179 441 6269 agris·
454 6162 678 6249 tabernarum
698 6175 846 6247 soluitur
863 6176 994 6246 decima
1013 6175 1237 6263 manipularis
1255 6176 1421 6245 ecclesiae
1449 6175 1484 6244 in
1512 6174 1884 6244 Lanthkowicze.

335 6298 474 6371 Donata
507 6298 719 6368 monasterio
754 6317 817 6386 per
851 6316 993 6367 uxorem
1034 6294 1362 6386 Gnyeuomiri·
1384 6301 1420 6364 et
1455 6295 1562 6365 fillum
1593 6296 1677 6366 eius.
1721 6295 1885 6364 Alienata
