4217 8059
272 1499 346 1571 412

267 1701 513 1774 monasterium
540 1698 817 1770 Wanchoczense
844 1696 937 1768 tollit
963 1697 1139 1769 decimam.
1178 1697 1265 1768 ltem
1282 1694 1516 1803 molendinum
1524 1674 1612 1767 {mn
1630 1703 1694 1767 est.
1730 1696 1822 1768 Item

268 1840 385 1893 omnes
412 1823 487 1910 agri
515 1820 618 1890 villae
641 1818 780 1890 solvunt
797 1818 964 1889 decimam
982 1818 1253 1908 manipularem,
1281 1810 1321 1888 et'
1334 1812 1618 1907 ¹canapalem'ptr
1631 1836 1693 1891 aex
1710 1813 1823 1905 baua,

267 1948 304 2013 et
330 1941 525 2011 conducunt
559 1958 635 2010 eam
671 1959 735 2029 pro
763 1939 974 2009 monasterio
1000 1936 1292 2027 Wancboczensi,
1327 1946 1363 2008 et
1389 1936 1488 2009 valor
1512 1936 1588 2008 dus
1613 1937 1822 2039 aestimatur

338 2061 488 2151 quinque
517 2078 659 2130 marcas.
686 2056 847 2156 Continet
874 2078 951 2129 cnm
977 2055 1263 2148 Wyrzbicza
1640 2056 1648 2069 '

370 2179 594 2268 stczrmW,
621 2178 705 2251 villa
730 2180 796 2249 sub
823 2179 989 2269 parochia
1015 2178 1059 2250 de
1085 2176 1358 2268 Wyrzbicza
1384 2178 1470 2267 sita,
1497 2178 1594 2248 cuius
1622 2178 1822 2268 pmprietas

267 2300 312 2372 ad
340 2300 587 2371 monasterium
615 2299 895 2371 Wancboczense
922 2299 1084 2390 pertinet.
1122 2297 1162 2369 ln
1186 2319 1255 2388 qna
1281 2303 1363 2369 sant
1388 2297 1583 2389 quindecim
1610 2297 1701 2368 lanei
1728 2318 1848 2369 cmc--

266 2420 437 2511 thonales,
463 2428 499 2493 et
517 2420 663 2511 quilibet
689 2419 794 2492 solvit
821 2441 1006 2510 perunum
1032 2418 1211 2509 fertonem,
1239 2419 1323 2490 item
1348 2420 1493 2509 triginta
1519 2438 1595 2509 ova,
1622 2419 1713 2519 item·
1731 2418 1822 2511 duos

266 2562 401 2631 cassae,
427 2541 512 2612 item
539 2547 686 2632 quatuor
712 2539 840 2631 gallos,
865 2542 948 2612 item
975 2540 1114 2612 laborat
1139 2539 1287 2631 quilibet
1314 2560 1417 2611 unam
1444 2539 1535 2611 diem
1562 2540 1597 2610 in
1616 2518 1822 2635 septiss'tfaua,

266 2663 408 2752 proprio
442 2681 547 2732 curru
582 2667 644 2731 aut
670 2667 799 2733 aratro.
839 2661 925 2733 ltem
960 2658 1142 2755 maedam
1176 2660 1349 2751 duplicem
1376 2659 1556 2750 laborant,
1583 2681 1649 2750 pro
1675 2680 1756 2731 vere
1782 2669 1822 2732 et

266 2802 330 2872 pro
357 2782 489 2872 hyeme.
537 2780 625 2852 Item
652 2803 790 2876 oaszyep
821 2781 926 2853 solvit
952 2782 1117 2872 quilibet,
1153 2781 1196 2852 de
1222 2780 1323 2853 laneo
1358 2786 1437 2852 octo
1464 2781 1589 2852 choros
1625 2800 1755 2853 avenae
1780 2787 1820 2853 et

267 2908 418 2993 quatuor
444 2901 610 2992 siliginis,
637 2903 719 2974 item
747 2903 910 2992 taberna,
946 2904 1030 2973 item
1065 2902 1252 2973 hortulani.
1292 2902 1379 2973 ltem
1415 2902 1592 2991 praedium
1619 2902 1668 2973 ibi
1695 2920 1822 2973 coeno-

266 3022 357 3095 biale
384 3044 453 3095 non
471 3031 526 3094 est
543 3023 693 3114 aliquod.
733 3022 820 3094 Item
840 3043 958 3095 omncs
986 3023 1062 3113 agri
1090 3023 1192 3095 villae
1218 3022 1359 3094 solvunt
1385 3027 1422 3093 et
1439 3021 1634 3094 conducunt
1651 3022 1820 3093 decimam
1949 3102 1956 3111 ¹

266 3144 528 3234 manipularem,
556 3148 594 3216 et
620 3143 819 3234 canapalem
846 3164 909 3235 per
935 3152 1086 3235 quatuor
1112 3145 1266 3234 iemgas,
1302 3165 1367 3234 pro
1393 3143 1541 3215 ecclesia
1566 3142 1757 3234 parochiali
1783 3143 1822 3214 in
1942 3150 1948 3155 '

266 3260 559 3356 Wyrzbicza,
585 3271 622 3336 et
641 3264 738 3337 valor
764 3266 839 3336 eius
866 3266 1070 3337 aestimatur
1096 3265 1141 3336 ad
1168 3265 1362 3355 quindecim
1389 3284 1534 3336 marcas.
1575 3265 1661 3336 ltem
1689 3264 1825 3345 molen*

266 3384 384 3459 diuum
421 3372 489 3458 non
524 3394 579 3458 est
605 3388 640 3459 in
667 3386 787 3458 eadem
823 3385 915 3457 villa.
955 3385 1043 3457 Item
1071 3386 1231 3457 scoltetia
1265 3392 1322 3456 est
1347 3386 1396 3456 ibi
1423 3386 1522 3456 unita
1558 3406 1636 3457 cnm
1660 3326 1878 3475 scolteffi'·

266 3505 369 3578 villae
396 3507 669 3579 Wirzbicza.
709 3506 870 3578 Continet
888 3527 965 3578 cnm
983 3506 1522 3598 Lyepyenniczautraque,
1541 3482 1838 3635 Dambroffim'
1863 3498 1871 3509 '

267 3626 412 3715 Rada,
439 3636 475 3698 et
501 3628 776 3700 Wirzbicza

370 3746 605 3838 Wssznrow,
641 3748 806 3838 oppidum
833 3748 966 3819 habens
992 3748 1028 3818 in
1055 3767 1095 3817 se
1121 3747 1299 3818 ecclesiam
1327 3747 1559 3836 parochialem
1587 3747 1755 3836 ligneam,
1782 3754 1823 3818 et

268 3866 371 3936 huius
398 3866 516 3955 oppidi
543 3864 749 3957 proprietas,
776 3874 813 3939 et
838 3868 1005 3939 ecclesiae
1032 3866 1241 3957 parochialis
1267 3869 1540 3957 iuspatronatus,
1567 3867 1720 3956 pertinet
1746 3866 1824 3957 ple-

269 4004 322 4057 no·
341 3987 416 4056 inre
444 3984 488 4057 ad
516 3988 762 4058 monasterium
791 3987 1080 4059 Wanchoczonse.
1096 3986 1148 4058 'In
1175 4008 1243 4076 qno
1270 3993 1351 4058 sunt
1376 3988 1468 4058 lanei
1496 3986 1759 4083 oppidanorum,
1787 3997 1827 4059 et

269 4105 415 4197 quilibet
433 4107 546 4178 solvit
564 4120 573 4176 .’
591 4163 598 4177 .
616 4162 624 4177 .
644 4164 651 4178 .
671 4163 678 4178 .
705 4107 791 4179 ltem
820 4118 939 4180 omnes
967 4110 1043 4200 agri
1070 4107 1188 4197 oppidi
1216 4106 1357 4179 solvunt
1373 4114 1411 4179 et
1428 4104 1634 4179 conducunt
1651 4106 1824 4179 decimam
1886 4194 1895 4204 ¹

148 4310 150 4315 ¹
267 4226 515 4317 manipularem
542 4235 581 4299 et
607 4228 817 4319 canapalem,
843 4248 909 4320 pro
936 4229 1147 4302 monasterio
1161 4227 1442 4317 Wanchoczensi,
1470 4234 1507 4298 et
1532 4227 1631 4299 valor
1658 4229 1733 4300 eius
1761 4248 1823 4299 ae·

84 4372 102 4409 .·
163 4442 165 4447 ,
267 4349 431 4420 stimatnr
457 4349 501 4419 ad
529 4349 646 4420 decem
673 4370 817 4422 marcas.
862 4349 1035 4443 Oppidum
1063 4350 1145 4421 olim
1172 4348 1375 4421 monasterii
1401 4349 1445 4421 de
1471 4347 1825 4441 Ozirwyensho,

189 4478 191 4483 '
267 4468 400 4540 ordinis
427 4470 667 4542 canonicorum
695 4471 908 4562 regularium
926 4471 1124 4543 Ploczensis
1142 4470 1320 4560 dioecesis,
1347 4470 1409 4542 sed
1427 4440 1494 4561 per'
1508 4471 1824 4560 commutationem,

267 4590 365 4662 uenit
389 4591 426 4660 in
454 4595 583 4661 sortem
611 4593 814 4663 monasterii
834 4590 1146 4682 Wanchoczensis3
1172 4592 1265 4664 datis
1291 4593 1383 4663 enim
1402 4647 1517 4662 .....
1558 4591 1717 4663 &uiuat
1744 4600 1824 4663 cum

79 4774 85 4804 ,
219 4702 489 4802 ³·‘dsP-odolye,
517 4709 958 4804 Zayanczkowicze,
985 4711 1263 4785 Wilkocziu.

78 4809 82 4880 Ῑ
151 4812 155 4823 ’
372 4831 551 4920 Ronown,
578 4832 660 4904 villa
686 4834 751 4904 sub
778 4835 945 4925 parochia
970 4834 1015 4906 d'e
1042 4833 1318 4926 Wyrzbicza
1344 4835 1422 4924 sita,
1449 4836 1546 4906 cuius
1564 4833 1824 4925 proprietasbd

155 4942 159 4949 ’
197 4986 250 5041 „-··
268 4954 514 5025 monasterinm
542 4954 585 5024 de
612 4953 962 5028 Wanchoczsko
990 4957 1153 5046 pertinet.
1185 4956 1225 5028 ln
1252 4977 1321 5045 qua
1347 4961 1428 5027 snut
1454 4955 1523 5027 dno
1549 4939 1641 5040 lanei
1668 4954 1824 5026 cmetho-

199 5060 204 5065 ’
267 5071 372 5161 nates,
400 5078 436 5143 et
462 5073 607 5163 quilibet
633 5075 738 5148 solvit
764 5096 829 5166 pro
855 5094 960 5148 censu
988 5097 1050 5166 per
1077 5097 1183 5147 nnnm
1209 5076 1394 5164 fertonem,
1410 5076 1505 5165 ‚item
1534 5077 1720 5165 maltam
1740 5074 1824 5165 gal-

267 5190 330 5279 los,
358 5193 439 5262 item
459 5212 588 5283 caseos3
614 5195 697 5266 item
715 5196 825 5286 labor,
852 5197 935 5267 item
954 5194 1114 5291 powabo,
1142 5198 1224 5270 item
1252 5220 1398 5296 osszyep,
1425 5198 1508 5268 item
1534 5198 1710 5285 tabernae,
1736 5197 1821 5266 item
1878 5198 1881 5203 '

269 5310 508 5402 hortulaniae;
547 5315 630 5387 item
657 5315 837 5406 praedium
864 5317 1066 5390 coenobiale
1101 5319 1219 5391 estin
1244 5320 1366 5392 eadem
1393 5318 1493 5408 villa,
1530 5316 1573 5389 de
1599 5319 1698 5389 caius
1725 5318 1821 5407 agris

269 5486 408 5525 ......
436 5436 519 5508 item
547 5436 780 5508 molendinum
799 5492 806 5506 .
825 5492 833 5506 .
852 5493 860 5506 .
879 5493 886 5507 .
906 5493 940 5507 ..
967 5438 1055 5510 ltem
1083 5460 1202 5511 omnes
1228 5442 1302 5530 agri
1331 5440 1433 5511 villae
1460 5441 1600 5513 solvunt
1626 5447 1663 5511 et
1683 5438 1823 5517 ,condu-

268 5562 351 5625 cunt
378 5554 543 5629 decimam
571 5558 838 5648 manipularem,
865 5565 902 5630 et
928 5561 1128 5651 canapalem
1156 5582 1219 5651 per
1245 5582 1305 5632 sex
1333 5563 1490 5651 iemgas,
1517 5554 1582 5652 p'ro
1609 5560 1821 5633 monasterio

268 5672 550 5766 Wanchoczensi‚
578 5686 613 5748 et
640 5678 738 5751 valor
763 5681 839 5750 eius
866 5683 1071 5753 aestimatur
1098 5682 1169 5753 ad».
1190 5736 1196 5750 .
1216 5738 1249 5751 ..
1275 5702 1419 5754 marcas.
1447 5678 1608 5753 Gontinat
1633 5702 1711 5753 cnm
1785 5736 1820 5753 ..

372 5794 568 5887 Ysuonnn,
595 5798 679 5870 villa
705 5801 769 5871 sub
796 5802 963 5890 parochia
988 5802 1032 5874 de
1060 5802 1215 5893 Myrcz
1242 5804 1320 5892 sita,
1347 5804 1444 5875 cuius
1471 5805 1665 5894 proprietas
1684 5802 1727 5875 ad
1746 5822 1821 5874 mo·

267 5919 456 5987 nasterium
486 5917 530 5989 de
557 5918 905 6005 Wancboezsko
932 5924 1094 6012 pertinet.
1122 5923 1161 5994 ln
1181 5944 1251 6014 qua
1269 5930 1350 5995 sunt
1376 5925 1467 5994 lanei
1486 5944 1547 5994 sex
1574 5923 1822 6013 cmethonales,

249 6042 304 6108 'et
331 6037 477 6128 quilibet
503 6038 607 6109 solvit
633 6059 696 6130 per
722 6061 838 6113 unum·
854 6041 1044 6134 fertonem,
1080 6044 1163 6116 item
1191 6064 1257 6116 ova
1283 6044 1446 6134 triginta,
1485 6045 1570 6116 item
1596 6036 1706 6136 gallos
1735 6064 1821 6137 qna-

267 6163 357 6246 tnor,
384 6159 466 6230 item
495 6179 614 6230 caseos
641 6161 737 6233 duos.
780 6163 869 6234 ltem
896 6163 1034 6236 laborat
1061 6165 1208 6254 quilibet
1243 6183 1347 6234 unum
1375 6163 1466 6235 diem
1493 6167 1528 6237 in
1557 6168 1748 6258 septimana
1775 6164 1821 6238 de

267 6276 378 6368 laneo,
405 6281 548 6370 propm'o
575 6265 679 6353 curru
706 6291 766 6356 aut
792 6269 920 6356 aratro.
947 6285 1035 6359 Item
1055 6284 1242 6380 peccabam
1268 6284 1444 6375 duplicem
1459 6286 1630 6377 laborant,
1656 6302 1719 6378 pro
1736 6306 1822 6359 vere

269 6398 401 6471 scilicet
426 6405 463 6472 et
488 6402 621 6493 hyeme.
660 6403 749 6475 Item
775 6404 881 6477 solvit
907 6405 1053 6496 quilibet
1080 6427 1233 6502 ocszyep,
1260 6406 1303 6477 de
1329 6406 1430 6478 laneo
1457 6412 1535 6478 octo
1562 6426 1663 6479 coros
1689 6428 1822 6481 avenae

323 6744 403 6877 m.
