4217 8059
1694 1528 1823 1655 '¹165

266 1746 478 1853 obpractum
498 1752 570 1837 est3
588 1748 663 1833 ,boc
681 1769 753 1821 uno
769 1744 954 1820 molestato
984 1753 1022 1819 et
1035 1766 1219 1836 concussa,
1248 1743 1338 1835 quod
1367 1765 1443 1815 cum
1471 1741 1730 1817 Oasimirua
1754 1741 1825 1817 So-

266 1872 442 1957 cuu‘dus
469 1869 634 1941 Poloniae
661 1889 723 1940 rer
750 1867 914 1959 oppidum
942 1866 1195 1958 Orzepicne
1222 1865 1425 1937 adduvium
1452 1863 1761 1953 lsthvartha‚
1787 1862 1825 1935 iu

266 1991 343 2075 laco
361 1998 398 2063 et
416 1990 491 2063 vico
509 1991 574 2063 sub
591 1988 759 2080 parochia
776 1987 1002 2061 Globuczensi
1026 1988 1239 2091 consistente
1257 1987 1434 2076 conderet,
1462 1993 1499 2057 et
1517 2006 1644 2057 novum
1662 1983 1825 2078 oppidum

267 2088 417 2193 eeclesia
442 2109 634 2203 parochiali
652 2088 796 2202 propria
822 2095 1015 2201 indigeret,
1043 2129 1108 2182 nec
1125 2106 1308 2199 episeopus
1334 2106 1575 2179 cracoviensis
1600 2100 1722 2198 aroge
1750 2107 1824 2180 Oo-

269 2233 433 2307 simiro
459 2236 603 2322 rogatus
631 2210 846 2303 dotationem
873 2250 984 2302 novae
1010 2229 1197 2319 eeclesiae,
1224 2229 1288 2301 sub
1307 2229 1406 2300 cuius
1433 2227 1583 2300 dioecesi
1611 2229 1825 2301 consistebat

270 2352 384 2443 locvm,
421 2352 620 2442 impendere
657 2338 703 2424 de
737 2351 809 2423 suis
836 2350 978 2422 decimis
1014 2349 1137 2440 vellet,
1172 2338 1356 2433 Jaroslam
1381 2348 1587 2439 Bogoria
1612 2346 1825 2420 Gnezuensis

268 2473 548 2565 archiepiscopus
574 2471 738 2564 petitioni
763 2450 892 2562 regiae
907 2471 1080 2561 aquievit,
1107 2476 1143 2542 et
1170 2471 1233 2543 sub
1261 2489 1304 2541 ca
1330 2470 1527 2541 conditione
1562 2470 1649 2544 duas
1676 2470 1825 2541 decimas

272 2592 505 2687 manipulares
522 2613 663 2666 mensae
681 2613 765 2665 suae
782 2591 1106 2682 archiepiscopalis,
1133 2591 1296 2669 videlicet
1314 2592 1349 2662 in
1368 2596 1515 2682 utraque
1533 2591 1827 2683 Zayanczko-

270 2716 414 2815 spicue,
430 2715 596 2788 ecclesiae
610 2735 721 2787 novae
740 2715 776 2786 in
790 2712 1039 2809 Orzepieza
1058 2713 1094 2784 in
1109 2702 1226 2791 do‘tem
1239 2720 1409 2803 perpetuo
1423 2712 1566 2785 donavit
1584 2719 1620 2784 et
1637 2712 1824 2803 inscripsit,

272 2841 312 2909 ut
324 2837 422 2909 locus
435 2837 510 2927 ipse
521 2834 717 2908 addurium
732 2834 983 2907 Istbvvartha
996 2834 1123 2924 situas,
1142 2833 1200 2924 qui
1214 2831 1481 2921 Cracoviensem‘
1491 2831 1718 2906 aGueznensi
1731 2833 1826 2905 dioe-

270 2958 375 3031 cesim
390 2957 625 3046 disterminat,
640 2957 790 3028 dioecesi
806 2975 889 3028 suae
903 2953 1101 3027 Gnszneusi
1114 2960 1255 3044 extunc,
1269 2953 1420 3027 confusis
1434 2954 1822 3045 limitibnsdioecesnn,

268 3078 510 3171 applicaretur.
546 3077 587 3149 In
605 3079 697 3161 huuc
715 3076 853 3148 modum
873 3095 1009 3167 quoque
1028 3075 1192 3166 oppidum
1211 3074 1463 3165 Grzepicze
1490 3095 1511 3146 a
1529 3074 1678 3146 dioecesi
1698 3074 1824 3147 Croco-

269 3200 379 3273 viensi
401 3176 629 3289 abstractum,
657 3199 976 3288 archiepiscopatus
994 3195 1209 3269 Guezuensis
1224 3196 1353 3269 iniuste
1372 3197 1555 3287 occupavit
1573 3201 1609 3267 et
1623 3205 1767 3287 occupat
1787 3197 1824 3268 in

271 3320 361 3394 bunc
375 3319 476 3391 diem
498 3320 659 3391 Decimus
677 3326 810 3408 autem,
829 3339 951 3405 census
970 3324 1007 3389 et
1019 3318 1183 3389 introitus
1202 3322 1237 3388 et
1250 3322 1444 3411 proventus
1455 3316 1603 3410 praefati
1620 3318 1824 3389 monasterii

269 3429 305 3511 in
331 3438 646 3531 Globuczsko,
666 3439 712 3511 ad
738 3439 824 3510 iliud
851 3439 926 3511 iure
959 3439 1090 3529 optimo
1126 3437 1255 3510 veteri-
1277 3444 1314 3510 et
1340 3439 1558 3530 praescripto
1577 3439 1820 3546 ,pertinentes

269 3561 410 3651 speciali
436 3562 472 3631 in
498 3565 657 3652 regestro
684 3559 935 3631 conscribenda
962 3559 1140 3649 duximus,
1176 3579 1220 3630 ne
1247 3564 1372 3650 expost
1402 3559 1520 3652 aliqua
1545 3558 1600 3630 his
1627 3557 1824 3630 differentia

270 3688 332 3755 aut
356 3681 513 3772 quaestio
548 3702 654 3772 super
688 3680 775 3771 illis,
799 3701 833 3752 a
864 3701 1035 3772 quoquam
1071 3679 1255 3752 ambitioso
1292 3686 1500 3769 occupatore
1537 3679 1649 3770 possit
1685 3680 1824 3770 exoriri,

246 3793 418 3894 xqnorum
445 3800 597 3875 conditio
623 3810 661 3873 et
687 3801 875 3892 appellatio
901 3800 983 3874 talis
1010 3807 1074 3873 est
1144 3795 1159 3865 2
1277 3798 1280 3803 ’

272 3960 275 3965 >
375 3921 635 4014 Gnosnczsuo,
662 3922 826 4014 oppidum
852 3921 984 4001 babens
1019 3922 1062 3995 iu
1083 3942 1122 3995 se
1148 3921 1409 3995 conventualem
1436 3921 1615 3994 ecclesiam
1644 3928 1824 4014 muratam,

273 4043 599 4134 cmmopropriecas
626 4050 666 4124 ut
693 4043 934 4134 praemisimus
961 4043 1016 4115 ad·
1033 4043 1290 4143 serenissimum
1329 4042 1493 4115 Poloniae
1521 4064 1639 4134 regem
1666 4045 1827 4135 pertinet,
1907 4138 1914 4147 ἱ

275 4162 374 4237 iuxta
400 4171 518 4237 autem
550 4164 730 4236 ecclesiam
752 4163 983 4256 praefatam,
1005 4184 1128 4236 versus
1154 4170 1290 4257 portem
1332 4152 1538 4240 orientalem
1574 4158 1611 4237 et
1637 4160 1827 4258 australem

271 4291 325 4358 est
352 4287 450 4359 curia
476 4287 706 4376 coenobialis,
743 4287 875 4377 optima
901 4286 1033 4358 habeus
1060 4279 1236 4374 aedilicia,
1265 4286 1326 4358 sed
1354 4285 1477 4376 lignea
1505 4307 1582 4357 cnm
1609 4285 1754 4358 officinis
1781 4288 1825 4358 ad

270 4392 516 4480 monasterium
544 4407 803 4499 correqoisitis3
829 4407 935 4478 habet
960 4413 997 4479 et
1022 4405 1217 4498 pommium
1237 4407 1412 4499 ¹optimum
1440 4407 1636 4498 strobile,
1664 4414 1825 4498 spectans
1874 4465 1877 4468 .

271 4527 579 4603 ronomsterion
608 4529 771 4618 vicinum,
799 4528 1010 4601 monasterio
1037 4528 1247 4629 contiguum.
1286 4527 1327 4598 In
1347 4548 1414 4630 quo
1433 4527 1571 4617 quidem
1591 4529 1717 4618 oppido
1744 4535 1826 4600 sunt

270 4648 360 4737 lanei
389 4647 655 4740 oppidanorum,
682 4649 869 4745 dequibus
896 4669 964 4722 non
992 4649 1140 4721 solvitdr
1165 4648 1300 4720 decima
1326 4648 1566 4739 manipularis,
1593 4649 1655 4720 sad
1673 4647 1834 4723 frumen·-

225 4766 233 4774 ’
270 4770 371 4858 talis3
398 4769 544 4863 quilibet
570 4772 661 4841 enim
680 4771 880 4860 'oppidanus
907 4769 951 4842 dc
976 4769 1077 4865 laneo
1103 4777 1244 4842 tenetur
1271 4767 1438 4842 eeclesiae
1463 4768 1697 4862 Globuczensi,
1726 4771 1826 4843 anuis

195 4929 199 4937 ·
272 4890 418 4983 singulis
445 4913 508 4982 pro
536 4890 670 4964 decima
696 4891 831 4964 solvere
867 4891 909 4963 de
936 4912 1046 4983 grano
1073 4913 1161 4985 puro
1188 4899 1224 4963 et
1250 4892 1413 4983 maudo„
1428 4896 1465 4962 et
1489 4891 1634 4982 proprio
1660 4912 1764 4963 curru
1790 4892 1825 4964 in

270 5013 520 5085 monasterium
546 5013 720 5113 inducere,
747 5019 820 5084 tres
846 5034 1028 5087 mensuras
1055 5034 1165 5104 purae
1191 5013 1349 5104 siliginis,
1376 5017 1414 5084 et
1439 5018 1512 5085 tres
1539 5000 1725 5109 mensuras
1747 5036 1826 5086 ave-

272 5146 362 5224 nae,
389 5153 571 5206 mensurae
598 5134 752 5226 aequalis
779 5133 1031 5207 Globuczeusis.
1070 5134 1157 5206 Item
1185 5135 1221 5206 in
1247 5134 1368 5206 eodem
1396 5134 1523 5225 oppido
1550 5142 1605 5206 est
1632 5135 1824 5227 advocatia,

196 5273 198 5276 ⁴
272 5253 403 5325 babens
421 5254 508 5331 duos
521 5255 658 5346 laneos,
686 5254 868 5347 dequibus
889 5246 1048 5328 similiter
1066 5275 1130 5346 pro
1149 5254 1283 5327 decima
1299 5255 1447 5328 solvitur
1466 5253 1569 5346 siligo
1585 5263 1622 5327 et
1634 5278 1744 5329 avena
1762 5240 1825 5349 pro

271 5377 480 5448 monasterio
495 5374 728 5467 Globuczeusi,
742 5377 777 5448 in
792 5376 911 5449 eadem
926 5368 1122 5467 quantitate
1135 5384 1172 5448 et
1184 5397 1359 5467 mensura,
1378 5376 1664 5468 quemadmodum
1678 5386 1714 5449 et
1728 5371 1826 5468 oppi-

272 5492 459 5587 danorum
477 5484 645 5569 decimam
663 5503 780 5570 antem
810 5494 1011 5603 canapalern
1035 5510 1149 5593 neque
1167 5497 1260 5597 lanei
1278 5497 1529 5589 oppidanorum
1548 5498 1695 5588 solvont,
1713 5514 1831 5589 neque

271 5616 441 5707 advocati.
466 5619 554 5691 Item
582 5619 618 5690 in
642 5618 763 5691 codem
791 5620 918 5710 oppido
947 5621 1052 5692 habet
1078 5621 1326 5693 monasterium
1349 5618 1582 5691 Globuczense
1600 5620 1687 5691 duos
1706 5620 1825 5693 laneos

264 5737 400 5810 liberos
414 5739 622 5831 praediales,
631 5745 676 5815 ,et
690 5741 822 5812 curiam
837 5761 912 5817 cum
927 5740 1069 5830 allodio,
1086 5748 1186 5814 erma
1200 5741 1500 5834 'civitatemprope
1512 5740 1693 5813 ecclesiam
1708 5741 1824 5813 Sancti

273 5849 549 5949 Bartholomaci3
567 5881 653 5952 quos
672 5861 810 5952 quidem
828 5861 961 5955 laneos,
984 5862 1127 5952 proprio
1146 5862 1229 5937 colit
1245 5868 1382 5953 aratro,
1401 5867 1437 5934 et
1456 5863 1498 5933 de
1518 5863 1643 5954 quibus
1662 5863 1748 5933 nulli
1767 5862 1828 5934 dat
1895 5958 1898 5965 ἱ

272 5978 449 6072 decimam,
468 5964 615 6053 sedeam
630 5982 849 6073 prosetollit,
868 5983 1077 6054 inhorreurn
1091 5984 1348 6073 suumiuducit3
1366 5983 1576 6076 quiquidem
1590 5984 1695 6071 lanei,
1709 5984 1827 6055 intres

274 6120 413 6194 campos
438 6109 522 6174 sunt
549 6103 715 6175 distincti.
754 6103 843 6183 Item
869 6103 975 6176 habet
1002 6108 1151 6192 quatuor
1174 6105 1296 6177 hortos
1324 6105 1492 6194 speciales
1518 6105 1562 6174 ad
1581 6106 1826 6175 monasterium

272 6223 494 6314 pertinentes,
520 6224 651 6296 liberos
678 6225 721 6295 ab
740 6223 834 6296 omni
860 6204 1043 6315 solutione,
1070 6246 1216 6316 quorum
1243 6246 1332 6297 uuus
1360 6226 1450 6296 iacet
1476 6233 1598 6296 contra
1624 6224 1763 6296 domum
1791 6234 1827 6297 et

275 6357 390 6416 aream
419 6346 640 6434 advocatiae,
668 6346 838 6418 secundus
866 6368 949 6418 vero
977 6347 1069 6418 iacet
1094 6345 1192 6419 iuxta
1214 6345 1516 6419 torrentem-infra
1542 6346 1644 6417 situm
1663 6346 1827 6437 oppidum

211 6532 215 6539 .
272 6466 401 6549 tertius
428 6474 543 6539 autem
559 6469 662 6552 ,iacet
678 6548 682 6556 ¹
699 6486 820 6547 versus
846 6466 875 6540 P
882 6474 1075 6558 perotus
1101 6469 1229 6539 ethos
1255 6473 1406 6558 qumuor
1431 6468 1554 6541 hortos
1578 6446 1826 6540 monasterium

238 6650 240 6657 ·
364 6633 589 6676 mmm.
1623 6618 1659 6667 21
