4217 8059
1530 1166 1576 1248 .·'.,
1600 1105 1698 1237 m*

1469 1292 1516 1441 *5³
1528 1252 1653 1405 ¹³1⁸l

1242 1324 1289 1393 ἶςιι
1324 1378 1328 1385 ¹
1512 1358 1530 1401 ν,

1179 1400 1204 1423 ·.
1236 1440 1282 1469 ,μή
1345 1430 1358 1449 ⁸
1449 1438 1456 1461 a
1492 1398 1552 1471 .ιέ

1742 1516 1817 1588 dil

268 1730 407 1819 ier-ngas
435 1728 611 1817 canapalis
638 1728 847 1799 monasterio
875 1726 994 1799 Sancti
1021 1725 1192 1815 Andreae,
1217 1730 1255 1799 ct
1280 1724 1421 1797 ducitur
1445 1725 1481 1795 in
1509 1744 1628 1795 eorum
1645 1725 1819 1812 homeum,

266 1856 303 1920 et
330 1850 429 1921 valor
455 1851 529 1920 eius
556 1850 760 1920 aestimatur
785 1849 829 1920 ad
848 1902 855 1919 .
875 1902 882 1918 .
902 1904 909 1918 .
927 1868 1071 1921 marcas.
1104 1846 1193 1919 item
1218 1848 1384 1935 taberna,
1410 1846 1494 1917 item
1521 1844 1709 1934 lrcrtmani,
1734 1845 1818 1915 item
1921 1846 1925 1851 '

268 1969 457 2061 praedium,
485 1972 566 2041 item
595 1969 837 2041 molendinum.
857 1969 1039 2041 'Alienata
1066 1976 1119 2040 eat
1144 1969 1231 2041 hacc
1257 1968 1391 2039 deciam
1415 1988 1438 2039 a
1464 1954 1675 2038 monasterio
1701 1965 1819 2037 Sancti

269 2091 440 2163 Andreae.

373 2212 586 2302 Psznnnrn,
613 2213 695 2284 uilla
722 2212 786 2284 sub
813 2213 979 2302 parochia
1015 2210 1059 2283 de
1084 2210 1325 2285 Maticzow
1352 2210 1446 2299 sita,
1465 2209 1564 2281 cuins
1589 2208 1716 2281 naeres
1741 2206 1819 2278 Sta·

268 2334 399 2405 nislaus
427 2333 626 2424 Plyasza
652 2333 823 2405 dedomo
850 2332 1228 2424 Bi·ppennium.1n
1256 2352 1326 2422 qna
1353 2338 1434 2403 sunt
1461 2337 1540 2402 octo
1558 2330 1648 2403 lanei
1667 2330 1820 2400 cmetho-

268 2454 373 2544 nales,
400 2455 483 2525 item
511 2476 581 2526 nna
605 2455 753 2526 taberna
780 2455 910 2526 habens
947 2474 1069 2544 agros
1095 2451 1139 2523 de
1165 2453 1291 2543 quibus
1317 2451 1477 2523 omnibus
1503 2450 1650 2521 solvitur
1677 2455 1714 2519 ct
1738 2469 1820 2520 con·

268 2575 406 2647 ducitur
433 2575 566 2647 decima
593 2576 817 2675 manipularis
845 2581 880 2647 et
907 2573 1084 2665 canapalis
1109 2595 1174 2665 pro
1201 2573 1412 2645 monasterio
1440 2571 1559 2643 Sancti
1586 2568 1756 2659 Andreae,
1776 2576 1821 2640 -ct
1939 2614 1942 2619 -

270 2697 368 2769 valor
394 2698 469 2769 eius
496 2698 699 2768 aestimatur
726 2698 771 2769 ad
799 2718 860 2771 sex
888 2716 1031 2768 marcas.
1059 2696 1148 2791 Item
1174 2694 1395 2773 hortulaniae
1422 2714 1491 2766 non
1510 2699 1601 2782 sunt,
1619 2692 1703 2763 item
1720 2710 1821 2781 prae·-

270 2818 363 2890 dium
391 2839 459 2889 non
486 2825 550 2892 est.
586 2819 673 2891 Item
708 2818 846 2891 denno
874 2838 995 2911 campo
1031 2816 1180 2908 percipit
1206 2816 1373 2888 decimam
1400 2814 1650 2905 manipularem
1677 2810 1823 2883 ccclesia

268 2940 304 3010 in
331 2939 561 3012 Kosszow.

246 3120 248 3125 .
374 3060 568 3132 Monnaur
596 3114 604 3131 .
632 3113 674 3130 ..

374 3181 566 3272 Kosmou,
594 3182 677 3253 villa
703 3180 934 3273 parochialem
962 3181 1142 3253 ecclesiam
1168 3181 1301 3253 habens
1326 3180 1362 3250 in
1390 3200 1428 3251 se
1453 3179 1566 3268 sitam,
1582 3178 1681 3249 cuius
1697 3176 1822 3248 baares

272 3302 424 3375 lacobus
450 3303 756 3394 Koazlonsky
782 3303 825 3374 de
852 3303 958 3385 armis
985 3302 1211 3393 anpium.
1239 3302 1279 3372 ln
1306 3322 1376 3392 qna
1400 3306 1484 3372 aunt
1509 3302 1587 3371 octo
1614 3296 1822 3371 commedio

226 3484 229 3493 .
270 3424 361 3495 lauei
388 3424 645 3513 cmethonales,·
668 3424 712 3495 de
739 3424 865 3514 quibus
901 3424 1061 3495 omnlbus
1092 3424 1241 3494 solvitur
1267 3422 1400 3493 decima
1425 3418 1671 3511 manipulatia,
1696 3422 1735 3489 ct
1759 3436 1824 3508 par

271 3542 420 3636 quatuor
445 3546 585 3635 ierugas
613 3530 798 3635 canapalis,
824 3551 862 3615 et
887 3542 1028 3617 ducitur
1045 3544 1198 3635 propriis
1216 3543 1374 3615 mnibus
1392 3564 1456 3633 pro
1475 3540 1685 3615 monastario
1702 3536 1841 3611 samtl.
1941 3556 1945 3563 ’

272 3666 454 3755 Andreae,
489 3674 525 3737 et
562 3666 659 3737 valor
694 3665 769 3736 eins
804 3666 1010 3737 aestimatur
1036 3666 1081 3737 ad
1108 3672 1260 3755 qrratuor
1285 3684 1429 3735 marcas.
1468 3664 1558 3734 ltem
1583 3662 1730 3733 taberna
1754 3672 1825 3731 nna

271 3766 403 3859 namna
439 3806 552 3878 agros.
592 3787 679 3857 nem
707 3786 926 3858 homulaniae
951 3785 1041 3869 cuae
1068 3786 1237 3858 habenta
1263 3806 1386 3877 agros,
1413 3784 1461 3855 oe
1484 3782 1644 3855 munna
1669 3778 1820 3853 solutor

270 3906 400 3979 decime
430 3907 656 3999 manipularis
682 3928 746 3998 pro
773 3907 983 3980 monasterio
1010 3908 1128 3979 Sancti
1155 3906 1318 3979 Andreae
1343 3907 1379 3978 in
1404 3902 1620 4007 ponitdwuna.
1646 3902 1824 3991 ltcmlmo»

207 4010 211 4019 ’
270 4028 445 4101 leudinum
473 4050 541 4101 non
570 4035 624 4100 est
651 4028 714 4121 ibi.¹
736 4028 823 4100 ltem
851 4022 1029 4120 praedium
1057 4035 1112 4101 est
1137 4028 1360 4118 ibi-unicum,
1385 4026 1431 4099 dc
1449 4027 1546 4099 cuius
1562 4022 1658 4119 agria
1676 4020 1824 4095 soluitur

272 4149 405 4221 decima
431 4148 657 4240 manipularis
683 4148 811 4222 ibidem
839 4148 875 4221 in
902 4148 1125 4222 Kosalou.
1614 4134 1619 4141 ’

376 4271 530 4343 Boanum
558 4325 565 4341 .
594 4325 636 4341 ..
986 4290 989 4297 ·

377 4391 610 4482 Pazacrronr,
638 4391 720 4463 villa
747 4393 811 4464 sub
840 4392 1004 4483 parocbia
1030 4390 1195 4463 ecclesiae
1223 4390 1266 4463 de
1293 4389 1461 4481 Kydou
1487 4390 1565 4481 sita,
1583 4389 1680 4461 cuius
1698 4389 1823 4460 haeres
1941 4428 1944 4435 ·

272 4512 451 4585 lohannes
477 4511 726 4605 Pileczsky
753 4512 963 4585 castellanus
991 4512 1231 4585 Gracorienais
1252 4511 1309 4584 'de
1337 4512 1443 4583 armis
1471 4510 1652 4583 Leliua
1687 4509 1728 4581 In
1756 4529 1824 4606 qua

272 4641 352 4706 sunt
388 4634 477 4705 lanei
514 4634 767 4725 cmethonales,
804 4634 848 4706 de
884 4635 1009 4727 quibus
1046 4632 1205 4706 omnibus
1241 4632 1388 4705 solvitur
1423 4640 1459 4705 et
1483 4632 1636 4725 propriis
1663 4633 1822 4706 curribus

273 4756 412 4827 ducitur
449 4755 582 4827 decima
618 4755 860 4849 manipularis,
887 4764 924 4829 et
951 4776 1013 4847 per
1040 4762 1201 4847 ¹quatuor
1227 4756 1367 4846 lerogas
1392 4752 1586 4846 canapalis,
1613 4756 1824 4837 monasterio

273 4876 390 4948 Sancti
418 4876 588 4967 Andreae,
615 4885 651 4949 et
678 4878 777 4949 valor
812 4878 887 4950 eius
914 4877 1120 4949 amtimatur
1146 4874 1190 4948 ad
1209 4931 1216 4947 .
1235 4931 1243 4946 .
1262 4930 1270 4946 .
1288 4896 1430 4949 marcas.
1465 4876 1554 4949 Item
1581 4876 1753 4949 taberna.
1773 4932 1780 4946 .
1799 4932 1825 4967 .,

273 4994 354 5069 item
382 4998 622 5070 hortulauiac.
642 5054 649 5069 .
669 5052 694 5087 .,
722 5000 805 5072 item
832 4998 1118 5071 molendinum..
1137 5053 1145 5070 .
1162 4998 1249 5071 Item
1276 4996 1482 5089 praedium.
1501 5053 1508 5068 .
1527 5052 1535 5069 .
1562 4997 1735 5091 Alianata
1752 4999 1826 5091 epi*

171 5157 175 5165 ·
266 5128 398 5209 'scopus
424 5120 663 5195 cracoviensis
691 5141 765 5193 eam
793 5119 951 5211 percipit.
1228 5152 1231 5157 ·

303 5294 306 5299 .
377 5239 630 5331 Pazuszrann,
658 5238 742 5312 villa
768 5241 832 5313 snb
859 5239 1024 5331 parochia
1050 5240 1095 5313 de
1121 5240 1364 5315 Matic'zou
1391 5240 1467 5333 aito,
1494 5240 1593 5315 unius
1617 5242 1742 5315 haeres
1763 5240 1826 5315 do·
2001 5322 2004 5329 ,

274 5358 406 5431 bannes
442 5358 982 5463 ZegotaqMarczinousky
1017 5360 1063 5433 de
1089 5360 1553 5453 domo-Bippennium
1582 5362 1622 5433 In
1650 5385 1720 5455 qua
1744 5372 1827 5437 sunt
1965 5370 2004 5479 ᾗ

275 5482 535 5570 quatuordocim
562 5484 653 5555 lanei
680 5482 921 5573 cmethonales,
949 5482 1055 5555 etde
1082 5483 1416 5556 omnibus-soluitur
1440 5492 1479 5556 et
1505 5483 1709 5556 conducitur
1735 5485 1826 5556 deci·

275 5622 330 5672 ma
357 5603 582 5692 manipularis
610 5612 646 5676 ct
672 5598 848 5695 canapalis
875 5625 938 5696 pro
966 5605 1179 5677 monasterio
1215 5605 1332 5677 Sancti
1359 5604 1539 5695 Andreae,
1565 5612 1603 5677 et
1629 5605 1727 5678 valor
1752 5606 1827 5681 eius

273 5724 478 5795 aestimatur
503 5724 548 5796 ad
576 5746 637 5797 sex
663 5744 806 5815 marcas,
824 5725 1017 5818 'aliquando
1045 5724 1089 5797 ad
1116 5726 1306 5799 duodecim.
1333 5725 1420 5799 Item
1439 5732 1494 5798 est
1510 5725 1560 5797 ibi
1577 5748 1647 5799 aaa
1664 5726 1821 5819 taberna,
1900 5734 1904 5739 '

273 5845 356 5914 item
383 5844 472 5917 duae
498 5846 716 5918 homulaniae
744 5839 911 5918 habentes
937 5867 1051 5937 egros.
1079 5848 1168 5919 ltem
1193 5868 1300 5920 unum
1328 5846 1516 5938 praedium,
1544 5853 1581 5920 et
1606 5846 1650 5920 de
1667 5848 1827 5923 omnibus

274 5963 422 6036 solvitur
448 5966 580 6037 decima
608 5966 833 6059 manipularis
861 5968 1071 6041 monasterio
1099 5967 1217 6041 Sancti
1246 5969 1407 6042 Andreae
1435 5968 1469 6041 in
1495 5966 1711 6067 pomiliaco-na
1738 5969 1827 6042 ltam

273 6092 328 6156 est
355 6087 404 6157 ibi
432 6108 582 6177 campus,
609 6086 747 6181 dequo
776 6087 966 6163 decimatur
992 6088 1096 6161 altari
1123 6088 1285 6163 Omnium
1312 6091 1517 6165 Sanctorum
1535 6092 1570 6163 in
1591 6090 1736 6165 eccleala
1754 6111 1827 6165 ma·
1848 6067 1942 6212 ff·

273 6207 340 6279 iori
368 6208 599 6281 Oracovicnsi.
1905 6212 1911 6221 '

1738 6330 1742 6337 ,
1904 6298 1918 6333 ὑ

378 6328 685 6422 Kuaoszwnnnr,
722 6333 885 6425 oppidum
921 6332 1052 6407 habens
1088 6332 1125 6403 in
1160 6354 1199 6407 se
1234 6331 1415 6407 ecclesiam
1439 6332 1714 6433 parochialem·
1763 6334 1779 6417 ,¹
2002 6352 2010 6377 -’

273 6448 498 6541 ronanam,
534 6451 578 6524 aa
613 6452 754 6525 nuum
788 6454 994 6546 onyarna
1030 6451 1360 6611 unewano
1516 6456 1535 6559 j
1644 6432 1712 6529 im
1756 6442 1766 6561 J}
1809 6428 1862 6541 [⁵
1916 6474 1931 6519 -τ
1980 6462 2008 6561 χ

1038 6584 1042 6591 .
1159 6620 1162 6625 Ι
1331 6582 1349 6615 -.·.
1698 6565 1709 6585 a
2003 6590 2019 6627 a
