4217 8059
827 2530 1355 2711 cunoounnsn.
1495 2560 1504 2573 ·
1586 2414 1829 2531 ''³'‘'³

992 2814 1197 2823 --—-———

322 3062 502 3142 Primum
536 3056 837 3143 monasterium
869 3060 1057 3142 fratrum*
1081 3044 1241 3157 ordinis
1275 3059 1417 3138 Sancti
1450 3057 1644 3162 Spiritus,
1668 3078 1763 3136 cum
1797 3078 1869 3159 po·

321 3204 473 3281 minata
515 3188 647 3281 cruce
681 3200 775 3280 alba
809 3199 1177 3304 hospitalariorum
1211 3196 1265 3277 do
1297 3197 1445 3315 Saxis,
1478 3198 1518 3311 io
1550 3194 1733 3276 civitate
1765 3191 1869 3273 cra·

321 3322 511 3419 ¹couiouoi
541 3346 600 3449 ot
632 3340 671 3418 in
711 3318 1121 3437 ecclosia'c'a'octae
1164 3335 1317 3416 Orucls
1349 3312 1605 3445 cpd'aflatona.
1648 3331 1728 3434 Qui
1763 3331 1870 3412 ordo

348 3476 445 3557 duo
477 3475 767 3556 tantummodo
801 3477 1058 3585 mundatoria
1092 3476 1131 3553 iu
1164 3438 1604 3571 cracovldisslfftausr
1636 3470 1840 3571 dioecesi,
1874 3543 1877 3547 .

672 3623 675 3631 “
891 3614 1063 3693 tortium
1096 3611 1302 3716 disperiit.

1367 3788 1399 3821 a·
1461 3792 1530 3841 ·''.·.·

424 3867 589 3956 Quamvis
624 3867 864 3939 cracoviensis
900 3868 1082 3958 episcopus
1117 3867 1198 3939 Ful
1211 3888 1277 3956 co,
1305 3867 1365 3957 qui
1389 3840 1701 3973 .l]igigj'vj4‚polonica
1728 3864 1883 3949 Pelka,

319 3989 501 4075 vocitatur,
529 3988 583 4082 vir
607 3988 734 4059 nobilis
761 3986 804 4057 de
831 3987 933 4059 domo
960 3995 997 4057 ot
1022 3987 1154 4057 familia
1168 3986 1408 4076 ¹Vulpium,
1423 3962 1671 4087 ‘'dofflddaudo
1689 3992 1727 4055 et
1746 3985 1871 4057 dotan-

317 4108 365 4179 do
391 4129 456 4197 pro
482 4108 723 4179 recollectione
750 4108 973 4195 infirmarum,
1000 4128 1188 4195 egenarum
1206 4115 1243 4178 et
1261 4090 1765 4215 miserabiliuvpjpiersonarum
1783 4126 1872 4196 quae

321 4230 356 4299 in
383 4230 524 4301 civitate
556 4228 777 4301 cracoviensi
803 4229 932 4319 partim
959 4230 994 4298 in
1021 4229 1181 4301 domibus
1210 4234 1271 4299 aut
1296 4227 1381 4299 vicis
1409 4214 1670 4331 delit‘mcebaut,
1695 4226 1871 4315 hospitali,

322 4350 415 4438 pium
443 4349 615 4440 coepisset
642 4351 869 4441 propositum,
896 4356 931 4421 et
958 4349 1140 4421 nonnullas
1159 4345 1202 4420 cx
1229 4349 1330 4420 bonis
1358 4368 1496 4419 mensae
1513 4336 1721 4439 cpisoapalis
1739 4364 1874 4436 posses-

321 4471 445 4560 siones
471 4469 629 4542 redditus
657 4491 697 4542 ac
723 4471 876 4561 praedia,
904 4470 1045 4560 capituli
1074 4470 1316 4542 cracoviensis
1343 4488 1513 4540 consensu
1531 4469 1727 4557 accedente,
1745 4468 1780 4538 in
1799 4468 1874 4538 eius
1902 4558 1907 4568 .

319 4568 434 4664 dotem
470 4591 626 4667 conferre
663 4592 891 4682 decrevisset,
919 4598 1031 4663 morte
1058 4599 1174 4662 tamen
1201 4564 1456 4663 interveniente
1482 4591 1707 4678 absumptus,
1731 4589 1873 4678 pietatis

319 4734 403 4784 suae
429 4715 586 4803 intentio,
612 4714 820 4802 praesertim
847 4712 928 4783 dum
954 4713 1059 4783 nullis
1086 4713 1244 4802 personis
1270 4713 1424 4801 regimen
1451 4710 1559 4793 futuri
1578 4709 1761 4800 hospitalis
1779 4710 1871 4779 dele·

319 4841 457 4924 gassat,
482 4833 609 4904 recidit
635 4834 679 4905 ad
705 4835 855 4905 irritum.
896 4831 963 4903 Sed
991 4841 1027 4904 et
1055 4855 1132 4904 cum
1160 4854 1339 4904 successor
1365 4854 1449 4903 suus
1476 4832 1695 4903 immediatus
1723 4830 1873 4937 ¹Vincen-

319 4956 392 5026 tius
427 4953 745 5026 cadlubcouis
782 4955 825 5026 de
860 4953 1058 5028 Carvow
1093 4955 1275 5045 episcopus
1310 4953 1567 5042 Cracoviensis,
1595 4954 1649 5023 vir
1675 4952 1802 5024 nobilis
1829 4952 1872 5023 de

321 5074 423 5146 domo
449 5074 635 5163 Roszae,
661 5094 778 5146 semen
804 5073 925 5146 fratris
951 5075 1120 5147 suscitare
1146 5075 1375 5165 neglexisset,
1401 5075 1463 5147 lvo
1489 5074 1533 5147 de
1559 5074 1774 5147 Konszke
1800 5070 1874 5164 epi-

320 5215 446 5286 scopus
472 5192 720 5284 cracoviensis
747 5195 790 5266 de
818 5196 918 5267 domo
945 5201 982 5267 et
1007 5196 1138 5267 familia
1163 5195 1474 5268 Odrowansch
1501 5195 1629 5267 ducens
1646 5214 1765 5286 genus,
1784 5194 1906 5285 Vin?

322 5317 436 5387 centio
472 5313 792 5388 Gadlubkonis
828 5316 1025 5389 immediate
1060 5317 1264 5406 succedens,
1300 5316 1532 5389 facinorosum
1568 5323 1604 5387 et
1633 5317 1777 5407 impium
1803 5314 1873 5389 sibi
1972 5392 1983 5403 ,

322 5436 468 5527 docens,
504 5438 535 5508 si
570 5443 606 5509 et
641 5438 715 5528 ipse
751 5439 786 5508 in
823 5438 914 5510 hunc
949 5439 1192 5529 prolaberetur
1218 5438 1431 5529 neglectum,
1454 5439 1495 5509 in
1522 5438 1605 5509 villa
1631 5434 1874 5509 Prandnik

322 5578 421 5629 secus
448 5556 711 5630 cracoviensem
738 5560 914 5632 civitatem
942 5561 1019 5650 sita,
1047 5538 1219 5649 hospitale
1247 5560 1461 5631 infirmorum
1489 5567 1526 5631 et
1552 5560 1754 5631 coenobium
1782 5578 1874 5630 anno

320 5679 461 5752 Domini
500 5680 609 5750 1220.
644 5679 784 5770 fundat,
812 5688 848 5752 et
883 5680 968 5752 illud
1004 5682 1039 5753 in
1077 5702 1198 5751 manus
1234 5679 1381 5753 fratrum
1409 5680 1713 5772 hospitalariorum
1741 5680 1874 5752 ordinis

321 5799 438 5872 Sancti
474 5799 624 5890 Spiritus
661 5801 703 5872 de
732 5801 926 5872 Wienna
961 5802 1034 5872 sive
1062 5802 1105 5872 de
1132 5801 1283 5891 Saxia,
1312 5824 1399 5892 quos
1427 5803 1469 5874 de
1497 5803 1541 5873 W
1549 5824 1700 5894 yenna
1726 5804 1873 5875 'accersi-

321 5928 439 6012 verat,
466 5921 657 6011 regendum
685 5923 877 5993 committit.
914 5920 978 5993 cui
1005 5942 1068 6011 pro
1096 5922 1189 5994 dote·
1205 5923 1386 5994 ecclesiam
1413 5923 1531 5995 Sancti
1557 5923 1701 5996 Martini
1729 5924 1765 5995 in
1792 5925 1875 5996 villa

321 6043 508 6132 episcopali
536 6042 565 6112 B
574 6043 831 6133 yskupicze
859 6063 965 6132 supra
991 6041 1315 6135 Wyelyczkam
1343 6044 1466 6135 locata,
1494 6067 1570 6116 cum
1597 6048 1669 6119 suis
1696 6047 1874 6137 proventi-

321 6162 405 6252 buS,
432 6163 514 6236 item
542 6163 659 6234 villam
688 6183 791 6253 super
826 6162 1069 6235 Prandnik
1097 6186 1174 6236 cum
1201 6164 1416 6256 molendino,
1444 6169 1527 6238 item
1553 6167 1672 6239 villam
1699 6166 1872 6240 Growo

323 6280 442 6369 drza,
470 6284 552 6354 item
580 6284 697 6356 villam
726 6284 922 6375 Bladow,
948 6287 1033 6358 item
1061 6289 1178 6360 villam
1206 6287 1393 6359 Wronin
1420 6296 1622 6380 utramque,
1649 6288 1872 6361 Maiorem

322 6403 454 6475 scilicet
480 6410 516 6474 et
542 6404 766 6476 Minorem
791 6414 828 6478 et
854 6407 1034 6479 dimidium
1061 6411 1211 6499 pretium
1228 6410 1452 6507 tabernarum
1469 6410 1512 6481 de
1531 6408 1760 6502 Slawkov,
1779 6411 1873 6503 quod
