4217 8059
306 1482 382 1552 210

303 1689 450 1778 quilibet
475 1686 580 1757 solvit
605 1668 669 1775 pro
688 1703 794 1755 censu
821 1737 979 1772 .......
1007 1704 1141 1757 summa
1166 1684 1255 1756 duae
1273 1703 1480 1774 senegaune,
1498 1685 1590 1755 'item
1617 1703 1685 1755 ora
1710 1683 1858 1773 quilibet

303 1808 543 1899 quadraginta,
570 1807 651 1875 item
670 1804 790 1894 gallos¹
808 1803 905 1894 duos,
932 1805 1016 1876 item
1035 1823 1154 1876 casem
1182 1827 1250 1875 non
1268 1804 1426 1894 solvunt,
1452 1805 1534 1875 item
1553 1803 1691 1877 laborat
1709 1803 1858 1895 quilibet

301 1949 406 2000 nuum
441 1926 532 1997 diem
569 1927 604 1997 in
632 1926 826 2017 septimana
860 1926 1002 2016 proprio
1038 1946 1144 1997 curru
1176 1932 1238 1998 unt
1262 1931 1398 2015 aratro,
1434 1925 1517 1997 item
1537 1922 1749 2020 ponebam
1771 1925 1861 2021 item

302 2049 450 2119 taberna
477 2066 546 2116 una
563 2046 695 2116 habens
722 2067 841 2135 agros,
868 2045 972 2118 solvit
999 2066 1102 2117 nnana
1128 2068 1205 2118 cum
1233 2046 1346 2118 media
1372 2066 1521 2135 marcas,
1546 2045 1630 2117 item
1656 2045 1858 2119 domnonia

263 2232 267 2239 .
301 2188 372 2239 una
397 2166 530 2262 habens
557 2184 671 2254 agros,
697 2162 786 2234 nihil
814 2164 927 2251 solvit
955 2165 1016 2233 sed
1044 2185 1148 2236 unum
1175 2165 1266 2235 mem
1295 2166 1400 2255 pedes
1427 2166 1567 2238 laborat
1592 2166 1627 2237 in
1645 2166 1857 2257 septimam

304 2289 387 2359 item
415 2284 575 2358 scoltetia
602 2305 670 2355 nou
697 2290 783 2372 cst,¹
807 2283 890 2354 item
918 2281 1099 2372 praedium
1135 2291 1190 2353 est
1217 2283 1266 2354 ibi
1292 2286 1430 2356 unicum
1465 2285 1683 2376 coenobiale,
1718 2286 1763 2359 de
1787 2306 1858 2383 quo

310 2384 478 2479 decimam
505 2403 752 2476 monasterium
772 2402 978 2474 Thincieuse
1004 2401 1108 2473 tollit.
1152 2402 1239 2474 Item
1258 2422 1377 2473 omnes
1403 2405 1480 2492 agri
1499 2404 1609 2499 'villae
1625 2406 1776 2478 solvunt
1791 2405 1860 2478 de-

297 2529 425 2600 cimam
454 2525 704 2616 manipularem
735 2530 771 2596 et
798 2522 997 2613 canapalern
1025 2522 1236 2617 monasterio
1260 2521 1494 2611 Thincpiensi,
1520 2523 1619 2596 omns
1636 2523 1737 2596 valor
1751 2527 1857 2603 aesti-

304 2656 419 2721 matur
443 2647 486 2719 ad
506 2652 656 2738 quatuor
673 2665 826 2734 marcas,
853 2644 936 2716 item
954 2643 1208 2715 molendinum.-
1237 2626 1397 2734 Confluat
1414 2663 1491 2715 cunr
1517 2640 1729 2735 Glinnilr‚
1754 2630 1858 2718 Gae-

303 2769 557 2858 lustnicza,
585 2766 910 2858 Tarnouyecz,
938 2764 1257 2855 Taruowczek,
1284 2763 1583 2837 Wroczeulra
1816 2752 1822 2763 '

407 2889 601 2979 Poenum,
628 2879 712 2959 villa
737 2888 802 2960 sub
829 2885 995 2977 parochia
1021 2885 1054 2958 S.
1074 2885 1210 2958 Nicolai
1236 2891 1338 2957 extra
1363 2874 1633 2959 Gracovium
1652 2885 1731 2976 sita,
1757 2887 1873 2967 aliun

304 3014 361 3086 rio
387 3010 601 3100 Praduilr,
629 3009 688 3100 qui
706 3010 805 3081 iuxta
830 3029 907 3089 eam
926 3007 1081 3079 decurrit
1105 3007 1301 3098 appellata,
1327 3007 1426 3080 cuius
1452 3007 1649 3098 proprietas
1676 3008 1720 3080 ad
1739 3030 1858 3081 mnua-

304 3134 448 3206 stonum
485 3131 691 3203 Thiuciense
714 3129 889 3220 pertinet
930 3129 969 3199 ln
1006 3149 1075 3219 qua
1110 3134 1192 3200 sunt
1227 3127 1376 3201 sedecim
1413 3112 1505 3200 lanei
1541 3128 1791 3219 mmbouolos,
1821 3128 1878 3203 ct'

243 3290 246 3299 ·
308 3247 453 3346 quilibet
480 3274 543 3343 pro
561 3274 667 3324 censu
695 3251 800 3323 solvit
826 3249 976 3323 sedecim
1003 3270 1164 3361 grossos3
1191 3250 1273 3322 item
1291 3255 1374 3321 sunt
1401 3249 1450 3321 ibi
1473 3249 1625 3340 quinque
1651 3250 1860 3325 laneicma-
1936 3234 1939 3239 ¹

176 3362 235 3451 {ab
306 3374 465 3447 thonales
483 3374 527 3445 ad
540 3372 790 3464 proprietatem
808 3371 1011 3445 monasterii
1029 3370 1062 3443 S.
1078 3371 1270 3460 Trinitatis,
1287 3370 1392 3442 solvit
1410 3375 1526 3443 tamen
1545 3370 1692 3462 quilibet
1708 3358 1860 3444 amedu

176 3496 231 3581 ’Ἣ
306 3517 466 3589 gnomon,
503 3515 566 3585 pro
585 3514 690 3565 censu
718 3493 928 3564 monasterio
955 3491 1163 3564 Thincienai.
1202 3492 1289 3564 Item
1317 3497 1371 3564 est
1393 3491 1427 3563 in
1446 3491 1566 3564 eadem
1594 3492 1677 3564 villa
1702 3492 1864 3565 scultetis

107 3618 114 3625 '
184 3638 190 3645 ·
221 3612 236 3625 ”
305 3616 438 3689 babens
464 3622 537 3689 tres
563 3614 697 3702 laneos,
725 3613 768 3685 de
796 3613 920 3709 quibus
947 3611 1051 3684 solvit
1077 3611 1245 3707 dammam
1271 3612 1521 3703 manipularem
1548 3612 1714 3685 ecclesiae
1739 3611 1861 3686 Sancti

306 3734 452 3809 Nicolai
492 3734 580 3807 Item
608 3733 753 3825 siugulis
779 3733 880 3805 annis
907 3738 1071 3805 tenentur
1098 3732 1201 3805 villae
1227 3732 1311 3805 darc
1337 3732 1406 3806 duo
1433 3732 1581 3825 prandia
1606 3732 1743 3824 abbati,
1770 3733 1861 3837 scol-

306 3864 403 3930 tetus
421 3855 579 3945 'tertium
605 3854 690 3927 item
717 3860 771 3927 est
797 3854 845 3926 ibi
873 3854 1020 3926 tabenna
1046 3854 1258 3943 scoltetialis‚
1285 3854 1418 3927 habens
1445 3874 1558 3945 agros,
1584 3860 1620 3927 et
1646 3855 1749 3927 solvit
1773 3854 1861 3929 duo-

307 3976 418 4051 decim
441 3994 577 4049 marcus
599 3975 744 4049 sculteto
767 3996 836 4066 pro
854 3996 977 4066 censu,
1004 3974 1087 4047 item
1110 3974 1345 4066 hortulaniae,
1366 3975 1451 4047 item
1469 3975 1703 4049 molendinum
1721 3975 1863 4049 scolteti

308 4102 362 4171 est
388 4098 437 4170 ibi
455 4097 491 4170 in
509 4078 647 4169 flumine
675 4095 913 4168 Prandnilr
940 4102 977 4168 et
995 4096 1100 4168 solvit
1126 4097 1335 4169 monasterio
1354 4095 1552 4168 Tbiucienai
1570 4096 1614 4169 de
1632 4096 1693 4169 illo
1711 4103 1862 4188 quatuor

96 4197 98 4203 ¹
186 4288 188 4293 ,
230 4246 232 4251 ·
309 4240 443 4291 marcas
470 4240 547 4309 cum
582 4240 651 4292 uno
678 4218 832 4308 fertone,
863 4208 1029 4292 scultetus
1063 4224 1179 4290 autam
1206 4218 1329 4309 recipit
1356 4238 1421 4309 pro
1447 4238 1485 4290 se
1520 4217 1566 4290 de
1583 4218 1705 4292 codem
1731 4218 1862 4292 molen·

309 4342 404 4432 dino,
422 4340 508 4413 alias
527 4347 677 4431 quatuor
690 4352 838 4412 'marcas
878 4340 966 4412 Item
984 4359 1104 4413 omnes
1122 4339 1198 4431 agri
1216 4340 1437 4412 cmethonum
1454 4338 1595 4413 solvunt
1611 4344 1648 4412 at
1664 4338 1862 4414 conducunt

239 4440 246 4445 ‘
308 4461 475 4539 decimam
510 4461 760 4552 manipularem
795 4467 832 4533 et
859 4447 1058 4551 canapalem
1086 4481 1150 4551 pro
1164 4460 1324 4532 ‘ecclesia
1353 4459 1386 4533 S.
1413 4459 1549 4533 Nicolai
1576 4466 1658 4534 ante
1683 4460 1861 4537 oviucon

309 4581 586 4672 Gracoviensem,
613 4588 649 4653 et
667 4582 765 4654 valor
791 4582 865 4658 eius
891 4581 1095 4665 aestimatur
1121 4579 1166 4654 ad
1184 4580 1488 4691 vigintiquinque
1513 4600 1658 4654 marcas.
1697 4582 1786 4654 Item
1812 4574 1882 4655 ioi'

309 4704 380 4776 tria
406 4703 549 4793 praedia
575 4702 700 4774 civium
719 4701 1015 4792 cremnensium,
1042 4701 1230 4792 dequibus
1257 4700 1448 4773 decimatur
1473 4701 1639 4775 ecclesiae
1665 4703 1699 4775 S.
1717 4702 1863 4777 Nioolni.
1897 4714 1900 4719 '

163 4886 167 4893 .
310 4824 418 4897 Valor
462 4824 722 4914 quatuordecim
766 4842 912 4894 marcae.
962 4820 1121 4894 confirm
1157 4841 1234 4894 cum
1280 4821 1532 4914 cracovia,
1576 4822 1862 4916 Rakouic'ue,

312 4944 629 5032 Bronowicze,
665 4943 975 5033 Bathowicze,
1010 4941 1301 5016 Crouodrzu.-
1344 4944 1434 5015 Item
1469 4941 1637 5034 plebanus
1663 4943 1698 5017 S.
1724 4943 1861 5018 Nioolu'

174 5087 176 5091 ⁴
312 5065 419 5137 habet
444 5065 480 5136 in
506 5064 626 5136 eadem
654 5063 746 5148 villa,
763 5063 849 5137 duos
875 5085 952 5136 cum
979 5063 1094 5141 medio
1121 5066 1239 5138 laneos
1266 5065 1396 5138 liberos
1413 5070 1459 5147 et
1483 5071 1594 5156 prata

419 5184 615 5274 Wrnuow,
643 5184 726 5256 villa
760 5185 825 5257 sub
851 5185 1017 5276 parochia
1052 5185 1218 5258 ecclesiae
1253 5160 1296 5257 de
1322 5184 1625 5277 Luborzycaa
1648 5187 1737 5276 sita,
1764 5185 1864 5259 cuius

264 5325 267 5331 ·
312 5307 508 5398 proprietas
534 5304 592 5377 ad.
607 5306 852 5381 monasterium
880 5305 1086 5381 Thincieuse
1112 5306 1273 5398 pertinet.
1300 5306 1340 5378 ln
1368 5327 1436 5397 qua
1463 5312 1544 5393 suut
1571 5306 1753 5385 duodecim
1769 5306 1863 5381 lanei

207 5505 211 5511 ,
314 5427 557 5517 cmethounles‚
584 5433 621 5499 et
646 5428 793 5519 quilibet
820 5428 925 5500 solvit
949 5449 1013 5519 pro
1040 5449 1147 5503 censu
1173 5429 1260 5500 duas
1278 5448 1432 5518 marcas3
1459 5429 1543 5501 item
1562 5428 1707 5520 quilibet
1723 5429 1864 5501 laborat

314 5550 456 5651 proprio
470 5548 587 5621 ¹curru
615 5554 676 5620 aut
702 5555 821 5622 aratro
847 5548 935 5622 duos
961 5549 1036 5622 dies
1063 5550 1100 5620 in
1126 5549 1329 5641 septimana,
1356 5550 1440 5622 item
1467 5549 1511 5621 ad
1530 5540 1716 5644 peccabam
1741 5538 1864 5647 taueuff

316 5677 374 5742 tor
401 5670 572 5760 triplicem
600 5670 635 5742 in
663 5691 763 5760 anno,
789 5671 872 5742 item
900 5669 1046 5761 quilibet
1067 5670 1116 5742 de
1142 5670 1242 5743 laneo
1269 5671 1374 5743 solvit
1400 5670 1547 5762 triginta
1572 5690 1651 5759 ova·
1674 5669 1756 5741 item
1775 5668 1864 5743 duos

315 5811 483 5882 capones,
520 5811 638 5863 caseos
675 5813 742 5863 non
770 5791 926 5881 solvunt,
952 5792 1036 5862 item
1063 5811 1167 5863 unam
1194 5811 1391 5865 mensuram
1426 5791 1592 5887 siliginis,
1619 5790 1704 5865 duas
1731 5810 1864 5885 avanae

316 5911 489 5987 confertas
524 5918 560 5984 et
574 5961 578 5967 »
594 5916 743 6003 quatuor
768 5931 919 6003 grosam.
952 5910 1039 5984 Item
1066 5919 1121 5985 est
1146 5913 1196 5986 ibi
1222 5913 1368 5986 taberna
1394 5913 1526 5985 liabens
1552 5932 1669 6004 agros,
1695 5917 1734 5984 et
1758 5911 1866 5986 solvit
1897 5924 1900 5929 '

314 6040 390 6106 tres
408 6052 544 6105 marcas
562 6054 625 6123 pro
644 6053 758 6124 ceusu,
785 6037 823 6104 ct
832 6030 998 6127 poroaboa
1015 6033 1161 6106 laborat
1187 6034 1276 6106 Item
1293 6033 1512 6107 hortulaniae
1530 6037 1679 6124 quatuor
1695 6032 1865 6107 uocatu

316 6176 419 6246 agros
437 6160 473 6227 et
490 6155 595 6227 solvit
613 6174 702 6226 unus
720 6159 794 6228 tres
811 6153 980 6245 fertones,
1007 6153 1076 6226 duo
1094 6153 1292 6246 perdecem
1310 6173 1450 6243 grossos
1469 6160 1614 6246 quartos
1632 6174 1693 6227 sex
1711 6172 1863 6245 moseos

260 6365 264 6373 Ι
317 6276 406 6347 Item
432 6281 486 6346 est
514 6275 562 6348 ibi
589 6274 768 6365 praedium
795 6275 1009 6366 coenobiale,
1035 6276 1167 6366 dequo
1193 6273 1279 6346 nulli
1306 6274 1367 6346 dat
1393 6274 1580 6365 decimam,
1607 6274 1669 6348 sed
1694 6286 1772 6348 earn
1798 6293 1864 6366 pro

319 6415 357 6466 se
374 6394 476 6471 tollit.
503 6395 590 6470 item
609 6417 727 6470 omnes
745 6397 836 6471 lanei
855 6396 1105 6487 auctionales,
1123 6395 1290 6469 tabernae
1307 6401 1345 6469 et
1362 6396 1648 6487 hortulaniarum,
1673 6395 1816 6471 solvunt
1830 6400 1868 6471 ot
