4217 8059
1733 1464 1807 1537 itt

261 1614 455 1715 marmrnm
482 1646 671 1719 communis
697 1649 863 1738 pecumoe
889 1650 1082 1727 baccatum.
1126 1592 1280 1747 mira
1297 1598 1395 1731 ¹lanui
1422 1662 1691 1758 oppidanorum,
1724 1670 1815 1742 itam·

257 1764 549 1853 suburbanorum,
588 1766 669 1837 itam
691 1769 874 1858 praedium
901 1769 1052 1862 regium,
1080 1774 1123 1847 dc
1149 1777 1275 1867 quibus
1301 1780 1460 1853 omnibus
1487 1781 1638 1857 solvitur
1664 1792 1701 1859 a
1725 1808 1807 1863 cou-
1954 1800 1957 1807 '

259 1883 396 1959 ducitur
422 1885 555 1957 decima
582 1888 805 1979 manipularis
834 1911 896 1980 pro
923 1893 1070 1967 ccclesia
1095 1900 1132 1967 at
1156 1896 1305 1986 plebabo
1325 1901 1372 1971 -in
1399 1899 1628 1995 Ossayclr,
1663 1914 1808 2000 excepto

259 2026 378 2095 campo
414 2002 720 2097 Osszyeczek,
761 2009 804 2081 de
840 2033 907 2101 quo
934 2012 1126 2087 decimatur
1162 2039 1227 2108 pro
1255 2021 1465 2094 monasterio
1503 2023 1648 2098 Sanctae
1686 2025 1809 2105 Crucis

258 2125 389 2197 Calvi
431 2127 621 2218 Montis,
657 2132 857 2221 canapalam
884 2140 1001 2206 autem
1028 2136 1196 2209 decimam
1223 2161 1267 2213 ex
1294 2142 1439 2233 antiqno
1464 2146 1711 2220 consuetudine
1739 2171 1807 2227 non

258 2247 403 2331 solvunt
432 2271 543 2341 neque
570 2250 743 2343 oppidani,
770 2273 880 2344 neque
908 2256 1110 2331 suburbani.

303 2444 502 2577 Ddolmao
536 2500 829 2603 manipulares,
863 2523 919 2581 ox
952 2504 1125 2604 antiquo
1157 2505 1209 2585 ad
1243 2510 1544 2590 monasterium
1578 2511 1760 2596 Sanctae
1827 2533 1831 2540 ’

807 2637 961 2747 Crucis
995 2644 1270 2743 pontonates.

364 2856 692 2947 Bascznrowrczs,
719 2840 973 2951 sinpbtova
999 2861 1277 2953 etAntiqua,
1297 2864 1538 2956 Boleszin,
1565 2866 1810 2959 Mylanov-

259 2976 537 3068 skaWolya,
564 2976 1661 3079 Zakrzous,(iosszcza,Basszo'wycze,Glodno,
1693 2990 1810 3083 Mye-

259 3098 491 3190 dzwyedo,
528 3084 849 3193 Myroczycze,
884 3100 1183 3195 Krasszkow,
1216 3104 1387 3195 Jezow,
1415 3106 1576 3200 Wolya
1607 3109 1823 3197 Bostar-1

260 3222 359 3310 ska,
395 3218 620 3312 Osszyelr,
657 3222 962 3314 Wylamycze,
988 3223 1279 3298 Worowiczc.
1322 3226 1437 3318 Supra
1472 3230 1620 3321 scriptas
1658 3219 1812 3305 domnas

259 3341 508 3433 manipulares,
535 3342 580 3413 ad
606 3343 853 3417 monasterium
881 3345 1027 3417 Sanctae
1055 3343 1176 3418 Crucis
1203 3346 1336 3419 Calvi
1366 3348 1544 3421 Montis
1574 3351 1808 3443 «pertinentes,

226 3464 294 3549 ,in
321 3462 414 3535 villis
441 3463 643 3535 monasterii
669 3464 907 3555 consistentes,
936 3467 1002 3537 iam
1030 3465 1276 3558 descripsimus
1294 3468 1330 3539 in
1349 3469 1435 3541 locis
1462 3469 1543 3560 suis,
1570 3476 1607 3543 ct
1624 3470 1703 3543 ideo
1730 3472 1809 3545 illas

261 3606 329 3656 non
357 3584 533 3661 iteramus.
984 3592 987 3601 '
1202 3650 1208 3659 .

321 3788 323 3793 ,
362 3704 636 3795 Sozammow,
677 3706 760 3779 villa
786 3707 849 3780 sub
878 3707 1043 3797 parochia
1070 3709 1238 3781 ecclesiae
1274 3708 1317 3780 de
1345 3710 1550 3803 wyllan
1586 3712 1673 3801 sita,
1712 3712 1810 3787 cuius

259 3827 455 3919 proprietas
483 3827 526 3897 ad
554 3827 721 3901 haeredes
753 3827 939 3917 Jacobum,
975 3828 1184 3903 Stanislaum
1213 3837 1249 3902 et
1276 3830 1457 3905 Nicolaum
1493 3831 1809 3925 Chotcczslrp,
1899 3928 1903 3935 Ι

259 3949 392 4023 nobiles
419 3949 461 4021 de
489 3950 595 4023 armis
622 3948 777 4023 Nabra
802 3951 962 4041 pertinet
999 3951 1038 4023 In
1068 3973 1136 4042 qua
1162 3958 1244 4023 sunt
1270 3938 1420 4043 quatuor
1445 3953 1537 4025 lanai
1558 3953 1809 4045 cmetbonalas,

259 4071 302 4143 dc
329 4071 454 4161 quibus
481 4071 640 4143 omnibus
666 4071 815 4143 solvitur
842 4075 878 4142 et
905 4072 1109 4145 conducitur
1144 4094 1208 4164 pro
1235 4074 1446 4147 monasterio
1474 4073 1607 4145 Calvi
1631 4072 1809 4149 Montis

260 4192 406 4263 Sanctae
433 4190 571 4279 Crucis,
599 4192 697 4263 cuius
718 4193 823 4265 calor
849 4192 1053 4264 aestimatur
1081 4193 1138 4264 ad·
1151 4202 1225 4265 tres
1252 4214 1407 4281 marcas;
1432 4193 1515 4265 item
1543 4194 1698 4285 taberna,
1725 4184 1811 4268 itam

258 4312 444 4400 hortulani,
470 4311 553 4383 item
568 4312 758 4402 'praedium
787 4317 842 4389 est
860 4314 909 4385 ibi
927 4313 1077 4402 unicum,
1104 4314 1195 4402 qnod
1223 4312 1329 4387 solvit
1349 4302 1522 4385 *decimam
1550 4314 1808 4405 manipularem.

361 4432 716 4522 anuocssowrczu,
744 4433 827 4504 villa
845 4434 909 4505 sub
927 4410 1092 4523 parocbia
1113 4433 1277 4503 ecclesiae
1304 4432 1346 4503 de
1374 4431 1579 4511 Chotecn
1604 4433 1684 4523 sita,
1711 4436 1808 4509 onim

258 4557 452 4644 proprietas
480 4554 524 4625 ad
552 4554 808 4625 serenissimum
837 4551 1000 4625 Poloniae
1027 4572 1144 4643 regem
1179 4553 1340 4642 partinet.
1385 4553 1426 4625 In
1451 4575 1522 4644 qua
1548 4559 1631 4626 sunt
1659 4559 1808 4647 quatuor

258 4697 334 4746 cum
362 4676 474 4747 medio
502 4676 593 4747 lanei
620 4674 870 4763 cmethonales,
888 4674 941 4745 de
968 4673 1094 4763 quibus
1110 4673 1278 4748 omnibus
1294 4696 1297 4700 ·
1315 4674 1463 4746 solvitur
1490 4674 1814 4774 dscimamanipn·¹
1862 4728 1865 4733 -

258 4796 343 4869 laris
369 4803 405 4868 at
431 4796 635 4869 conducitur
661 4817 725 4886 pro
744 4796 870 4871 abbate
898 4801 934 4866 et
952 4774 1124 4867 conventu
1150 4793 1282 4866 Calvi
1308 4794 1485 4867 Montis
1511 4794 1658 4868 Sanctae
1676 4793 1807 4887 Crucis,

258 4924 294 4988 et
319 4918 416 4989 valor
452 4918 526 4988 eins
562 4916 766 4989 aestimatur
801 4915 846 4987 ad
873 4919 946 4986 tres
982 4935 1138 5003 marcas,
1174 4915 1257 4987 item
1283 4916 1468 5006 tabernac,
1502 4917 1588 4989 item
1619 4917 1807 5009 hortulani,

258 5040 341 5111 itam
368 5038 558 5139 praedium.
1317 5096 1321 5105 .
1799 5060 1804 5073 ·

362 5159 748 5248 Szwrnscnsnnrczn,
784 5157 866 5229 villa
892 5157 957 5229 sub
984 5157 1150 5247 parochia
1176 5157 1219 5229 de
1247 5156 1552 5250 Czyepyelow
1588 5158 1676 5249 sito,
1711 5160 1808 5233 cuius

257 5282 454 5372 proprietas
489 5280 533 5352 ad
561 5280 817 5353 serenissimum
844 5277 1009 5351 Poloniae
1036 5298 1152 5369 regem
1179 5279 1342 5368 pertinet.
1385 5278 1523 5369 inqua
1548 5285 1630 5351 sunt
1656 5281 1808 5370 quinqua

257 5402 348 5473 lanei
376 5400 628 5488 emethonales,
665 5400 707 5472 de
736 5400 859 5490 quibus
887 5400 1034 5497 solvitur
1061 5407 1098 5472 et
1124 5376 1494 5499 conducitur„.decima
1519 5399 1744 5501 manipularis
1770 5406 1808 5471 st

258 5522 433 5613 canapalis
459 5542 524 5611 pro
552 5521 762 5592 monasterio
790 5520 936 5592 Sanctae
964 5519 1093 5611 Crucis,
1121 5528 1158 5592 et
1184 5520 1283 5593 valor
1310 5520 1384 5591 eins
1402 5520 1606 5593 aestimatur
1624 5519 1668 5591 ad
1687 5519 1805 5595 decem

258 5663 409 5731 marcas3
436 5643 479 5714 de
506 5649 606 5713 sesto
634 5648 749 5713 antem
777 5642 887 5731 laneo,
914 5643 996 5727 item
1024 5642 1180 5731 taberna
1208 5643 1289 5713 itam
1317 5640 1524 5729 hortularia,
1551 5640 1635 5713 item
1661 5638 1806 5731 praedio

257 5785 341 5852 uno,
380 5765 575 5836 decimatur
611 5764 775 5835 ecclesiae
811 5763 846 5832 in
882 5762 1064 5852 Solecz,
1104 5770 1140 5835 et
1166 5762 1264 5835 valor
1300 5761 1373 5832 eius
1410 5761 1616 5847 aestimatur
1649 5759 1806 5841 adduas

259 5904 402 5957 mmcas.

140 5996 146 6011 '
292 6046 296 6055 ·
342 6003 600 6087 ,Suburbium
631 6011 836 6097 utrumque
866 6000 1119 6091 l-ublinanaa;
1146 6003 1439 6093 itemexseptom
1467 6001 1577 6073 laneis
1603 6001 1807 6093 quiescan-

256 6133 314 6197 tur
340 6126 369 6198 P
378 6127 699 6218 yeczowslrye,
728 6133 763 6199 et
789 6125 832 6197 de
859 6118 937 6197 aliis
964 6129 1098 6214 septam
1124 6143 1201 6195 cnm
1229 6122 1342 6194 medio
1369 6123 1516 6195 aliorum
1543 6122 1668 6194 civium
1686 6119 1807 6201 Imbli·

259 6248 425 6338 nensinm,
453 6248 530 6319 sitis
548 6253 628 6336 post
647 6247 746 6336 viam,
765 6267 852 6337 quac
872 6245 968 6319 ducit
985 6245 1022 6315 in
1048 6243 1376 6317 Jaknbowiczc
1402 6240 1668 6333 Conynslry,
1694 6240 1807 6357 parci·

257 6369 309 6458 pit
323 6367 490 6439 decimam
504 6364 752 6457 manipularem
772 6366 1018 6438 monasterinm
1032 6364 1181 6437 Sanctae
1200 6361 1330 6451 Crucis,
1348 6365 1384 6433 et
1398 6360 1495 6432 valor
1509 6361 1583 6433 eius
1601 6360 1806 6464 aestimatur
