4217 8059
1642 1443 1824 1568 'aa

141 1732 147 1746 ·
270 1689 397 1763 ibidem
424 1689 465 1761 fit
489 1691 765 1782 septimanatim,
801 1693 967 1765 victualia
993 1694 1148 1782 poterint
1175 1695 1385 1766 commodius
1414 1699 1616 1788 procurari,
1656 1705 1760 1790 atque
1789 1704 1824 1773 in

197 1837 202 1849 ¹
270 1811 362 1883 dicto
389 1810 539 1888 Busemi
564 1812 776 1903 monasterio
803 1814 1025 1903 antiquorum
1052 1835 1229 1885 mumrum
1255 1815 1480 1888 fundamenta
1506 1817 1732 1892 mediocriter·
1755 1820 1825 1893 ele-

269 1937 351 2005 uata
375 1933 580 2023 mnsnmnt,
598 1952 651 2014 ¹eu
677 1946 745 2023 quo
772 1932 908 2005 facilius
925 1940 962 2005 et
980 1934 1137 2024 impensa
1163 1935 1297 2025 minori,
1326 1937 1456 2027 poterit
1482 1938 1584 2009 dictis
1612 1941 1822 2015 monialibus

269 2054 306 2127 in
332 2054 409 2144 ipso
435 2052 586 2143 Busensi
611 2054 823 2126 monasterio
864 2054 1026 2137 clausura
1052 2057 1265 2146 praeparari.
1309 2056 1515 2144 Praemissis
1542 2064 1578 2129 et
1604 2060 1683 2130 aliis
1710 2061 1833 2151 ipsum¹

157 2212 161 2218 ·
268 2175 359 2247 iuste
385 2175 615 2265 moventibus,
641 2195 719 2248 curn
746 2175 937 2249 attentione
964 2176 1074 2259 multa
1099 2177 1349 2269 consideratis,
1376 2178 1554 2268 praelatus
1581 2180 1740 2253 dominus
1767 2203 1823 2253 sa·

267 2314 347 2367 crae
364 2294 543 2385 religionis
557 2297 908 2386 praemonstratensis
926 2296 1060 2369 ordinis
1077 2297 1209 2368 zelator
1236 2298 1452 2388 praecipuus,
1480 2300 1581 2370 nobis
1603 2304 1678 2371 toto
1706 2302 1821 2373 cordis
1958 2306 1962 2317 '

268 2398 393 2489 affectu
421 2436 483 2508 per
510 2436 593 2497 suas
618 2417 756 2489 litteras
792 2399 981 2509 supplicat,
1018 2423 1058 2490 ut
1084 2438 1148 2508 pro
1176 2400 1355 2491 sedatione
1382 2420 1626 2491 scandalorum
1654 2429 1690 2492 et
1716 2423 1822 2494 bone-

266 2542 357 2609 state
390 2544 531 2617 nostrae
566 2534 745 2629 roligionis
772 2539 808 2611 in
835 2539 1045 2629 supradictis
1082 2539 1272 2612 inclusione
1308 2546 1345 2612 et
1382 2541 1611 2612 translatione
1648 2542 1821 2615 dictarum

268 2659 478 2751 monialium,
504 2660 548 2732 de
574 2659 710 2734 duobus
736 2658 957 2734 monasteriis
984 2661 1205 2753 supradictis,
1233 2662 1277 2734 ad
1305 2663 1552 2734 monasterium
1577 2663 1731 2736 Busense
1750 2666 1822 2755 ple-

267 2801 348 2853 nurn
374 2779 634 2873 perlectumque
660 2783 1049 2881 assensumpraebere,
1076 2784 1259 2875 omnaque
1278 2788 1314 2854 et
1331 2783 1477 2874 singula,
1506 2805 1595 2874 quae
1622 2783 1712 2855 lacta
1740 2793 1822 2857 sunt
1915 2848 1917 2852 .
1952 2849 1963 2863 ,

266 2901 636 2992 prodiciaclausura
662 2905 800 2976 eteius
827 2903 1069 2996 pertinentiis,
1096 2904 1140 2976 ad
1167 2904 1270 2978 finem
1297 2905 1453 2988 debitum
1480 2905 1710 2994 deducendis,
1737 2908 1822 2979 rati·

266 3024 378 3113 licare,
405 3036 538 3096 amnon
566 3025 771 3125 approbare,
798 3031 902 3116 atque
929 3024 1136 3098 confirmare
1162 3026 1394 3116 dignaremur.
1421 3025 1553 3097 Verum
1581 3027 1663 3116 quia
1690 3027 1821 3098 dudum

265 3165 331 3217 noa
356 3151 393 3217 ct
419 3151 575 3226 nostrum
603 3146 810 3238 capitulum,
837 3152 876 3218 ut
903 3153 1053 3249 quatuor
1088 3147 1300 3218 monasteria
1326 3147 1362 3218 in
1388 3168 1494 3223 unum
1525 3156 1822 3237 congregarentur
1894 3199 1899 3210 .

265 3265 301 3339 in
328 3265 582 3357 Vialiczia,
608 3269 674 3340 sub
700 3268 870 3357 clausura,
897 3267 1030 3340 scilicet
1052 3268 1221 3359 'Busensa
1249 3266 1645 3357 Imbramopvicze,
1673 3268 1821 3358 Krzy·
1952 3288 1959 3298 ·

265 3406 537 3479 aanpwyezc
571 3389 669 3465 etin
696 3389 1084 3482 Zwyerzynpeca,
1120 3390 1184 3461 sub
1212 3392 1410 3461 nostrarum
1436 3387 1635 3499 litterarum
1661 3390 1818 3461 testimo-

265 3507 325 3581 nie
359 3508 623 3599 praebuerimus
657 3502 856 3601 assensum,
896 3518 934 3584 et
963 3510 1212 3595 monasterium
1251 3511 1288 3581 in
1325 3509 1693 3602 Zwyerzynyccz
1733 3511 1820 3581 satis

265 3629 392 3719 pingue
417 3630 671 3721 proclausura
697 3632 931 3711 construenda
964 3630 1039 3703 lore
1066 3629 1285 3722 dinoscatur,
1323 3631 1357 3702 in
1385 3629 1714 3721 Vislicaiaqne
1750 3652 1820 3701 non
1924 3678 1928 3685 -

122 3756 125 3763 '
264 3744 435 3823 sitleam
468 3771 642 3843 congruns
678 3752 722 3824 ad
742 3753 998 3825 monasterium
1025 3752 1314 3843 construendum,
1349 3759 1493 3842 proptor
1529 3751 1621 3842 qrmd
1658 3751 1819 3823 dominus

223 3943 226 3947 .
263 3891 328 3943 rex
353 3879 583 3963 memoratuS,
618 3872 661 3953 de
688 3873 885 3946 huiusmodi
922 3880 1043 3946 nostro
1071 3881 1108 3946 et
1133 3874 1246 3946 nostri
1283 3871 1425 3964 capituli
1460 3873 1634 3962 generalis
1671 3893 1818 3944 assensu

264 3982 443 4083 praedicto
470 3993 657 4084 conlidens,
684 3994 909 4068 inclusionem
936 4002 973 4082 et
999 3995 1264 4068 translationem
1292 3999 1534 4085 praenotatas,
1571 3995 1680 4065 solum
1708 3994 1819 4107 Deum

264 4113 425 4187 babendo
447 4136 516 4208 pro
543 4116 662 4206 nemis,
688 4115 768 4188 lieri
792 4117 1022 4193 demandavit
1053 4115 1127 4189 Nos
1154 4118 1188 4187 in
1217 4117 1282 4188 bac
1308 4121 1419 4206 parte,
1446 4123 1612 4204 quantum
1640 4136 1715 4186 cum
1745 4115 1819 4203 Deo

154 4304 162 4315 ,
264 4254 456 4327 possumne,
482 4236 567 4309 dicti
594 4237 733 4310 Domini
759 4239 853 4328 regis
880 4238 1191 4329 supplicationibus
1218 4236 1455 4309 favorabiliter
1483 4236 1647 4325 inclinati,
1676 4236 1818 4318 ordina·

265 4357 388 4447 umus,
415 4358 453 4429 et
477 4378 541 4449 per
566 4364 770 4449 praesentes
796 4359 1016 4449 ordinamus,
1042 4360 1134 4450 quod
1162 4378 1300 4429 sorores
1327 4357 1616 4429 monasteriorum
1646 4357 1819 4446 Busensis,

264 4475 646 4569 Imbramowycze
674 4485 711 4551 et
736 4479 1131 4570 Krzyzanowicze
1157 4480 1269 4550 nostri
1296 4478 1646 4568 praemonstratensis
1674 4477 1816 4567 ordinis,

243 4598 303 4669 'in
329 4600 541 4672 monasterio
574 4601 720 4673 Busensi
756 4620 833 4672 oum
868 4600 985 4697 rigore
1021 4603 1217 4693 opportuno
1244 4596 1297 4699 'ad
1317 4597 1504 4669 ¹uitandum
1536 4597 1699 4668 scandala
1724 4597 1818 4670 clau-

262 4718 401 4810 dantur,
427 4742 471 4803 ne
497 4728 624 4792 exeant
650 4723 723 4793 sive
750 4722 976 4813 egrediantur
1007 4722 1137 4793 limites
1164 4720 1324 4811 claustri,
1360 4719 1426 4791 nisi
1453 4726 1558 4809 prout
1596 4717 1818 4789 dictaverunt

263 4841 377 4913 nostri
403 4841 536 4915 ordinis
562 4843 736 4932 instituta3
762 4851 799 4915 et
825 4840 962 4915 adiecta
987 4842 1208 4929 ordinatione
1235 4846 1450 4932 praenotata,
1477 4860 1581 4930 saepe
1608 4845 1817 4919 memoratas

263 4961 488 5035 inclusionem
515 4970 552 5036 et
578 4964 844 5037 translationem
871 4963 980 5037 iactas
1016 4985 1080 5055 per
1106 4963 1234 5035 dictum
1263 4963 1437 5034 dominnm
1466 4982 1602 5052 regem,
1638 4965 1675 5031 et
1701 4962 1818 5033 omnia
1856 4965 1858 4968 ’

264 5087 300 5155 et
325 5083 471 5174 singula,
510 5106 599 5176 quae
625 5092 726 5175 gesta
752 5092 835 5171 sunt
861 5086 954 5156 circa
979 5085 1139 5175 easdem,
1178 5083 1340 5156 videlicet
1365 5083 1679 5172 incorporationem
1707 5083 1817 5172 partis

263 5203 444 5296 bonorum,
471 5208 726 5296 possessionum
754 5213 790 5279 et
812 5207 1026 5278 'diuitiarum
1045 5205 1216 5277 dictorum
1247 5204 1394 5275 duorum
1422 5203 1712 5274 monasteriorum
1740 5204 1816 5272 lm-

264 5325 586 5419 bramowycze-
604 5336 641 5400 et
666 5327 1083 5427 Kpppaanowycze,
1115 5348 1180 5418 pro
1208 5327 1462 5399 sustentatione
1488 5324 1658 5396 dictarum
1687 5325 1817 5394 monia-

264 5446 348 5519 lium
383 5448 634 5520 translatarum
668 5418 980 5543 iffssii'lopaalprium
1011 5448 1185 5536 Busense,
1226 5467 1290 5538 pro
1325 5445 1459 5519 fabrica
1493 5450 1529 5516 et
1556 5445 1816 5516 constructione

264 5566 349 5639 dicti
375 5570 578 5641 monasterii
605 5548 972 5671 Buaenalapsul'n'factn
1000 5575 1037 5641 et
1063 5567 1293 5640 effectualiter
1319 5566 1362 5638 de
1389 5566 1565 5656 praesenti
1602 5565 1715 5635 dictae
1743 5585 1816 5634 mo-

265 5688 374 5761 niales
408 5698 490 5763 sunt
524 5691 735 5780 translatae,
757 5684 1084 5789 ‚intermarationem
1121 5689 1259 5780 quidem
1286 5688 1466 5775 bonorum,
1494 5687 1749 5777 possessionum
1779 5691 1815 5755 et

264 5809 476 5883 decimarum
503 5812 704 5884 monasterii
730 5810 774 5883 de
798 5809 1202 5902 Imbramowycze,
1229 5809 1362 5881 scilicet
1389 5809 1559 5880 villarum:
1587 5808 1816 5895 Brresno,

262 5929 505 6005 Dambowa
539 5933 714 6024 Lanka,
750 5931 1163 6023 Sczepanowycze,
1197 5953 1238 6002 ac
1265 5931 1476 6003 decimarum
1502 5929 1752 6000 frumentorum
1781 5926 1815 5996 in

263 6049 593 6149 Gyedlcza,·in
621 6054 857 6140 Tsczicaa,
898 6053 934 6122 in
975 6051 1100 6124 Nova
1140 6051 1322 6143 Wyesz,
1363 6053 1398 6121 in
1439 6049 1739 6121 luanowicce
1780 6054 1816 6117 et

263 6172 632 6265 Praestanszko,
657 6181 696 6246 et
721 6174 923 6249 monasterii
950 6172 1362 6262 Krzyzanowicae,
1400 6169 1562 6240 videlicet
1589 6172 1738 6259 quatuor
1765 6169 1816 6258 pi·

263 6298 437 6369 sectorum
465 6302 501 6367 et
527 6296 645 6367 allodii
673 6317 840 6385 sororum,
867 6315 1000 6367 necnon
1028 6292 1188 6362 villarum
1216 6292 1509 6381 Glycianow,
1536 6288 1756 6362 Sarbkow
1775 6295 1818 6362 'et

263 6413 448 6507 (lomaly
458 6437 496 6506 e,
522 6416 713 6505 laudamus,
739 6416 960 6506 indicamus,
987 6414 1229 6505 approbamus,
1246 6419 1283 6483 et
1300 6413 1509 6503 auctoritate
1526 6418 1649 6523 rastra
1672 6419 1819 6502 paterna
1941 6513 1943 6517 v
