4217 8059
237 1497 343 1568 -50

401 1703 571 1793 Βιιιιιιι,
598 1701 682 1773 villa
708 1701 772 1772 sub
799 1701 966 1792 parochia
992 1701 1157 1773 ecclesiae
1184 1700 1303 1774 Sancti
1330 1701 1453 1773 Jacobi
1471 1701 1514 1773 de
1532 1702 1794 1773 Oasimiria·
1814 1708 1850 1774 et

296 1832 390 1898 retro
417 1803 569 1895 montem
600 1823 896 1895 Lassotinum
925 1843 1046 1894 versus
1074 1822 1342 1914 Wyeliczka
1369 1824 1447 1911 sita,
1475 1824 1574 1894 cuius
1601 1825 1798 1914 proprietas
1817 1831 1853 1894 et

297 1946 483 2018 dominium
511 1944 556 2016 ad
585 1944 756 2034 hospitale
783 1943 816 2014 S.
842 1943 1003 2034 Spiritus
1020 1945 1057 2014 iu
1084 1942 1314 2015 Gracovia
1339 1945 1501 2034 pertinet.
1529 1944 1569 2015 Iu
1597 1965 1667 2035 qua
1682 1952 1768 2015 suut
1787 1965 1848 2015 sex

300 2069 391 2139 lanei
418 2067 671 2157 methurides,
699 2067 781 2136 itern
808 2087 877 2136 una
902 2067 1068 2155 taberna,
1095 2067 1179 2136 item
1205 2066 1442 2156 bortulauiae,
1470 2066 1512 2136 de
1540 2066 1665 2157 quibus
1694 2067 1853 2138 omuibus

269 2208 273 2214 ’
295 2189 445 2260 solvitur
473 2188 606 2259 decima
633 2187 858 2276 manipularis
885 2194 921 2258 et
948 2188 1124 2277 canapalis
1142 2207 1206 2276 pro
1226 2187 1427 2276 episcopatu
1446 2184 1677 2278 cracoviensi,
1697 2195 1733 2259 et
1752 2187 1852 2260 valor
1980 2206 1988 2214 ·

295 2312 371 2384 aius
399 2311 523 2382 ad...
544 2310 657 2380 .Item
685 2315 767 2380 suut
791 2310 827 2379 in
855 2309 949 2380 dicta
976 2310 1060 2380 villa
1086 2310 1193 2399 aliqui
1221 2310 1296 2400 agri
1324 2317 1361 2380 et
1387 2311 1520 2400 aliquot
1546 2310 1663 2399 pecias
1691 2329 1853 2402 agrorum

294 2439 375 2522 post
400 2433 583 2502 tabernam
604 2431 643 2501 iu
671 2430 932 2519 Bascauda,
960 2430 1003 2502 de
1031 2432 1156 2520 quibus
1183 2431 1375 2502 decimatur
1401 2431 1566 2520 hospitali
1593 2430 1740 2502 Sanctae
1767 2429 1854 2502 Cru-

283 2555 346 2625 'cis
374 2554 409 2623 in
437 2552 675 2641 Gracovin,
700 2552 861 2623 etvalor
886 2553 962 2621 eius
989 2553 1196 2623 aestimatur
1222 2552 1266 2623 ad
1293 2551 1442 2623 mediam
1468 2572 1629 2623 marcam.
1667 2551 1855 2623 Rzanka
1986 2594 1989 2603 ·

297 2677 446 2745 taberna
473 2672 604 2744 habeus
631 2694 735 2762 agros
762 2677 798 2743 et
824 2680 936 2763 prata,
963 2695 1033 2744 non
1060 2674 1105 2744 ad
1131 2668 1382 2769 proprietatem
1409 2673 1603 2764 hospitalis,
1629 2673 1691 2745 sed
1710 2673 1755 2744 a'd
1773 2694 1853 2763 pro-

237 2872 243 2881 ,
297 2796 480 2892 prietatem
508 2794 624 2865 clerici
651 2794 694 2864 de
721 2793 853 2883 capella
884 2792 1299 2865 Schaffranczonis
1327 2794 1488 2884 pertinet3
1518 2795 1556 2864 iu
1587 2795 1733 2865 ecclesia
1765 2792 1849 2864 (lra-

299 2918 462 3006 ooviensi‚
490 2922 525 2987 et
539 2916 656 2986 soluit
683 2915 795 2986 eidem
826 2898 967 2986 clerico
981 2936 1044 3005 pro
1073 2936 1177 2986 ceusu
1318 2917 1414 2986 Item·
1434 2937 1476 2986 ex
1504 2915 1692 3005 praedictis
1720 2914 1854 2986 duabus

298 3038 401 3126 uillis,
429 3037 590 3107 videlicet
616 3035 839 3125 Wolya-et
864 3036 1049 3107 Rzaulra
1076 3037 1285 3126 proveniunt
1311 3035 1429 3108 decem
1457 3043 1493 3107 et
1511 3043 1589 3108 octo
1608 3030 1744 3108 marcae
1763 3057 1854 3108 corn-

299 3159 414 3229 munis
449 3158 615 3247 pecuniae
643 3151 694 3227 'de
730 3178 835 3227 cerrsu
871 3157 1011 3227 annuali
1021 3214 1033 3248 ,v
1067 3157 1111 3227 de
1146 3159 1270 3247 quibus
1307 3159 1406 3228 iuxta
1432 3157 1685 3230 ordinationem
1713 3159 1855 3228 relictae

300 3280 382 3358 olim
412 3271 577 3350 Otthouia
604 3278 647 3349 de
675 3276 845 3369 Pylcza
871 3272 1054 3349 solvuntur
1081 3285 1230 3367 quatuor
1261 3289 1338 3350 curn
1359 3278 1471 3350 media
1489 3299 1626 3350 marcae
1644 3279 1856 3351 monasterio

282 3399 484 3489 <hospitalis
520 3399 668 3471 Sanctae
704 3398 861 3470 Crucis
852 3420 887 3469 ru
914 3399 1154 3471 Oracovia
1190 3402 1280 3470 item
1306 3400 1349 3471 de
1376 3401 1496 3472 eodem
1524 3421 1647 3491 censu,
1674 3398 1857 3472 solvuntur

207 3608 211 3618 Β
302 3522 393 3591 aliae
420 3527 569 3610 quatuor
600 3541 677 3590 cum
714 3519 827 3590 media
855 3540 925 3610 pro
939 3521 1136 3624 infirmis
1126 3542 1162 3590 ιιι
1188 3521 1353 3611 hospitali
1379 3520 1620 3601 cracoviensi
1648 3542 1710 3592 seu
1738 3521 1856 3592 Sancti

302 3642 454 3732 Spiritus
481 3640 707 3730 degentibus3
734 3640 895 3711 residuae
923 3662 1005 3711 vero
1032 3662 1155 3714 novem
1183 3662 1320 3741 marcae
1347 3642 1527 3726 solvuntur
1554 3664 1618 3733 pro
1646 3642 1856 3714 monasterio

201 3857 205 3865 Ι
302 3770 339 3834 et
357 3769 535 3833 conventu
562 3761 729 3849 fratrum·
745 3769 782 3831 et
809 3782 880 3853 pro
895 3760 1082 3833 infirmia
1072 3785 1117 3833 ru
1135 3735 1329 3852 hospitali
1320 3785 1355 3833 m
1374 3763 1614 3835 Lauczuth
1641 3763 1858 3854 degentibus

271 3860 275 3868 ¹
407 3883 679 3970 Ounnwanow,
707 3882 790 3952 villa
826 3883 892 3955 sub
918 3883 1086 3972 parocbia
1112 3884 1276 3954 ecclesiae
1303 3883 1420 3955 Sancti
1446 3884 1577 3956 Jacobi
1596 3885 1640 3956 de
1667 3882 1857 3955 eusimi-

303 3971 388 4076 ria
401 4006 487 4093 sita,
514 3990 611 4074 caius
647 4004 845 4114 proprietas
868 4011 908 4073 et
934 4004 1128 4075 dominium
1151 4005 1196 4075 ad
1222 4006 1471 4075 monasterium
1498 4005 1682 4095 hospitalia
1708 4002 1857 4077 Sanctae

276 4126 459 4220 ¹(lrucis
450 4148 486 4195 ιιι
514 4132 613 4215 parte
640 4106 801 4213 pertinet.
778 4125 869 4194 tln
890 4143 973 4214 qua
992 4146 1061 4195 uon
1089 4132 1176 4196 sunt
1198 4126 1289 4199 lanei
1317 4126 1559 4214 cmethonale's‚
1588 4125 1649 4223 sed
1665 4105 1758 4199 aaut
1780 4126 1859 4198 tan'-
1947 4188 1955 4203 .

305 4247 481 4320 tummodo
518 4267 595 4316 sex
615 4245 792 4316 hortulani
821 4245 996 4316 habentes
1034 4266 1155 4336 agros,
1182 4253 1219 4316 et
1254 4246 1401 4336 quilibet
1433 4218 1658 4337 hortulanus?
1662 4232 1771 4347 aalma
1794 4248 1880 4347 ιη’
1903 4288 1923 4319 a

306 4389 412 4439 censu
443 4369 656 4439 monasterio
693 4366 840 4436 Sanctae
876 4366 997 4437 Crucis
1032 4387 1135 4437 unam
1168 4386 1318 4449 marcam
1346 4362 1556 4459 ὃοιιιιιιιιιιιιι
1569 4368 1636 4441 de
1650 4366 1735 4467 ιιι
1727 4326 1971 4483 man-,eff

305 4510 411 4560 censu
438 4509 570 4559 annuo
579 4509 658 4561 sex
666 4507 870 4578 marcarum,
898 4489 1146 4559 monasterium
1174 4484 1357 4577 hospitalis
1384 4472 1532 4577 Sanctae
1558 4470 1705 4561 cruam
1688 4458 1860 4587 turibula·
2019 4574 2028 4592 Ι

201 4663 204 4668 -
306 4611 418 4689 modo
436 4611 565 4682 tollit
556 4632 591 4680 ru
620 4629 723 4680 suam
744 4617 886 4680 sortem·
901 4615 937 4678 et
963 4611 1212 4703 proprietatem
1238 4614 1312 4680 tres
1339 4620 1484 4699 marcas,
1510 4614 1584 4681 tres
1610 4606 1702 4680 duim
1724 4602 1859 4700 timeas

308 4732 459 4804 reddunt
484 4752 604 4802 monas
606 4732 695 4801 terio
723 4729 975 4818 (izirzictensi¹
988 4730 1130 4799 ratione
1153 4750 1275 4800 census
1301 4731 1447 4820 terragii
1474 4731 1571 4819 regii.
1598 4729 1714 4800 Item
1703 4749 1746 4826 ιιι
1752 4718 1860 4821 prde-

309 4854 403 4923 dicta
438 4852 521 4924 villa
558 4851 663 4922 habet
690 4851 938 4926 monasterium
969 4849 1122 4921 Sanctae
1147 4840 1269 4923 Gracia
1296 4851 1475 4941 praedium
1504 4852 1654 4942 propriis
1681 4822 1860 4922 laboribus

306 4974 450 5060 cultum,
478 4972 521 5042 de
549 4973 674 5060 quibus
701 4949 844 5044 solvunt
859 4971 1034 5042 decimam
1061 4971 1324 5081 manipularem
1339 4973 1510 5042 ecclesiae
1532 4971 1648 5042 Sancti
1676 4969 1835 5042 Jacobi
1826 4992 1861 5041 ru
1921 5029 1923 5032 .

297 5093 561 5165 Casimiria
587 5081 837 5182 mansionariis,
863 5113 932 5163 una
958 5113 1036 5164 curn
1063 5093 1271 5165 hortulauiis
1299 5096 1386 5184 seia·
1383 5094 1494 5166 cuius
1521 5094 1620 5164 valor
1638 5092 1689 5163 ad
1709 5099 1860 5181 quatuor
1934 5139 1941 5151 ,

312 5236 455 5286 marcas.
488 5214 579 5308 'Item
607 5216 642 5284 in
671 5216 790 5285 eadem
818 5215 909 5286 villa
927 5216 1175 5295 monasterium
1198 5213 1351 5286 Sanctae
1378 5213 1499 5285 Crucis
1526 5215 1634 5295 babet
1660 5222 1733 5284 tres
1760 5213 1863 5302 pisci-

314 5338 433 5416 culus·
453 5336 547 5407 -Item
575 5337 792 5407 hortulauiae
819 5335 995 5426 praelatae
1023 5337 1067 5406 de
1094 5338 1188 5426 agris
1215 5338 1287 5407 auis
1314 5337 1453 5408 solvunt
1479 5336 1647 5407 decimam
1673 5335 1865 5424 manipula-

304 5481 405 5547 rem,
432 5479 495 5548 pro
531 5458 774 5531 mansionariis
809 5457 927 5565 Sancti
963 5456 1094 5528 Jacobi.
1131 5457 1218 5528 Item
1256 5478 1319 5547 pro
1355 5457 1458 5528 altari
1485 5457 1690 5528 Natiuitatis
1716 5454 1864 5526 Sanctae
1924 5445 1933 5454 ‘'

274 5657 281 5671 q
313 5579 457 5668 Mariae,
485 5579 575 5668 quod
602 5586 724 5649 tenent
752 5548 871 5649 vicarii
898 5578 1164 5668 Oracovieuses‚
1191 5585 1274 5649 snut
1299 5579 1348 5692 ibi
1375 5584 1523 5669 quatuor
1548 5572 1644 5648 lanei
1666 5576 1865 5653 cmethona-

314 5703 375 5791 les,
402 5706 437 5770 et
464 5700 610 5789 quilibet
637 5701 741 5770 solvit
768 5701 907 5771 vicariis
933 5721 997 5788 pro
1025 5721 1129 5770 ceusu
1156 5720 1258 5770 unam
1287 5720 1447 5790 marcam,
1476 5706 1619 5790 quartus
1646 5718 1748 5770 unam
1767 5718 1866 5768 sexa-

250 5813 263 5870 J
314 5844 448 5912 genam.
499 5822 589 5891 {torn
626 5822 794 5891 decimam
835 5821 877 5891 de
912 5820 1033 5891 iisdem
1071 5823 1166 5910 agris
1201 5821 1341 5892 solvunt
1376 5821 1566 5892 ecclesiae
1577 5828 1613 5891 et
1647 5818 1840 5909 plebano
1831 5839 1867 5888 ru

100 5999 103 6003 r
226 6041 228 6045 Α
313 5943 564 6035 Droginya.
592 5941 751 6014 Confluat
777 5937 854 6015 curn
881 5942 1052 6013 villis..-.
1113 6013 1116 6018 .
