4217 8059
1750 1474 1819 1544 185

272 1714 417 1765 marcas.
443 1694 531 1764 Item
559 1690 705 1781 quilibet
732 1689 868 1761 cmetlro
896 1687 956 1758 dat
982 1690 1133 1775 quatuor
1158 1683 1289 1755 culmos
1316 1682 1447 1773 canapi.
1474 1681 1568 1755 ltcm
1588 1678 1822 1751 molendinum

273 1822 327 1886 eat
354 1816 413 1904 ibi,
439 1820 476 1885 et
503 1813 609 1889 solvit
635 1831 738 1882 unam
777 1830 856 1882 cum
882 1808 997 1879 media
1023 1827 1158 1877 marcas
1184 1826 1248 1895 pro
1275 1825 1389 1875 censu.
1433 1798 1593 1874 Ooufinat
1620 1821 1697 1872 cunr
1725 1800 1824 1871 Thi-

164 2016 166 2021 ,
211 1978 213 1982 .
273 1956 435 2027 specu,
464 1931 847 2023 Szmyerdzacaa‚
875 1928 1144 2019 Ceyowicze
1168 1930 1207 1996 et
1233 1924 1415 1995 Raczua
1440 1930 1477 1995 et
1504 1922 1696 2027 Lyszliy.

271 2103 274 2108 -
378 2054 629 2142 Ozauowrcza
657 2052 740 2125 villa
766 2052 830 2123 sub
858 2049 1023 2141 parocbia
1046 2047 1094 2119 de
1120 2046 1353 2138 Tbiuyecz
1388 2047 1476 2134 aito,
1501 2046 1600 2117 cuius
1627 2046 1824 2136 proprietas

274 2177 320 2249 ad
347 2176 594 2248 monasterium
622 2173 848 2244 Thincziense
874 2170 1036 2260 pertinet
1063 2149 1103 2238 ln
1129 2188 1200 2258 qua
1221 2174 1303 2238 sunt
1321 2166 1540 2238 hortulaniae
1558 2188 1630 2256 sex,
1647 2188 1716 2238 non
1735 2168 1826 2238 lanei
1859 2222 1863 2229 .

276 2295 520 2383 cmethonales,
544 2300 583 2364 et
608 2293 786 2382 quaelibet
811 2290 916 2362 solvit
942 2289 1030 2361 duos
1055 2307 1206 2377 grossoa
1233 2308 1339 2358 unum
1367 2287 1458 2357 diem
1485 2287 1630 2377 laborat
1659 2289 1741 2359 item
1759 2291 1826 2361 ora

276 2418 413 2505 decem,
449 2416 532 2486 item
568 2413 679 2503 gallos
715 2403 820 2501 duob,
848 2411 931 2483 item
958 2429 1078 2481 caseos
1105 2408 1211 2497 dnos;
1247 2409 1329 2479 item
1356 2408 1518 2479 laborant
1544 2408 1631 2479 duos
1658 2409 1732 2480 dies
1759 2430 1826 2480 uon

277 2537 413 2628 pedites
440 2537 474 2607 iu
502 2534 706 2625 septimana,
733 2531 794 2602 md
821 2551 936 2619 eumn,
963 2537 1000 2600 et
1023 2525 1157 2601 ducunt
1183 2528 1306 2618 ligna3'
1323 2529 1406 2600 item
1434 2548 1497 2617 pro
1518 2527 1667 2622 pomobo
1694 2533 1828 2601 metunt

280 2657 432 2747 quinque
458 2654 618 2726 cassulaev
642 2654 676 2725 iu
704 2651 904 2739 frumeutis3
931 2650 1015 2721 item
1034 2670 1185 2744 oaszpqm
1212 2649 1299 2720 item·
1313 2650 1461 2721 taberna
1479 2670 1548 2720 nna
1566 2651 1697 2722 habens
1716 2671 1828 2740 agros,

280 2797 369 2867 quoe
395 2776 501 2849 solvit
534 2796 600 2865 pro
627 2794 758 2845 censu.
777 2827 784 2842 .
802 2826 811 2843 .
830 2795 857 2861 .;
883 2771 967 2844 item
994 2769 1190 2860 hortulani,
1218 2771 1300 2841 item
1327 2771 1507 2860 praedium
1535 2772 1733 2842 coenobiale
1761 2794 1829 2844 non

280 2903 335 2970 est
359 2897 418 2969 ibi.
444 2897 531 2968 Item
559 2917 677 2967 omnes
706 2895 782 2985 agri
809 2893 911 2966 villae
937 2892 1078 2965 solvunt
1104 2892 1271 2964 decimam
1299 2892 1547 2982 manipularem
1566 2900 1603 2965 et
1620 2895 1830 2986 canapalem,

280 3025 316 3090 et
342 3018 539 3090 conducunt
565 3038 629 3107 pro
656 3017 857 3107 episcopatu
884 3013 1125 3103 ermaricus,
1152 3020 1190 3085 et
1214 3013 1313 3086 valor
1338 3014 1414 3086 eius
1440 3016 1645 3087 aestimatur
1670 3017 1714 3086 ad
1741 3017 1828 3089 duas

187 3220 192 3230 p
281 3159 415 3212 marcas
450 3160 515 3229 pro
547 3160 616 3211 una
650 3137 837 3209 medietate
865 3136 986 3225 villae,
1013 3135 1126 3207 alteru
1149 3140 1266 3206 autem
1294 3135 1463 3207 medietas
1490 3137 1593 3207 villae
1621 3138 1725 3208 solvit
1752 3158 1827 3209 earn

281 3260 448 3359 eeclesiae
474 3258 664 3350 parochiali
691 3259 725 3328 in
754 3256 1048 3344 Morawicso3
1075 3256 1174 3328 valor
1200 3254 1289 3327 duae
1315 3276 1460 3329 marcae.
1487 3255 1647 3328 &uiuat
1664 3277 1740 3328 cum
1762 3258 1832 3329 Ye-

281 3359 506 3471 sae-aiibi,
531 3379 722 3467 Raczna,
749 3377 970 3468 Pyeliary.
1841 3380 1873 3391 ’·

385 3496 561 3590 moran,
588 3499 671 3570 villa
705 3499 770 3570 sub
797 3498 963 3588 parocbia
993 3498 1037 3569 de
1064 3496 1298 3587 Tliinyecz
1326 3499 1412 3588 sita,
1440 3499 1537 3570 ouius
1563 3501 1761 3590 proprietas
1788 3501 1832 3572 ad

282 3610 532 3697 neumaiam
567 3620 793 3692 Tbiuom‘ensc
827 3619 991 3709 pertinet
1026 3616 1066 3689 ln
1094 3639 1162 3709 qua
1188 3625 1270 3691 suut
1296 3640 1358 3692 sex
1384 3620 1474 3692 lanei
1503 3621 1737 3692 cmethonales
1764 3643 1834 3694 nna

283 3747 494 3837 mmai
520 3742 667 3833 quilibet
700 3740 806 3813 solvit
841 3739 884 3812 de
910 3739 1045 3813 duobus
1072 3739 1181 3813 laneis
1207 3760 1271 3831 pro
1298 3761 1403 3812 censu
1430 3742 1587 3813 undecim
1616 3748 1764 3833 scottos,
1791 3744 1835 3815 de
1939 3800 1950 3818 ,

284 3842 535 3964 αἰίῌΰδῖιιιε
569 3883 633 3953 per
668 3860 784 3933 decem
821 3865 970 3950 scottos,
997 3860 1040 3933 de
1062 3861 1197 3956 quinto
1228 3861 1377 3933 mediam
1405 3880 1575 3951 marcam3
1602 3870 1639 3935 et
1665 3864 1707 3935 de
1735 3871 1834 3936 sexto
1850 3840 1861 3851 ‘⁵

183 3978 185 3983 ’
284 3984 470 4057 scoltetiali
497 3983 645 4056 mediam
672 4003 823 4055 marcam
849 3982 1000 4054 latorum
1025 4002 1246 4073 grossorum3
1273 3983 1355 4055 item
1383 4004 1450 4056 ora
1476 3984 1707 4074 quadraginta
1734 3986 1834 4076 qnin-

156 4112 160 4119 ’
286 4125 363 4196 qne,
389 4105 472 4176 item
497 4103 610 4195 gallos
636 4103 869 4194 quadraginta
894 4108 977 4193 aaa
997 4103 1080 4174 item
1099 4122 1218 4175 caseos
1236 4102 1430 4194 quindecim
1448 4111 1605 4193 prototo
1623 4106 1724 4194 villa3
1750 4108 1835 4178 item

287 4224 448 4297 laborare
474 4245 542 4297 non
570 4230 733 4296 tenentur
759 4243 865 4309 unum
891 4222 983 4294 diem
1010 4224 1046 4293 in
1065 4223 1258 4314 septimana
1275 4223 1464 4313 pedestres,
1483 4224 1545 4295 sed
1563 4231 1725 4297 tenentur
1743 4228 1838 4318 ligna

249 4336 254 4344 ’
287 4350 324 4416 et
351 4345 478 4416 robora
503 4344 695 4417 conducere
722 4364 786 4434 pro
813 4344 1025 4415 monasterio
1052 4344 1158 4414 varia
1184 4343 1273 4414 Item
1300 4362 1363 4433 pro
1383 4342 1533 4437 powobo
1555 4345 1715 4418 laborant
1734 4368 1837 4437 agros

238 4481 251 4496 ·
287 4462 446 4559 musyum,
471 4486 560 4556 quos
586 4470 749 4537 tenentur
775 4483 887 4553 arare,
914 4463 1096 4552 seminare,
1119 4467 1261 4552 dicterio,
1284 4467 1322 4534 et
1348 4463 1541 4535 conducere
1564 4465 1746 4540 bumentia
1765 4442 1849 4539 mo?

191 4639 193 4643 -
288 4586 442 4657 nasterii.
468 4586 557 4657 ltem
583 4606 721 4681 oaszpcp
747 4605 817 4656 uon
843 4584 1002 4673 solvunt3
1028 4584 1110 4655 item
1138 4582 1284 4653 taberna
1310 4602 1380 4655 una
1396 4584 1529 4658 babens
1547 4605 1660 4678 agree,
1679 4594 1715 4660 et
1733 4588 1838 4661 solvit

287 4726 353 4796 pro
380 4726 484 4778 ceusu
511 4713 584 4778 tres
611 4726 755 4796 marcas,
781 4710 819 4778 et
844 4705 915 4777 tria
940 4702 1089 4794 prandia
1114 4702 1322 4775 iudiciorum
1348 4723 1572 4796 magnorum3
1607 4709 1691 4779 item
1717 4710 1842 4783 hortu-

289 4825 403 4898 lauiae
428 4833 512 4917 ires,
534 4827 628 4899 duae
655 4827 796 4899 solmmt
821 4843 885 4916 per
911 4844 972 4896 aas
997 4843 1148 4916 masos,
1173 4825 1281 4896 tertia
1306 4844 1429 4897 novem
1448 4833 1588 4920 scottos,
1606 4839 1643 4902 et
1661 4831 1747 4903 duos
1765 4832 1840 4905 dies

290 4947 326 5017 in
361 4948 553 5037 septimana
586 4947 757 5019 laborant.
797 4945 884 5017 Item
919 4944 1097 5035 praedium
1131 4946 1333 5019 coenobiale
1365 4952 1424 5019 cst
1458 4949 1525 5041 ibi,
1552 4950 1597 5021 de
1623 4952 1719 5023 cuius
1747 4954 1840 5044 agris

289 5068 535 5150 monasterium
561 5067 655 5140 tollit
680 5067 938 5155 decimampro
964 5084 1015 5137 se.»
1039 5065 1127 5137 Item
1154 5085 1274 5138 omues
1299 5067 1375 5158 agri
1393 5068 1496 5141 villae
1515 5071 1654 5145 solvunt
1672 5074 1840 5147 decimam

291 5188 550 5279 manipularem,
576 5195 614 5260 et
638 5187 833 5259 conducunt
850 5185 1047 5276 cauapalem
1066 5206 1131 5276 pro
1149 5188 1370 5280 monasterio,
1387 5210 1535 5281 granum
1554 5193 1678 5285 dando,
1697 5197 1843 5286 quilibet

292 5306 475 5381 demedio
511 5309 612 5381 laneo
647 5328 750 5379 unam
785 5327 983 5379 mensuram
1008 5307 1128 5378 tritici.
1167 5307 1256 5380 item
1282 5328 1367 5401 ager
1391 5311 1505 5386 dictus
1536 5312 1725 5407 Canthi,
1752 5318 1839 5390 alias

291 5428 601 5520 Dambroaky,
627 5429 776 5522 quilibet
798 5433 990 5502 convenior
1016 5428 1122 5500 solvit
1147 5449 1252 5511 uuam
1278 5450 1496 5524 sexagenum.
1522 5437 1609 5507 Item
1637 5438 1783 5529 quilibet
1799 5439 1843 5511 de

293 5550 392 5622 laneo
419 5550 524 5623 solvit
550 5570 614 5641 pru
633 5550 781 5641 plebano
800 5549 835 5619 in
854 5548 1086 5640 Thiuyecz
1111 5571 1252 5622 immac.
1278 5552 1367 5624 Item
1386 5574 1504 5628 omnes
1523 5558 1723 5630 cmetbones
1741 5559 1844 5635 villae

292 5675 456 5743 tenentur·
489 5691 554 5761 pro
589 5670 677 5744 festo
713 5669 876 5743 Paschae·
895 5669 980 5742 dare
1006 5690 1111 5742 unam
1138 5690 1281 5762 pernam
1308 5672 1416 5766 lardi,
1443 5684 1506 5748 aut
1532 5698 1637 5750 nuum
1663 5680 1843 5773 fertonem,

291 5798 329 5863 et
356 5792 539 5866 cervisiam
567 5792 702 5866 solvere
730 5791 844 5863 tribus
869 5790 1015 5863 iudiciis.
1041 5790 1129 5862 Item
1156 5791 1317 5865 scoltetia
1342 5801 1397 5867 est
1422 5797 1458 5867 in
1486 5798 1606 5870 eadem
1633 5801 1725 5874 villa.
1753 5801 1843 5875 Oen·

293 5912 378 5986 fiuat
403 5933 482 5987 cum
508 5912 856 6015 Guiruyechorr,
883 5909 1019 5981 Nowa
1045 5932 1201 6003 wyesz,
1227 5911 1720 6014 Przcgyn.ya,Lyszky,
1739 5923 1844 6014 Pye-
1934 5909 1936 5913 ⁴

292 6035 418 6127 kary,
444 6034 742 6124 Yeszerzany
768 6039 806 6104 et
832 6029 1140 6120 quyowicze.

323 6157 349 6181 ·'
396 6156 689 6245 aminnium,
723 6153 806 6226 villa
838 6153 905 6224 sub
941 6152 1107 6242 parochia
1142 6154 1310 6227 ecclesiae
1334 6156 1380 6228 de
1406 6158 1437 6229 L
1444 6163 1589 6256 yszliy
1622 6164 1710 6256 sita,
1746 6149 1843 6241 cuius

291 6280 489 6370 proprietas
515 6278 560 6350 ad
586 6276 834 6349 monasterium
861 6273 1086 6345 Thincrieuse
1113 6275 1272 6364 pertinet
1303 6276 1343 6346 ln
1367 6298 1440 6369 qua
1466 6289 1547 6353 sunt
1574 6285 1724 6377 quinque
1750 6288 1843 6363 lanei
1921 6271 1923 6275 ⁵

292 6404 328 6472 et
353 6420 422 6473 uria
444 6404 573 6490 quarta
597 6395 841 6484 cmethonales,
857 6400 894 6466 et
911 6394 1058 6485 quilibet
1074 6395 1181 6466 solvit
1198 6414 1263 6484 pro
1280 6411 1386 6467 censu
1403 6420 1526 6473 norem
1545 6413 1677 6479 scottos
1695 6410 1845 6485 lotorum

396 6540 612 6582 mammona
947 6557 952 6565 ·
1640 6559 1681 6607 ῃ

221 6618 385 6725 'o
