4217 8059
296 1486 379 1561 31}

294 1716 359 1785 pro
395 1694 539 1767 ecclesia
574 1695 764 1785 parochiali
797 1694 944 1766 Sanctae
984 1694 1166 1767 Trinitatis
1201 1696 1239 1767 in
1264 1695 1584 1784 Zawicbosth,
1620 1701 1656 1766 et
1682 1695 1781 1768 valor
1805 1695 1853 1769 ad

175 1891 178 1897 ,
296 1816 414 1888 decem
441 1835 583 1886 marcas.
623 1814 722 1886 Hanc
749 1815 863 1886 villam
891 1822 989 1887 tenet
1023 1837 1116 1888 nunc
1141 1817 1335 1889 Stadislaus
1350 1816 1627 1908 wine-rsty,
1654 1808 1780 1889 nobilis
1806 1817 1853 1889 de

296 1937 398 2008 domo
424 1935 448 2006 J
458 1936 534 2007 ani
549 1957 603 2006 na
629 1936 954 2026 improprietatem,
981 1942 1017 2007 et
1035 1937 1141 2027 solvit
1167 1939 1379 2009 monasterio
1411 1937 1529 2009 Sancti
1557 1938 1720 2010 Andreae
1747 1958 1854 2010 unam

185 2036 190 2053 ²
296 2076 371 2127 cum
400 2056 514 2127 media
540 2076 694 2142 marcas;
726 2057 903 2129 abbatissa
930 2057 1020 2127 enim
1048 2058 1223 2129 servitrici
1249 2066 1286 2128 et
1312 2057 1427 2129 lotrici
1454 2059 1657 2129 monasterii
1683 2057 1852 2131 Gertrudi

297 2178 451 2248 consorti
486 2172 623 2265 K'lon,
658 2198 773 2268 aquo
809 2175 1033 2250 Glonowa
1059 2178 1310 2268 appellabatur,
1345 2178 1538 2250 donaverat
1567 2199 1644 2255 eam
1670 2184 1852 2270 perpetuo,

298 2298 362 2368 sub
389 2318 496 2369 onere
524 2318 649 2370 census
668 2284 845 2388 perpetui,
873 2300 976 2372 unius
1002 2319 1079 2370 cum
1098 2298 1212 2370 media
1238 2319 1393 2387 marcae,
1420 2299 1515 2370 satis
1533 2299 1627 2371 latae
1653 2305 1690 2370 et
1704 2299 1854 2388 iniuste,

300 2418 543 2508 praesentibus
560 2419 808 2506 monasterium
834 2419 928 2490 illam
955 2420 1091 2510 repetit,
1118 2426 1282 2511 tanquam
1310 2421 1439 2493 iniuste
1465 2420 1660 2491 alienatam.
1694 2418 1856 2491 &uiuat

300 2558 378 2610 cum
405 2538 498 2610 villis
523 2537 711 2629 Dzurow,
737 2538 916 2611 Winiari
943 2539 1112 2629 Minori,
1139 2540 1266 2632 oppido
1292 2540 1566 2629 Zawiobosth,
1592 2548 1629 2612 et
1645 2538 1854 2612 Uzirnino.
1904 2588 1919 2609 1
1982 2636 1985 2641 Ι

401 2657 601 2748 Pueuaar,
638 2659 720 2730 villa
746 2678 854 2750 prope
881 2658 1310 2751 Kopr'zywniozam‚
1337 2665 1376 2731 et
1403 2659 1468 2732 sub
1495 2660 1661 2750 parocbia
1685 2658 1854 2749 ecclesiae

298 2780 341 2851 de
358 2778 636 2852 Obrzaszow
663 2782 749 2870 sita,
776 2780 837 2852 sed
864 2781 950 2852 baec
977 2781 1061 2852 villa
1087 2781 1264 2852 abstracta
1291 2786 1328 2852 et
1345 2780 1496 2852 alienata
1522 2786 1578 2852 est
1604 2779 1855 2852 amonastorio

298 2900 415 2972 Sancti
444 2900 624 2990 Andreae,
651 2901 820 2972 incertum
849 2901 1037 2992 quomodo,
1062 2909 1099 2972 et
1124 2908 1223 2972 tenet
1249 2901 1284 2971 in
1312 2922 1365 2972 ea·
1379 2901 1539 2973 custodia
1565 2899 1857 2973 Sandomiriensis
1892 2908 1895 2913 '

301 3028 448 3111 quatuor
479 3021 598 3093 laneos
625 3021 878 3111 cmetbooales,
906 3029 942 3093 et
959 3042 1064 3093 unam
1091 3022 1272 3094 tabernam
1291 3022 1475 3094 habentem
1503 3043 1625 3112 agros3
1651 3023 1736 3093 item
1763 3021 1856 3093 vioe·

298 3141 456 3214 custodia
491 3141 782 3214 Sandomiriensis
823 3140 929 3214 habet
964 3143 1013 3215 ibi
1048 3148 1121 3213 tres
1157 3143 1275 3214 laneos
1309 3142 1565 3230 cmethonalas3
1601 3143 1686 3214 item
1721 3141 1857 3213 mmsis

298 3261 516 3352 praebendae
543 3261 850 3351 SandomiriensiS,
877 3284 966 3353 quae
993 3264 1120 3334 dicitur
1146 3262 1365 3353 Pyekarska,
1394 3264 1501 3335 babet
1526 3264 1575 3334 ibi
1596 3263 1689 3335 'duos
1715 3263 1855 3351 laneam

297 3383 394 3455 etde
411 3384 571 3455 omnibus
597 3383 763 3473 praefatis
782 3390 913 3474 septem
932 3384 1043 3455 laneis
1063 3383 1222 3459 custodis.
1234 3389 1271 3454 et
1286 3383 1526 3473 vicecustodis,
1542 3383 1702 3458 solvitur
1718 3383 1856 3454 demna

165 3506 171 3513 ’
254 3512 256 3516 ’
297 3504 526 3594 manipularis
552 3509 588 3575 et
606 3505 799 3595 campalis,
827 3510 863 3575 et
881 3504 1086 3577 conducitur
1111 3524 1176 3594 pro
1195 3504 1477 3576 archidiaconatu
1496 3503 1785 3597 Sandomiriensi,
1811 3502 1858 3575 de

297 3625 397 3696 laneo
424 3645 508 3697 vero
535 3625 705 3713 vicariae,
728 3625 880 3698 solvitur
906 3626 1040 3703 decima
1066 3624 1292 3717 manipulario
1319 3625 1431 3697 eidem
1458 3624 1617 3696 vicariae.
1650 3625 1745 3696 ltom
1770 3629 1859 3697 aaut

297 3746 346 3819 ibi
373 3745 442 3817 duo
478 3745 539 3816 alii
566 3744 734 3835 speciales
770 3744 880 3835 lanei,
916 3746 976 3835 qui
1002 3752 1105 3817 erant
1135 3744 1348 3835 praediales‚
1383 3751 1419 3816 et
1443 3751 1543 3817 tenet
1568 3765 1628 3817 eos
1654 3743 1858 3836 praebenda

301 3865 600 3959 Sandomiriensis,
628 3885 716 3955 quae
742 3864 870 3937 dicitur
897 3864 1117 3955 Pyakarska,
1144 3871 1180 3936 et
1197 3864 1303 3937 solvit
1329 3885 1469 3938 censum
1496 3872 1532 3937 et
1550 3865 1717 3938 decimam
1743 3866 1857 3937 maai·

297 3985 452 4075 pnlarem
480 4006 544 4075 pro
562 3984 764 4075 praebenda
789 3984 1003 4076 Pyelrarska.
1043 3986 1131 4059 ltem
1149 3985 1325 4077 praelatos
1351 3992 1427 4059 tres
1452 3985 1571 4058 laneos
1597 3986 1644 4058 ad
1662 3987 1859 4057 vinccasto-

297 4106 389 4178 diam
418 4106 733 4179 Sandomiriensem
759 4107 975 4197 pertinentes
1001 4126 1093 4179 auno
1119 4106 1258 4179 Domini
1277 4162 1285 4176 .
1304 4160 1311 4177 .
1330 4160 1365 4177 ..
1392 4107 1478 4178 emit
1504 4107 1548 4178 ab
1567 4107 1744 4180 abbatissa
1768 4136 1804 4176 .;
1823 4146 1862 4177 .e

342 4298 344 4303 .
400 4227 600 4317 Ozmmno,
620 4227 703 4299 villa
720 4228 784 4300 sab
803 4226 1153 4318 parocbia-ecclesiae
1172 4227 1216 4299 de
1232 4227 1355 4318 Gory
1374 4228 1455 4317 sita,
1482 4234 1522 4300 et
1534 4248 1603 4317 por
1620 4226 1859 4317 Boleslaun
1908 4223 1916 4236 '

297 4346 515 4420 Pudicam
541 4347 662 4419 ducem
690 4347 900 4420 monasterio
927 4348 1045 4421 Sancti
1068 4346 1231 4420 Andreae
1248 4349 1392 4437 donata,
1418 4349 1462 4420 ad
1481 4349 1733 4439 proprietatem
1759 4348 1855 4419 eins-

299 4469 376 4541 dcm
404 4470 606 4542 monasterii
641 4490 684 4559 pe
723 4471 730 4485 '
803 4491 829 4541 s.
869 4470 909 4540 lo
947 4491 1016 4561 qua
1041 4478 1125 4542 sunt
1160 4490 1220 4541 sex
1247 4470 1338 4540 lanei
1366 4470 1619 4559 cmethonales,
1642 4475 1680 4540 et
1705 4468 1858 4559 quilibet

298 4611 361 4680 pro
388 4610 495 4673 censa
522 4591 628 4663 solvit
653 4611 709 4661 mo
782 4590 860 4661 ibus
886 4611 991 4664 unum
1018 4591 1208 4679 fertonem,
1236 4591 1360 4680 viginti
1375 4604 1468 4679 ova,
1496 4590 1583 4661 dnos
1607 4590 1740 4680 gallos,
1766 4589 1858 4673 dnos
1945 4675 1951 4683 .

298 4733 426 4785 caseos.
476 4713 564 4784 Item
594 4711 719 4802 singuli
747 4713 965 4799 cmetbooes‚
1003 4718 1123 4799 arant,
1159 4718 1281 4801 serunt
1311 4732 1416 4801 agros
1442 4710 1637 4800 praediales
1666 4710 1793 4782 ibidem
1814 4710 1859 4781 :in

303 4832 514 4921 Gzirnin,
541 4840 579 4904 et
604 4838 681 4903 sata
708 4832 823 4903 omnia
850 4838 994 4919 metunt,
1021 4831 1210 4921 disponunt
1236 4832 1325 4902 etin
1344 4831 1506 4901 borreum
1533 4830 1733 4902 coenobiale
1759 4828 1861 4903 inda

174 5022 186 5049 ,
231 4966 237 4979 ’
298 4960 389 5025 cunt.
430 4954 515 5025 ltem
552 4961 607 5025 est
642 4952 820 5042 praedium
857 4951 1058 5023 coenobiale
1093 4960 1129 5022 et
1156 4953 1271 5040 curia,
1306 4951 1348 5021 de
1376 4952 1472 5023 cuius
1510 4953 1604 5041 agris
1639 4950 1724 5021 nulli
1751 4949 1859 5025 solvit

207 5096 213 5107 ·
299 5075 547 5161 monasterium
574 5074 759 5161 decimam,
797 5072 857 5144 sed
892 5092 967 5144 eam
995 5093 1059 5163 pro
1087 5094 1124 5145 se
1150 5073 1244 5144 tollit
1271 5078 1307 5143 et
1332 5073 1367 5143 in
1396 5073 1559 5143 horreum
1587 5093 1686 5145 suum
1714 5071 1857 5146 inducit.

297 5197 384 5267 Item
403 5195 571 5267 tabernae
597 5194 705 5283 duae,
732 5194 793 5265 sed
811 5215 879 5265 oon
897 5194 1029 5266 habent
1055 5215 1175 5284 agros,
1203 5201 1240 5265 et
1257 5193 1397 5265 solvont
1422 5214 1486 5283 pro
1505 5213 1609 5263 censu
1637 5213 1750 5263 annuo
1933 5262 1937 5267 .

296 5317 385 5388 Item
411 5296 640 5388 hortulaniae.
667 5316 755 5387 ltem
773 5336 841 5386 non
870 5315 1009 5386 solvunt
1035 5336 1180 5386 avenam
1207 5335 1326 5405 neque
1345 5315 1525 5405 siliginem.
1562 5313 1649 5386 ltem
1676 5315 1712 5390 in
1730 5313 1856 5390 eadem

297 5438 380 5511 villa
415 5442 498 5511 sunt
532 5437 642 5527 lanei,
679 5457 824 5528 quorum
860 5437 1058 5526 proprietas
1094 5436 1137 5506 ad
1173 5435 1302 5507 Lucam
1338 5436 1382 5506 de
1405 5435 1607 5524 Slupcze
1633 5435 1784 5507 nobilem
1811 5434 1858 5507 de

297 5560 399 5632 domo
426 5561 559 5643 Rawa
585 5560 746 5651 partinet.
786 5558 873 5628 ltem
892 5577 1012 5628 omnes
1038 5558 1115 5646 agri
1134 5557 1243 5627 totius
1270 5556 1373 5662 villae
1401 5556 1539 5627 solvunt
1560 5556 1868 5631 decimammani·

297 5681 471 5771 putarem,
511 5688 547 5753 et
574 5702 638 5772 per
663 5687 814 5772 quatuor
839 5680 979 5768 ierugas
1006 5677 1222 5768 canapalem,
1249 5676 1546 5749 archidiaconatui
1573 5677 1860 5766 Zawiobostonai‚

296 5810 332 5874 et
359 5808 525 5874 tenentur
551 5801 647 5872 illam
674 5798 874 5873 emethones
899 5800 1052 5889 propriis
1079 5799 1239 5870 curribus
1266 5798 1407 5885 ducere,
1435 5798 1469 5868 in
1489 5799 1651 5870 horreum
1680 5798 1724 5870 ab
1742 5797 1860 5871 ambi-

146 6010 150 6017 ,
204 5996 207 6003 ,
297 5923 442 5995 diacono
469 5920 741 5993 Zawiobostensi
769 5920 969 6008 locandum,
996 5919 1148 5991 etvalor
1175 5919 1250 5989 eius
1268 5919 1472 5989 aestimetur
1499 5918 1543 5988 ad
1563 5927 1693 6009 septem
1713 5938 1860 5991 marcas

239 6004 271 6093 ⁵⁶
302 6044 464 6115 Gonfinat
508 6063 584 6113 oum
621 6040 713 6112 villis
741 6040 953 6130 Garbow,
999 6046 1146 6131 utraque
1181 6038 1367 6110 Wioari
1404 6038 1577 6110 Maiori
1614 6046 1651 6110 et
1685 6039 1859 6113 Minori

266 6165 513 6254 Slupcza,
542 6162 675 6254 Gory.
1844 6216 1847 6221 -

145 6292 182 6365 r
198 6252 286 6423 ff
402 6285 584 6374 Danaen,
613 6283 695 6354 villa
713 6284 777 6355 sub
796 6282 961 6373 parocbia
979 6283 1145 6354 ecclesiae
1164 6282 1311 6352 Sanctae
1330 6281 1513 6354 Trinitatis
1532 6282 1574 6353 de
1592 6282 1860 6355 Zawicboatb

135 6446 148 6513 -υ
290 6398 385 6495 ba,
416 6412 458 6479 et
483 6426 547 6498 per
573 6405 841 6480 Boleslaum
877 6404 1095 6477 Pudi-com
1131 6402 1252 6474 ducem
1284 6406 1500 6483 monasterio
1537 6404 1657 6481 Sancti
1691 6403 1860 6493 Andreae
