4217 8059
1679 1469 1751 1539 117

208 1667 351 1739 Martini
389 1669 566 1757 advocati,
593 1690 682 1759 quaa
718 1671 823 1742 solvit
857 1672 1067 1743 monasterio
1093 1692 1154 1743 sex
1180 1692 1329 1761 grossos.
1369 1673 1457 1744 Item
1484 1673 1607 1764 quinta
1630 1673 1752 1746 domus

209 1795 263 1859 est
289 1789 412 1859 Jacobi
439 1789 602 1878 Panak,
630 1810 717 1879 quae
745 1791 849 1862 solvit
871 1793 1081 1863 monasterio
1100 1792 1223 1880 viginti
1242 1799 1381 1864 scottos.
1408 1793 1494 1864 Item
1514 1800 1613 1864 sexta
1630 1793 1752 1865 domus
1890 1832 1893 1837 ·

208 1914 262 1981 est
288 1908 421 1980 Nicolai
449 1908 561 2000 Zyla
588 1910 726 1999 sutoris,
754 1909 797 1982 de
825 1932 892 2001 qua
919 1911 1024 1983 solvit
1050 1913 1260 1983 monasterio
1289 1912 1411 2001 viginti
1431 1918 1572 1984 scottos.
1599 1912 1752 2001 Septima
1792 1950 1818 1969 ···
1858 1944 1869 1981 ·.

208 2030 328 2101 domus
355 2036 410 2100 ast
436 2029 584 2119 praelati
609 2028 925 2122 laconi-Panak,
952 2033 1058 2103 situm
1085 2033 1216 2103 habens
1243 2033 1278 2103 in
1305 2052 1343 2103 se
1368 2033 1633 2123 braseatorium,
1656 2033 1753 2103 iuxta

208 2148 344 2220 domum
374 2147 519 2237 praefati
546 2149 681 2220 Nicolai
708 2148 821 2239 Zyla
847 2150 1014 2240 positum,
1042 2152 1100 2221 ubi
1129 2151 1258 2221 mediat
1293 2170 1403 2240 parva
1428 2150 1560 2240 platea,
1588 2171 1657 2241 qua
1682 2151 1754 2221 itur

209 2268 251 2339 de
279 2266 545 2340 Stradomia
580 2269 624 2341 ad
652 2269 941 2359 Wyoszlram,
971 2290 1058 2359 qnae
1094 2271 1200 2341 solvit
1226 2271 1436 2341 monasterio
1464 2270 1587 2359 viginti
1614 2276 1753 2341 scottos.

210 2387 257 2459 Et
284 2408 406 2459 census
442 2389 618 2478 praelatus
644 2389 687 2459 de
715 2396 846 2478 septem
873 2389 1033 2460 domibus
1060 2389 1248 2479 praedictis
1276 2389 1358 2461 iacit
1385 2390 1418 2459 in
1445 2409 1579 2461 summa
1604 2394 1755 2479 quatuor

209 2528 343 2579 marcas
369 2516 406 2578 ot
433 2514 581 2599 quatuor
606 2529 756 2598 grossos
783 2530 887 2599 super
913 2510 1014 2580 horto
1042 2516 1158 2580 antem
1185 2508 1379 2580 huiusmodi
1406 2510 1513 2580 habet
1539 2508 1686 2581 ecclesio
1712 2509 1755 2580 de

210 2627 410 2719 Rupella
436 2629 652 2719 privilegium
681 2628 908 2719 lledvigis
935 2630 1100 2701 Poloniac
1127 2629 1282 2718 reginae,
1311 2649 1398 2718 quae
1425 2630 1622 2701 huiusmodi
1648 2632 1755 2720 privi-

210 2748 310 2839 legio,
328 2749 465 2819 hortum
493 2749 689 2820 huiusmodi
708 2749 871 2821 ecclesiae
891 2751 925 2821 in
946 2749 1143 2839 Rupella
1168 2770 1231 2839 per
1249 2749 1457 2821 Stanislaum
1477 2751 1607 2823 dictum
1625 2749 1757 2842 Gzaya

210 2868 414 2941 servitorem
443 2868 662 2941 Casimiri
698 2867 895 2941 Secundi
931 2870 1010 2941 olim
1048 2870 1213 2942 Poloniac
1240 2866 1349 2960 regis,
1385 2890 1502 2941 coram
1532 2870 1651 2942 eodem
1678 2870 1757 2940 He-

210 2989 337 3079 dvigi
365 2991 487 3081 regina
513 2991 725 3081 resignatum
756 2992 969 3082 appropriat,
997 2991 1124 3062 liberat
1151 2998 1317 3081 perpetuo
1345 2997 1382 3063 et
1407 2992 1576 3065 inscribit

315 3108 576 3183 Molendinum
606 3114 642 3183 in
673 3109 894 3204 Forwarky,
924 3112 988 3183 sub
1015 3112 1179 3200 parochia
1207 3110 1373 3182 ecclcsiae
1390 3111 1434 3183 de
1452 3110 1695 3201 Rumpella
1720 3113 1755 3181 in

210 3228 313 3301 fluvio
340 3229 499 3321 Wylga
526 3232 640 3321 situm,
667 3233 764 3304 cuius
792 3232 989 3322 proprietas
1025 3231 1070 3303 ad
1096 3232 1331 3320 episcopatum
1359 3230 1621 3303 cracoviensem
1649 3231 1757 3320 perti·

210 3355 289 3439 net,
316 3349 406 3439 quod
443 3351 579 3440 quidem
607 3352 838 3423 molendinum
867 3351 992 3423 Petrus
1018 3351 1284 3439 Hersnberg
1310 3356 1483 3421 mercator
1508 3349 1758 3439 Cracoviensis,
1831 3406 1834 3410 .

211 3469 302 3559 apud
336 3468 502 3541 Niklos
535 3473 863 3562 molendinatorem,
896 3493 987 3543 anno
1014 3471 1153 3542 Domini
1184 3472 1299 3559 1441,
1326 3490 1391 3560 pro
1418 3472 1607 3559 nonaginta
1632 3470 1759 3541 marcis

210 3609 377 3679 coemens,
404 3598 440 3663 et
466 3593 501 3663 in
529 3614 633 3666 censu
660 3614 773 3665 annino
801 3594 951 3684 quinque
978 3612 1171 3663 marcarum
1200 3590 1391 3681 praelatum
1412 3590 1645 3661 molendinum
1663 3591 1756 3661 dicto
1844 3618 1857 3639 ·

211 3708 374 3782 Niklos
401 3714 544 3803 antiquo
572 3713 838 3793 molendinatori
864 3713 996 3801 locam,
1023 3711 1188 3783 ecclesiae
1214 3711 1259 3781 de
1285 3709 1487 3799 Rupella
1512 3710 1599 3780 illud
1626 3711 1661 3780 in
1689 3709 1758 3779 cle·

211 3850 408 3923 emosynam
436 3839 635 3923 perpetuam
664 3833 816 3905 donavit
843 3832 1075 3904 Solvebantur
1101 3833 1219 3920 itaque
1245 3831 1412 3901 ecclesiae
1430 3830 1473 3900 de
1491 3829 1689 3919 Rupella
1715 3849 1759 3899 cx

212 3951 369 4041 praefato
405 3951 599 4023 molendino
636 3955 735 4024 annis
762 3954 907 4044 singulis
935 3959 1083 4043 quatuor
1108 3972 1264 4040 marcae,
1291 3950 1412 4039 quinta
1439 3970 1522 4021 vero
1548 3969 1667 4020 marca
1692 3949 1760 4019 sol-

214 4071 361 4142 vebatur
396 4073 555 4162 episcopo
583 4071 824 4161 Oracovionsi3
860 4093 979 4143 verum
1006 4072 1185 4163 Jolrannes
1211 4070 1317 4141 Slral
1330 4070 1386 4141 lra
1411 4068 1563 4140 existens
1590 4069 1758 4158 plebanus

212 4192 248 4261 in
284 4190 482 4282 Rupella
522 4192 679 4264 vendidit
716 4194 964 4284 proprietatem
1004 4192 1193 4263 molendini
1232 4190 1380 4280 praefati
1416 4188 1560 4261 Nicolao
1591 4186 1760 4279 Ozeyx-

213 4311 447 4401 lryendors
470 4313 536 4383 civi
565 4312 785 4384 Cracoviensi
812 4335 876 4403 pro
903 4314 1092 4403 nonaginta
1118 4312 1262 4400 marcis,
1289 4319 1325 4383 ct
1351 4311 1395 4381 ab
1423 4309 1482 4379 illo
1508 4315 1664 4398 tempora
1692 4329 1760 4378 una

213 4434 451 4529 tantummodo
479 4453 595 4504 marca
622 4435 769 4505 solvitur
795 4456 859 4526 pro
886 4434 973 4505 festo
1000 4433 1120 4505 Sancti
1146 4432 1291 4503 Martini
1319 4432 1482 4503 ecclesiae
1500 4430 1544 4502 de
1562 4430 1762 4520 Rupella

213 4574 256 4623 ex
283 4553 479 4625 molendino
508 4553 673 4645 praefato.

318 4673 536 4765 Cnsnrmm,
563 4676 724 4765 oppidum
763 4675 797 4745 in
825 4696 892 4765 quo
920 4682 973 4746 est
1001 4674 1123 4746 domus
1158 4694 1233 4743 cnm
1261 4692 1345 4743 arca
1370 4672 1407 4743 in
1434 4670 1567 4760 platea,
1594 4690 1664 4760 qua
1689 4671 1761 4741 itur

171 4792 173 4797 ’
215 4794 259 4865 ad
286 4794 464 4867 ecelesiam
501 4796 619 4868 Sancti
654 4796 775 4867 Jacobi
803 4817 843 4866 ex
873 4817 958 4884 una,
986 4803 1022 4866 at
1049 4794 1188 4866 domum
1215 4792 1576 4881 Yeralthowsky
1603 4791 1761 4881 partibus

215 4935 256 4987 ex
284 4915 413 5004 altera,
442 4918 505 4987 soll
543 4918 706 5005 parochia
732 4917 885 4986 eiusdem
920 4915 1087 4987 ccclesiae
1122 4914 1241 4985 Sancti
1267 4912 1390 4986 Jacobi
1418 4912 1495 4984 sita
1535 4912 1576 4981 In
1603 4930 1672 5001 qua
1698 4931 1762 5001 pro

216 5056 305 5105 nnnc
334 5044 489 5106 moratur
515 5037 537 5106 J
548 5039 751 5108 ohannes
779 5037 1034 5126 carpentarius,
1063 5036 1122 5125 qui
1150 5055 1212 5124 pro
1240 5054 1353 5105 annuo
1382 5054 1487 5105 censo
1513 5032 1619 5103 solvit
1644 5052 1763 5102 mona·

216 5158 324 5228 sterio
351 5157 394 5228 de
421 5157 634 5247 Rupello,
661 5179 724 5248 pro
752 5157 839 5229 festo
867 5157 986 5228 Sancti
1021 5155 1221 5245 Michaelis,
1248 5175 1309 5226 sex
1343 5174 1493 5244 grossos.
1527 5152 1615 5225 Item
1644 5153 1677 5223 in
1706 5174 1764 5222 eo-

217 5277 293 5349 dem
322 5278 447 5368 oppido
475 5277 711 5350 Casimiriensi
738 5280 802 5349 sub
829 5279 994 5369 parochia
1015 5277 1181 5355 ecclesiae
1199 5276 1319 5347 Sancti
1336 5274 1501 5347 Stanislai
1521 5274 1564 5345 de
1581 5272 1764 5363 Rupella,

217 5400 252 5471 io
280 5400 395 5490 platea
430 5408 465 5471 et
499 5401 531 5470 in
569 5408 669 5490 parte
705 5401 864 5489 sinistra,
892 5399 1005 5471 eundo
1032 5419 1053 5470 a
1080 5398 1290 5469 monasterio
1316 5395 1464 5469 Sanctae
1491 5394 1701 5465 catherinae
1728 5394 1764 5463 in

217 5519 469 5609 Rumpolla,
497 5527 551 5591 est
577 5520 699 5591 domus
726 5521 857 5592 habens
884 5521 1013 5592 bouum
1039 5520 1178 5592 hortum
1207 5518 1276 5590 sibi
1302 5538 1489 5605 annexum,
1515 5516 1552 5587 in
1579 5535 1648 5605 qua
1674 5534 1765 5584 nuno

218 5648 380 5717 moratur¹
409 5640 583 5712 Martinus
620 5641 907 5732 Koczinslry,
943 5642 1076 5713 habens
1112 5640 1250 5712 domurn
1286 5636 1570 5709 Helizabeth
1594 5640 1696 5727 parte
1722 5656 1765 5705 ex

218 5781 295 5847 una,
322 5768 358 5833 et
385 5762 532 5851 plateam
561 5783 712 5852 parvom,
741 5783 809 5852 qua
835 5762 907 5832 itur
933 5763 976 5833 ad
1003 5767 1139 5851 portam
1165 5759 1371 5831 Skawinska
1396 5757 1555 5848 partibus
1581 5776 1625 5829 ex
1644 5756 1765 5843 altera,

218 5902 305 5972 quae
331 5902 396 5972 pro
423 5904 537 5953 armuo
573 5904 677 5953 censu
714 5882 819 5953 solvit
844 5882 1055 5954 monasterio
1083 5902 1186 5954 unam
1214 5899 1432 5969 sexagenam.
1466 5879 1555 5951 ltem
1581 5879 1617 5949 in
1644 5875 1766 5948 eodem

218 6001 344 6093 oppido
380 6001 634 6092 Gasimiriensi,
662 6004 759 6074 iuxta
795 6000 905 6073 lacum
934 6000 967 6073 S.
994 6001 1177 6088 Stanislai,
1205 6008 1259 6071 est
1286 5999 1408 6072 domus
1433 6000 1526 6071 bona
1550 5998 1665 6088 lignea
1688 6014 1765 6065 cum

218 6123 320 6195 horto
348 6129 383 6195 et
410 6125 582 6213 pomerio,
609 6145 711 6213 quam
739 6106 912 6195 ecclesiae¹
940 6122 982 6193 de
1010 6121 1209 6211 Rupella
1236 6121 1378 6193 donavit
1407 6121 1439 6191 in
1468 6124 1670 6209 perpetuam
1697 6116 1767 6186 ele·

218 6262 416 6335 ernosynam
445 6244 621 6334 Tlryllro
649 6244 843 6335 oppidanus
870 6242 1135 6331 Gasimiriensis,
1162 6250 1198 6312 et
1226 6242 1478 6313 braseatorinm
1506 6239 1576 6310 illic
1603 6238 1765 6327 habebat,

217 6364 286 6437 sita
313 6367 377 6437 sub
404 6366 569 6455 parochia
596 6367 638 6437 de
666 6366 874 6457 Rupella.
902 6364 995 6467 ¹Item
1023 6365 1057 6436 in
1085 6362 1243 6455 praelato
1269 6362 1396 6453 oppido
1422 6358 1660 6433 Gasimiriensi
1685 6365 1768 6431 suut
