4217 8059
1756 1477 1830 1551 265

272 1677 420 1767 triginta
446 1697 521 1766 ova,
548 1677 634 1748 item
661 1675 748 1748 duos
773 1675 1007 1768 gallonium
1035 1695 1105 1749 uon
1131 1675 1272 1749 solvunt
1293 1697 1452 1767 avenam,
1479 1680 1563 1751 Item
1591 1682 1728 1772 cmetbo
1753 1685 1828 1774 qui-

273 1798 359 1870 libet
384 1802 524 1869 tenetur
551 1797 594 1871 de
621 1797 721 1869 laneo
756 1797 916 1869 laborare
951 1816 1059 1869 unum
1094 1798 1184 1869 diem
1216 1799 1251 1870 in
1278 1799 1487 1889 septimana,
1525 1807 1561 1870 et
1587 1801 1631 1871 ad
1658 1805 1828 1877 rationem

274 1919 408 1991 dierum
433 1918 566 1990 faciunt
593 1919 768 2008 ducturas,
796 1919 879 1989 item
899 1916 1087 2011 pomulam
1112 1940 1194 1991 non·
1208 1919 1380 1991 laborant.
1406 1918 1495 1991 Item
1521 1942 1590 1992 non
1617 1928 1672 1993 est
1699 1925 1749 1995 ibi
1774 1930 1828 1997 ta·

273 2043 392 2112 berna.
418 2041 507 2112 Item
536 2047 618 2111 sunt
643 2040 693 2111 ibi
720 2039 939 2111 hortulaniae
966 2045 1049 2129 tres,
1076 2040 1163 2112 nihil
1191 2030 1340 2131 solvunt,
1367 2041 1429 2123 sed
1456 2043 1694 2115 tautummodo
1721 2045 1827 2134 pedes

185 2224 208 2257 a
275 2162 437 2234 laborant
463 2182 569 2233 unum
598 2160 688 2233 diem
716 2162 751 2232 in
766 2161 982 2251 ‚septimana
1011 2161 1099 2232 Item
1126 2162 1307 2252 praedium
1335 2178 1403 2234 non
1431 2170 1495 2235 est.
1521 2163 1609 2235 Item
1636 2167 1712 2254 agri
1739 2186 1829 2252 cme-

190 2264 210 2283 '‘
248 2285 419 2389 ‘thanum
446 2283 589 2354 solvunt
616 2282 783 2353 decimam
810 2283 1061 2388 manipularem
1087 2289 1125 2354 et
1151 2284 1362 2373 canapalem,
1388 2298 1453 2373 pro
1467 2285 1612 2361 ecclesia
1638 2289 1828 2376 parochiali

274 2406 310 2475 in
337 2399 635 2491 Stanszicza,
662 2409 699 2473 at
726 2403 823 2474 valor
850 2403 924 2474 eins
952 2404 1158 2474 aestimatur
1185 2403 1229 2474 ad
1255 2410 1329 2474 tres
1356 2424 1499 2476 marcas.
1544 2406 1638 2477 ltem.
1659 2407 1828 2496 plebanus
1963 2400 1964 2405 ’

276 2527 311 2596 in
338 2523 650 2597 Sthanszicza
676 2524 784 2597 babet
809 2525 858 2595 ibi
884 2546 991 2621 unum
1017 2524 1156 2596 laneum
1182 2525 1376 2616 proprium,
1403 2525 1446 2597 de
1473 2546 1541 2616 quo
1568 2527 1661 2598 tollit
1687 2532 1724 2599 et
1749 2549 1828 2600 cen⁴

142 2716 150 2727 ,
277 2668 352 2717 snm
378 2653 415 2717 et
441 2646 607 2717 decimam
635 2638 895 2736 manipularem.
922 2645 1083 2718 Gentium
1099 2666 1177 2717 cum
1197 2646 1323 2736 oppido
1350 2646 1671 2738 Sthanszycza
1696 2634 1733 2751 et
1750 2649 1833 2721 villa

275 2767 586 2839 Paralowicze.
612 2768 752 2839 Donata
777 2787 841 2857 per
867 2767 1121 2839 Martinum
1149 2767 1318 2839 comitem.
1459 2788 1464 2801 ¹

360 2871 600 2976 Rormani,
640 2889 724 2959 villa
750 2889 814 2960 sub
841 2877 1008 2978 parochia
1034 2889 1201 2960 ecclesiae
1229 2888 1272 2960 de
1298 2888 1605 2961 Skarzeszou
1632 2891 1708 2980 sita
1735 2891 1833 2964 cuiun

276 3010 471 3101 proprietas
498 3018 535 3081 et
562 3010 750 3081 dominium
786 3010 830 3081 ad
858 3011 1106 3082 monasterium
1142 3010 1451 3082 Szeczecboviense
1486 3012 1646 3100 pertinet.
1674 3012 1732 3089 ,In
1759 3032 1833 3103 qua

276 3136 357 3204 sunt
382 3131 528 3222 triginta
553 3130 646 3202 lanei
672 3131 912 3220 cmethonum,
930 3135 976 3203 et
1003 3131 1150 3222 quilibet
1185 3131 1289 3203 solvit
1323 3152 1388 3221 pro
1422 3152 1527 3203 censu
1564 3154 1627 3222 per
1643 3133 1832 3222 dertonam,

278 3255 360 3325 item
387 3253 533 3344 triginta
560 3274 636 3343 ova,
663 3254 746 3324 item
766 3253 852 3334 duos
878 3252 1000 3342 gallos3
1027 3253 1112 3323 item
1131 3232 1200 3323 non
1216 3238 1358 3327 solvunt
1376 3273 1530 3342 avenam,
1557 3254 1642 3325 item
1669 3254 1712 3324 de
1730 3254 1831 3326 laneo

277 3378 438 3446 tenentur
466 3395 572 3445 unum
599 3374 689 3445 diem
717 3374 753 3445 in
781 3373 974 3463 septimana
1004 3373 1186 3462 laborare,
1221 3372 1266 3443 ad
1292 3373 1464 3446 rationem
1491 3373 1626 3445 dierum
1661 3375 1697 3445 in
1725 3374 1832 3465 septi·

276 3515 381 3567 mana
407 3495 603 3568 debitorum
630 3494 762 3566 iaciunt
788 3493 964 3582 ducturas,
991 3494 1075 3565 item
1103 3495 1272 3566 tabernae
1299 3501 1373 3565 tres
1399 3494 1568 3566 babentes
1587 3516 1700 3585 agros,
1728 3515 1833 3586 qaae·

278 3616 363 3687 libet
388 3612 494 3688 solvit
520 3635 624 3686 unam
651 3635 801 3688 marcam
829 3620 865 3687 et
891 3615 1052 3687 laborant
1080 3615 1242 3686 subsidia
1282 3613 1371 3686 Item
1396 3615 1617 3687 hortulaniae
1645 3616 1735 3687 duae
1770 3616 1832 3688 ba·

278 3739 400 3810 bentes
426 3758 538 3828 agros,
566 3737 653 3808 nihil
680 3738 820 3808 solvunt
833 3726 906 3808 ‘bed
933 3757 1004 3808 una
1021 3789 1137 3806 .....
1176 3736 1265 3813 Item
1291 3735 1472 3825 praedium
1499 3739 1554 3807 est
1579 3737 1637 3826 ibi,
1665 3737 1708 3808 de
1736 3738 1833 3809 cuius

279 3858 373 3948 agris
399 3879 468 3930 non
495 3858 643 3929 solvitur
670 3857 811 3928 decima.
830 3857 952 3947 alieni,
980 3855 1041 3928 sed
1069 3857 1316 3928 monasterium
1343 3857 1437 3929 tollit
1463 3877 1538 3929 eam
1565 3877 1629 3948 pro
1648 3879 1704 3928 se.
1743 3858 1831 3930 Item

273 3977 457 4073 mabam
483 3979 647 4050 laborant
672 3984 863 4070 utramque.
893 3979 986 4072 Item
1013 3977 1147 4050 reema
1173 3977 1399 4068 manipularis
1426 3977 1583 4068 solvitur,
1610 3984 1646 4049 et
1672 3999 1735 4068 pro
1761 4000 1833 4051 mo-

278 4101 433 4173 nasterio
458 4100 610 4190 propriis
638 4101 798 4172 curribus
825 4100 870 4173 ad
896 4101 1060 4173 horreum
1087 4099 1279 4188 inducitur,
1306 4101 1404 4171 cuius
1430 4100 1529 4172 valor
1555 4101 1762 4173 aestimatur
1787 4100 1832 4172 ad

279 4221 403 4312 viginti
430 4222 582 4313 quinque
610 4241 752 4292 marcas.
779 4222 867 4293 Item
891 4221 1025 4293 decima
1052 4221 1229 4310 canapalis
1255 4240 1319 4310 per
1336 4240 1442 4291 unam
1469 4216 1617 4290 minua.
1645 4220 1733 4291 ltem
1752 4227 1834 4292 snut

280 4343 331 4415 ibi
356 4343 446 4433 agri,
468 4342 530 4414 sed
556 4339 666 4432 pauci,
694 4341 900 4414 limitatione
928 4343 1029 4414 villae
1058 4340 1320 4414 Odancbow
1346 4340 1513 4430 adempti,
1542 4340 1585 4411 de
1613 4342 1738 4430 quibus
1765 4339 1833 4411 sol·

139 4519 170 4567 ...ἦ
228 4534 230 4538 Α
280 4463 375 4535 vitnr
392 4463 525 4535 decima
541 4463 767 4553 manipularis
786 4462 963 4535 custodiae
982 4462 1264 4535 Sandomiriensi.
1290 4459 1451 4534 Oonflmt
1469 4480 1547 4532 cum
1565 4460 1834 4551 Odanchow‚

281 4585 599 4676 Skarzest,
639 4584 1017 4675 Boguslauicze,
1053 4584 1248 4657 Clonow.
1291 4583 1431 4656 Donata
1464 4603 1527 4673 per
1563 4582 1833 4674 Sethoginm

282 4708 449 4780 comitem.
1380 4687 1383 4693 ¹

385 4827 709 4920 Ornrnnowrczn,
737 4829 821 4902 villa
846 4830 911 4902 sub
930 4829 1096 4921 parochia
1123 4828 1290 4900 ecclesiae
1318 4826 1361 4898 de
1387 4825 1410 4898 J
1417 4827 1604 4899 aroszIn
1632 4827 1709 4915 sita,
1737 4825 1833 4898 cuius

282 4951 478 5042 proprietas
505 4958 542 5023 et
559 4951 758 5027 ,dominium
793 4952 838 5024 ad
863 4952 1113 5025 monasterium
1141 4949 1451 5022 Saeczechuviense
1476 4949 1648 5039 pertinet.
1692 4949 1734 5019 lu
1765 4966 1834 5055 qua

282 5081 364 5146 sunt
390 5081 541 5164 quatuor
567 5074 658 5145 lanei
686 5064 919 5146 cmethonales
947 5081 983 5146 et
1010 5073 1157 5164 quilibet
1182 5091 1247 5163 pro
1274 5091 1380 5143 censu
1406 5074 1521 5142 annuo
1549 5071 1654 5142 solvit
1680 5090 1745 5160 per
1765 5068 1834 5141 fer-

283 5203 410 5286 tonem,
436 5197 520 5269 item
547 5196 695 5286 triginta
721 5216 797 5286 ova,
824 5196 906 5267 item
934 5194 1022 5268 duos
1047 5195 1170 5286 gallos,
1197 5193 1280 5267 item
1307 5212 1377 5265 non
1405 5192 1545 5264 solvunt
1570 5212 1724 5280 avenam,
1752 5191 1833 5263 item

283 5315 327 5387 de
352 5316 453 5388 laneo
479 5322 642 5389 tenentur
669 5339 774 5388 uuum
801 5317 892 5388 diem
919 5317 955 5387 in
982 5316 1176 5406 septimana
1191 5314 1377 5404 ''laborare,
1404 5319 1441 5385 et
1465 5313 1630 5385 ducturas
1657 5312 1700 5382 ad
1727 5310 1834 5383 ratio·

285 5458 363 5508 nem
389 5437 525 5510 dierum
550 5436 673 5511 iacere.
697 5437 788 5537 'Item
799 5435 985 5532 powubom
1010 5436 1175 5509 laborant
1200 5457 1264 5528 pro
1286 5434 1498 5508 monasterio
1526 5438 1718 5519 utramque.
1744 5429 1833 5501 Item

284 5558 450 5645 tabernae
476 5581 545 5632 non
571 5565 661 5651 sunt,
688 5581 799 5650 neque
825 5547 1052 5632 hortulaniae
1080 5559 1170 5639 Item
1187 5557 1368 5650 praedium
1395 5560 1451 5629 est
1468 5550 1679 5640 coenobiale,
1703 5550 1746 5621 de
1765 5570 1833 5640 quo

283 5702 352 5752 uon
380 5680 486 5753 solvit
511 5681 679 5754 decimam
707 5681 957 5772 manipularem
984 5681 1098 5770 alicui,
1126 5680 1186 5752 sed
1214 5698 1302 5777 eam
1315 5698 1380 5771 pro
1399 5697 1436 5748 se
1454 5672 1611 5767 percipit.
1637 5672 1726 5742 Item
1744 5671 1833 5743 duae
1982 5720 1986 5725 -

284 5802 505 5875 liortulaniae
530 5803 697 5877 habentes
723 5804 837 5894 agros,
865 5803 927 5875 sed
953 5822 1095 5875 censum
1121 5823 1194 5876 non
1219 5801 1366 5890 solvunt,
1394 5799 1506 5869 solum
1531 5814 1634 5864 uuam
1657 5793 1747 5865 diem
1774 5812 1834 5884 pe-

284 5925 420 5997 destres
446 5926 615 5997 laborant
650 5925 739 5998 Item
765 5930 846 6014 post
872 5944 990 5997 omnes
1016 5944 1121 6014 agros
1148 5924 1366 5996 cmethonum
1392 5917 1540 5991 solvitur
1566 5916 1699 5987 decima
1724 5915 1834 5986 maal-

284 6048 415 6139 pularis
451 6048 661 6120 monasterio
697 6044 1016 6137 Szeczecbovicnsi,
1052 6051 1090 6118 et
1124 6066 1187 6137 per
1223 6043 1352 6116 incolas
1388 6042 1424 6113 iu
1449 6039 1612 6112 horreum
1649 6036 1833 6125 inducitur,
1938 6054 1944 6064 ¹

285 6170 383 6243 valor
409 6169 484 6241 eius
511 6169 715 6242 aestimatur
741 6171 786 6244 ad
813 6175 964 6261 quatuor
988 6187 1134 6241 mancas.
1158 6169 1247 6239 Item
1274 6165 1441 6237 decimam
1469 6158 1668 6249 canapalem
1695 6159 1834 6231 solvunt

192 6279 197 6283 ’
284 6312 347 6383 per
364 6311 468 6364 unam
485 6290 651 6381 ierngam.
677 6290 836 6364 munnae
861 6311 938 6367 cnm
964 6284 1453 6379 Jaroszindowalye,
1471 6256 1832 6385 Saarne,Pyotr·

285 6414 399 6503 kow,
425 6411 756 6503 Samogorzow.
779 6411 918 6487 Donata
942 6432 1005 6505 per
1030 6408 1169 6485 milites.

392 6578 542 6624 mama
553 6577 598 6629 m.
1061 6641 1064 6647 Ι
1631 6547 1671 6597 ³⁴
