4217 8059
282 1482 356 1553 424

278 1689 524 1761 monasterium
552 1664 744 1779 illogileuse
771 1692 931 1781 pertinet.
967 1692 1006 1762 In
1036 1713 1103 1781 qua
1129 1700 1210 1763 sunt
1237 1699 1367 1783 septem
1386 1693 1489 1777 ¹lanei
1515 1663 1767 1785 emethouales,
1794 1702 1837 1769 et

278 1810 423 1901 quilibet
450 1810 554 1881 soluit
579 1830 683 1881 uuam
710 1832 872 1905 marcam,
899 1813 980 1883 item
1009 1835 1075 1884 ova
1101 1814 1299 1904 sexaginta,
1326 1815 1408 1884 item
1435 1816 1563 1907 gallos,
1590 1816 1672 1886 item
1701 1839 1836 1890 caseos.

278 1933 366 2003 Item
392 1932 539 2002 taberna
565 1932 703 2003 habeus·
725 1918 837 2024 agros
865 1942 901 2005 et
928 1935 1033 2006 solvit
1060 1957 1123 2025 pro
1151 1949 1269 2005 censu¹
1284 1943 1357 2006 tres
1385 1957 1527 2008 marcas.
1568 1937 1655 2008 Item
1683 1939 1837 2010 taberna

278 2053 347 2123 alia
375 2053 639 2143 iuxta‘poutem
667 2055 799 2126 hahens
826 2076 940 2146 agrae,
967 2057 1072 2127 solvit
1099 2078 1162 2146 pro
1188 2078 1293 2128 censu
1320 2056 1499 2128 duodecim
1528 2065 1671 2148 marcas,
1690 2066 1727 2131 et
1743 2060 1836 2132 duo-

276 2175 384 2244 decim
414 2194 571 2264 capoues.
598 2175 685 2246 Item
714 2196 832 2247 omnes
860 2177 1059 2249 emethones
1086 2177 1189 2247 uillae
1217 2178 1356 2248 solvunt
1382 2184 1419 2248 et
1446 2177 1642 2250 conducunt
1661 2179 1833 2252 decimam

276 2296 525 2386 manipularem
553 2301 590 2368 et
615 2296 814 2387 canapalem
842 2317 905 2389 pro
934 2299 1143 2401 monasterio
1171 2300 1207 2370 in
1235 2298 1419 2389 Mogila,
1446 2305 1482 2371 et
1509 2300 1607 2372 valor
1633 2301 1707 2373 eius
1725 2303 1834 2374 aesti-
1919 2328 1926 2339 ⁹

275 2421 392 2489 matur
418 2417 462 2489 ad
491 2422 569 2489 octo
596 2438 750 2490 marcas.¹
1000 2408 1002 2413 ’
1422 2444 1425 2449 ’
1514 2404 1519 2413 ’
1849 2480 1854 2489 .

383 2535 487 2611 fona
515 2537 616 2612 Salia
653 2539 688 2611 in
721 2539 886 2630 Magno
924 2540 1044 2632 Sale,
1072 2542 1106 2612 id
1144 2548 1197 2613 est
1234 2542 1269 2612 in
1297 2539 1567 2631 Wyeliczka
1594 2542 1740 2633 oppido,
1769 2545 1833 2617 ubi

276 2660 367 2730 sales
393 2658 613 2731 effodiuntur.
649 2658 728 2732 Non
754 2660 861 2733 hahet
888 2668 1002 2742 autem
1041 2664 1284 2734 monasterinm
1313 2661 1508 2751 Mogileuse
1535 2683 1556 2732 a
1583 2663 1700 2735 multis
1727 2665 1833 2736 annis
1936 2670 1942 2683 “

275 2780 471 2852 huiusmodi
507 2780 635 2852 iontem
667 2780 767 2870 salis,
795 2781 923 2882 dudum
958 2784 1002 2853 ah
1039 2805 1079 2854 eo
1115 2784 1311 2855 alienatum.
1352 2780 1470 2853 Habet
1496 2787 1611 2854 tamen
1639 2785 1674 2855 in
1693 2785 1834 2875 oppido

276 2900 321 2969 W
329 2901 555 2993 yelyczka
581 2907 731 2993 quatuor
756 2903 899 2975 nracella
924 2906 1136 2996 camiiicum,
1164 2925 1252 2995 qnae
1278 2904 1369 2976 forte
1396 2905 1431 2975 in
1460 2924 1717 2994 recompensam
1745 2906 1834 2978 salis

275 3022 323 3092 ibi
357 3022 488 3112 habiti,
524 3025 735 3096 monasterio
772 3026 976 3117 consignata
1011 3033 1101 3099 sunt.
1141 3026 1228 3098 Item
1265 3027 1372 3098 habet
1408 3031 1557 3116 quatuor
1592 3026 1719 3098 bancos
1746 3027 1834 3099 salis

167 3142 184 3211 s
274 3143 405 3233 grossi,
433 3148 470 3214 et
497 3126 677 3217 duodecim
712 3167 893 3218 mensuras
921 3148 1063 3237 minuti,
1092 3169 1179 3239 quae
1207 3152 1353 3238 utraque
1389 3144 1599 3216 monasterio
1626 3145 1833 3238 Mogilae

235 3347 237 3351 y
274 3263 581 3338 vladislaus.
601 3322 608 3336 .
628 3321 635 3336 .
653 3266 819 3340 Poloniae
846 3290 908 3339 rex
935 3270 978 3353 iu.
998 3270 1251 3361 eleemosynam
1279 3273 1448 3359 perpetuo
1467 3265 1620 3339 donavit.

381 3389 634 3478 Pnuunoczuu,
662 3388 745 3461 villa
771 3390 1002 3481 parochialem
1031 3390 1209 3462 ecclesiam
1228 3389 1342 3480 lapide
1361 3387 1493 3479 quadro
1512 3393 1548 3458 et
1565 3407 1669 3477 opere
1688 3395 1831 3463 vetusto

275 3510 477 3581 fabricatam
512 3509 644 3581 habens
680 3510 715 3581 in
744 3531 789 3582 se.
825 3510 865 3582 In
893 3533 961 3602 qua
997 3512 1170 3604 qnondam
1206 3532 1320 3583 comes
1355 3508 1630 3580 Praudotha
1657 3509 1700 3580 de
1727 3510 1833 3584 domo

273 3631 588 3702 Odrowansch
616 3633 862 3704 monasterium
891 3631 1172 3705 cisterciensium
1200 3632 1424 3705 inchoaverat
1448 3628 1604 3719 fundare,
1623 3631 1719 3703 cuius
1746 3650 1831 3722 pro·

274 3753 404 3843 prietas
431 3774 473 3824 ex
502 3753 688 3826 donatione
715 3753 874 3825 lvonis
901 3755 945 3827 ad
972 3755 1220 3826 monasterium
1240 3750 1636 3843 ClaraeTumhae
1663 3752 1854 3843 pertinet·

274 3874 313 3944 In
342 3895 408 3963 qua
436 3882 517 3945 sunt
544 3875 794 3966 quinquaginta
821 3876 913 3946 lanei
940 3876 1184 3965 cmethonales
1212 3880 1248 3946 ct
1266 3874 1370 3946 solvit
1388 3871 1534 3964 quilibet
1552 3871 1731 3944 duodecim
1750 3894 1830 3946 cum

274 3994 387 4066 medio
414 4003 546 4067 scottos
572 3984 772 4087 grossorum
800 3997 1073 4088 bohemicalium,
1101 3999 1184 4069 item
1204 4018 1269 4068 ova
1288 3994 1488 4086 sexaginta;
1516 3992 1600 4064 item
1619 4013 1740 4065 caseos
1751 4004 1829 4068 bon

208 4164 213 4177 .
274 4114 369 4199 daut,
396 4116 477 4187 item
504 4117 616 4207 gallos
643 4138 704 4189 seu
731 4138 879 4207 capones
906 4140 974 4190 non
1003 4118 1151 4191 solvunt.
1179 4119 1266 4190 Item
1293 4117 1454 4188 laborant
1481 4134 1542 4226 sex
1571 4114 1645 4185 dies
1672 4115 1708 4184 iu
1735 4137 1830 4188 anno

272 4256 335 4326 pro
363 4238 583 4310 monasterio.
612 4239 698 4310 Item
719 4237 904 4333 poloniam
930 4261 999 4311 non
1026 4240 1197 4329 laborant,
1226 4239 1286 4310 sed
1313 4261 1456 4333 ¹rrqmroe,
1485 4236 1534 4307 ita
1561 4237 1652 4325 qnod
1680 4236 1829 4326 quilibet
1915 4330 1918 4334 Α

273 4357 398 4449 hospes
426 4359 468 4431 dc
496 4361 636 4432 minimo
663 4380 748 4450 agro
761 4366 906 4433 ‘terretur
924 4366 1054 4432 metere
1074 4361 1224 4451 quinque
1243 4360 1364 4431 diebus
1383 4359 1419 4429 iu
1438 4377 1558 4429 messe.
1584 4356 1672 4427 Item
1690 4380 1831 4454 oaozyqo

273 4484 424 4570 quatuor
449 4502 627 4554 mensuras
664 4481 794 4572 tritici,
822 4487 970 4573 quatuor
1006 4503 1186 4555 mensuras
1214 4482 1380 4571 siliginis,
1407 4486 1442 4550 et
1471 4486 1621 4568 quatuor
1648 4499 1830 4552 mensuras

274 4622 414 4692 avenae,
443 4623 530 4692 qnae
558 4603 602 4673 ad
629 4603 875 4680 monasterinm
904 4603 1042 4684 debent.=
1060 4603 1192 4675 deduci.
1233 4603 1320 4675 Item
1349 4602 1515 4673 tahemae
1544 4599 1632 4671 duae
1659 4600 1830 4673 habentes

170 4800 172 4809 ,
272 4740 385 4814 agros,
412 4745 482 4794 una
509 4724 612 4794 solvit
639 4724 791 4815 quinque
818 4737 965 4814 marcaS,
993 4723 1062 4795 alia
1088 4730 1161 4796 tres
1189 4743 1334 4811 marcas,
1361 4727 1439 4793 octo
1467 4726 1618 4808 scottos,
1646 4728 1681 4792 et
1707 4721 1828 4812 pleba-

273 4864 337 4915 nus
364 4845 459 4916 tollit
485 4865 548 4935 pro
576 4845 704 4916 lumine
732 4846 887 4935 paschali
914 4847 1057 4917 tertium
1086 4846 1274 4933 denarium,
1303 4845 1463 4916 videlicet
1488 4862 1591 4913 unam
1620 4822 1828 4930 marcamet

150 4970 154 4977 '
272 4964 420 5036 sedecim
447 4955 700 5038 scottos'Item
730 4967 905 5058 quaelihet
931 4969 1078 5039 taberna
1105 4989 1208 5037 unum
1238 4966 1386 5057 lapidem
1414 4965 1497 5054 sepi.
1524 4962 1611 5034 Item
1639 4963 1827 5039 hortulani.

271 5088 358 5157 Item
395 5086 574 5177 praedium
611 5104 733 5178 unum,
770 5088 812 5159 de
849 5089 945 5159 cuius
982 5089 1076 5179 agris
1113 5089 1178 5160 soli
1205 5088 1334 5159 tollunt
1361 5108 1402 5157 ex
1431 5085 1591 5157 scoltetia
1618 5084 1828 5176 ordinatum,

273 5229 373 5299 quam
411 5208 634 5280 Nicolaus
669 5210 800 5299 purius
836 5210 948 5282 abbas·
978 5231 1042 5299 pro
1079 5209 1341 5300 quadringentis
1377 5208 1486 5278 decim
1524 5206 1649 5276 marcis
1676 5206 1828 5278 laturum

238 5385 240 5389 .
270 5349 470 5419 grossorum
498 5331 592 5420 emit,
619 5332 839 5403 aestimatum
863 5331 906 5401 ad
926 5323 1185 5423 quatuordecim
1205 5331 1331 5402 laneos.
1359 5327 1446 5400 Item
1465 5327 1708 5398 molendinum.
1736 5327 1825 5399 item

271 5449 314 5522 de
342 5450 500 5523 omnihus
528 5452 622 5542 agris
649 5452 751 5523 uillae
778 5453 925 5525 solvitur
951 5460 986 5523 ct
1014 5452 1218 5541 conducitur
1244 5451 1377 5522 decima
1403 5449 1629 5539 manipularis
1656 5450 1698 5519 et'
1719 5467 1823 5520 cana-

271 5570 359 5662 palis
395 5582 458 5660 pro
495 5568 704 5645 monasterio
741 5573 931 5663 Mogila‚
960 5578 995 5644 et
1031 5573 1147 5644 valor
1165 5573 1239 5644 eins
1271 5573 1475 5644 aestimatur
1503 5569 1546 5640 ad
1575 5569 1827 5660 quinquaginta

270 5712 412 5764 marcas.
439 5691 526 5763 Item
554 5695 721 5785 plebanus
748 5695 853 5766 habet
879 5695 927 5765 ibi
955 5714 1059 5784 agros
1087 5695 1246 5784 proprios
1265 5692 1468 5783 praediales‚
1487 5690 1649 5763 videlicet
1667 5691 1824 5762 medium

269 5813 416 5886 laneum.
442 5813 531 5886 Item
558 5815 718 5888 scoltetia
744 5821 797 5885 est
825 5813 882 5905 ibi,
910 5816 1042 5886 habens
1061 5816 1197 5887 laneum
1217 5836 1321 5886 unum
1340 5815 1497 5886 liberum.
1524 5812 1611 5883 item
1631 5816 1709 5882 octo
1727 5811 1823 5883 lanei

270 5932 373 6008 liberi
392 5926 486 6008 'alias
515 5933 644 6031 roolop,
672 5942 709 6006 et
734 5918 879 6025 quilibet
907 5930 1019 6009 solvit'
1039 5959 1102 6027 pro
1131 5959 1236 6009 ceusu
1263 5937 1349 6008 duas
1377 5954 1519 6007 marcas.
1560 5934 1646 6004 Item
1675 5938 1826 6023 quatuor

270 6056 371 6143 lanei,
398 6058 455 6148 qui
483 6065 653 6128 vocantur
679 6056 941 6150 Powoszuy,
969 6064 1004 6129 et
1032 6059 1178 6150 quilibet
1206 6059 1310 6129 solvit
1337 6078 1439 6128 unam
1469 6075 1627 6127 marcam.
1655 6054 1742 6125 Ite'm
1762 6053 1826 6126 alii

271 6179 529 6270 quatuordecim
558 6159 634 6249 curn
662 6178 774 6250 medio
789 6177 1084 6272 .‚0blowsc·zy‚
1112 6186 1148 6251 et
1175 6180 1320 6270 quilibet
1348 6179 1452 6251 solvit
1481 6199 1582 6249 unam
1603 6196 1822 6267 sexagenum.

270 6300 429 6372 Continet
456 6320 533 6371 cum
560 6299 817 6371 Kaczicze.'

273 6426 278 6433 “
371 6418 579 6511 Knczrczn,
606 6420 689 6493 villa
715 6422 780 6493 sub
806 6404 971 6513 parochia
998 6422 1041 6494 de
1068 6420 1362 6495 Prandoczin
1389 6423 1476 6512 sita,
1503 6421 1601 6497 cuius
1627 6422 1826 6513 proprietas
