4217 8059
391 1497 466 1568 200

390 1701 643 1774 Thucboriensi
669 1680 963 1790 ingranniam
989 1702 1033 1773 de
1059 1703 1170 1775 hortis
1196 1724 1267 1774 una
1292 1686 1408 1774 marca
1433 1701 1502 1774 duo
1527 1700 1650 1792 grossi.
1676 1701 1765 1773 Item
1792 1701 1836 1773 de
1854 1700 1933 1773 aliis

389 1824 501 1894 bortis
536 1821 624 1893 duae
658 1840 795 1892 marcae
830 1827 909 1893 octo
943 1824 1075 1913 grossi,
1105 1825 1148 1896 de
1183 1844 1251 1914 quo
1287 1842 1391 1895 censu
1418 1844 1486 1895 non
1513 1823 1701 1913 participat
1735 1822 1932 1895 advocatus.

386 1943 474 2013 Item
501 1928 563 2013 est'
582 1941 764 2012 aduocatio
790 1942 826 2012 in
852 1941 972 2014 eodem
1000 1943 1144 2034 oppido,
1171 1943 1308 2016 babens'
1329 1941 1416 2015 dubs
1441 1943 1580 2033 laneos,
1607 1963 1650 2014 ex
1678 1942 1802 2033 quibos
1829 1942 1935 2014 solvit

387 2062 555 2134 decimam
589 2062 838 2153 manipularem
874 2062 1003 2135 ibidem
1038 2063 1074 2134 in
1105 2062 1342 2136 l'hucbow.
1381 2064 1470 2135 Item
1496 2062 1669 2135 mellificis
1695 2060 1777 2134 sunt
1802 2063 1871 2153 ibi,
1898 2070 1934 2135 et

387 2182 596 2273 proveniunt
622 2181 711 2253 dnae
737 2188 883 2272 quartae
910 2184 1030 2256 mellis.
1057 2185 1145 2256 Item
1171 2185 1214 2256 de
1241 2203 1346 2256 censu
1373 2197 1536 2274 agrorum
1561 2187 1599 2255 et
1623 2183 1804 2256 bonorum
1822 2185 1932 2288 perci·

385 2303 439 2393 pit
465 2303 653 2375 advocatus
679 2307 816 2374 sextum
842 2303 1031 2407 denarium.
1058 2305 1146 2377 Item
1173 2310 1254 2377 sunt
1279 2304 1330 2376 ibi
1355 2303 1552 2376 molendina
1568 2302 1647 2395 duo,
1665 2303 1710 2375 ad
1728 2303 1934 2376 adamatum

386 2423 615 2513 pertinentia,
650 2424 694 2495 de
729 2423 854 2513 quibus
889 2424 1070 2496 solvuntur
1104 2444 1168 2516 pro
1195 2417 1363 2496 advocato
1398 2429 1575 2496 metretae.
1603 2423 1761 2496 Erectio
1788 2423 1935 2496 solvitur

386 2544 486 2614 annia
512 2564 575 2633 per
601 2542 801 2634 oppidanos,
827 2563 891 2634 pro
918 2544 1007 2616 festo
1033 2545 1298 2634 Purifioatiopis,
1324 2544 1368 2616 de
1385 2564 1454 2635 qua
1471 2563 1532 2616 sex
1550 2563 1688 2616 marcae
1705 2544 1934 2634 proveniunt3

388 2663 533 2735 macella
558 2663 755 2736 carnificum
774 2664 914 2737 solvunt
931 2664 1018 2736 duas
1035 2685 1170 2762 marcas
1187 2666 1300 2737 minus
1327 2685 1389 2738 sex
1415 2665 1555 2756 grossis,
1581 2670 1620 2736 et
1644 2668 1778 2755 septem
1803 2663 1935 2755 lapides

389 2785 483 2875 sepi;
509 2784 669 2856 balneum
704 2785 809 2856 solvit
844 2785 930 2857 duas
957 2805 1120 2878 marcas,
1146 2785 1291 2859 macella
1311 2786 1504 2876 pistorum,
1531 2791 1688 2858 sutorum
1714 2783 1936 2858 salicidarom

386 2904 529 2977 solvunt
564 2908 638 2977 tres
673 2924 807 2976 marcas
843 2909 923 2978 octo
948 2926 1099 2996 grossos
1139 2904 1299 2979 Gonfiuat
1334 2926 1411 2978 cum
1437 2906 1722 2996 Dambrowa,
1750 2905 1934 2995 Burain,

388 3021 697 3121 Zalyaazowa,
723 3024 1016 3098 Krowodrza
1555 3095 1562 3110 ,

492 3143 699 3236 (inormem,
735 3132 817 3218 uilla
851 3146 982 3219 habens
1009 3146 1187 3219 ecclesiam
1213 3145 1445 3237 parochialem
1470 3145 1507 3217 in
1534 3163 1591 3236 se,
1617 3145 1715 3218 cuius
1739 3144 1937 3236 proprietas

390 3265 434 3337 ad
469 3266 717 3339 monasterium
754 3266 981 3339 Tbincziense
1015 3268 1190 3358 pertinet·
1216 3267 1257 3338 In
1284 3287 1353 3357 qua
1386 3271 1470 3338 sunt
1503 3247 1601 3339 lanei
1622 3265 1874 3356 ometbonales,
1900 3271 1938 3339 et

388 3387 534 3477 quilibet
560 3385 665 3458 solvit
690 3407 757 3477 pro
783 3406 888 3459 censu
906 3441 914 3457 .
933 3442 940 3457 .
959 3442 985 3477 .,
1011 3389 1094 3459 item
1121 3365 1196 3477 oba,
1222 3389 1306 3459 item
1331 3387 1452 3478 gallos,
1477 3387 1563 3460 item
1580 3406 1709 3478 caseos,
1726 3387 1810 3460 item
1826 3386 1936 3476 labor,

388 3507 472 3578 item
492 3504 685 3601 poscebam
712 3507 795 3578 item
821 3528 968 3602 oaazyep,
995 3509 1079 3579 item
1104 3509 1261 3598 taberna,
1287 3508 1371 3580 item
1397 3507 1624 3599 hortulaniae,
1641 3508 1727 3601 item
1744 3507 1936 3599 praedium,
1964 3514 1970 3527 “

389 3627 473 3699 item
499 3625 659 3699 multatio
684 3631 748 3717 est,
774 3626 906 3698 babens
933 3627 1020 3700 duos
1043 3623 1180 3719 laneos,
1206 3633 1243 3699 et
1267 3628 1373 3700 solvit
1398 3627 1739 3719 decimam‘plebano
1766 3629 1802 3699 in
1829 3625 1936 3700 Gro-
2024 3652 2027 3657 ·

388 3749 542 3839 mnylr3
575 3747 661 3819 item
696 3747 740 3819 de
775 3766 881 3819 censu
915 3754 1051 3821 sextum
1087 3749 1267 3822 denarium
1302 3749 1409 3821 babet
1443 3748 1626 3839 scoltetus,
1652 3751 1690 3820 et
1714 3767 1833 3822 omnes
1855 3748 1936 3840 agri
1969 3832 1972 3837 ¹

389 3867 493 3940 villae
519 3867 659 3940 solvunt
683 3867 905 3940 decimam...

493 3984 691 4079 densans,
718 3987 802 4060 villa
827 3989 892 4061 snb
918 3990 1083 4080 parocbia
1109 3989 1152 4063 de
1179 3989 1406 4063 Tbncbow
1431 3989 1520 4079 sita,
1546 3989 1643 4061 cuias
1668 3989 1867 4079 proprietas
1894 3989 1938 4061 ad

390 4109 638 4182 monasterinm
664 4108 891 4182 Thinoziense
916 4111 1076 4201 pertinet
1103 4111 1144 4183 In
1171 4131 1240 4202 qua
1266 4116 1348 4183 sunt
1366 4165 1373 4181 .
1392 4165 1399 4180 .
1420 4165 1427 4180 .
1446 4164 1454 4180 .
1472 4110 1573 4200 lanei,
1599 4115 1637 4183 et
1662 4109 1808 4202 quilibet
1833 4108 1939 4182 solvit

471 4283 497 4318 .,
523 4229 605 4301 item
632 4249 708 4320 ora,
733 4230 817 4302 item
843 4230 964 4321 gallos,
990 4231 1074 4303 item
1100 4250 1238 4321 caseos,
1264 4231 1347 4303 item
1373 4230 1492 4321 labor,
1518 4230 1602 4306 item
1621 4227 1824 4326 poscebam,
1849 4230 1934 4303 item

388 4320 552 4445 odasyep5
577 4351 660 4422 item
694 4350 861 4441 taberna,
886 4351 971 4423 item
997 4351 1235 4442 hortulanum,
1261 4353 1345 4423 item
1371 4349 1560 4442 praedium.
1600 4350 1687 4422 Item
1714 4369 1833 4424 omues
1857 4350 1936 4442 agri

387 4469 492 4542 sillae
525 4470 665 4543 solvunt
699 4471 1178 4545 decimam...1temestibi
1214 4473 1380 4545 scoltetus
1416 4472 1548 4545 babens
1582 4470 1701 4544 laneos
1726 4474 1764 4543 et
1787 4471 1937 4563 percipit

389 4596 525 4664 sextum
551 4590 732 4665 denarium
759 4591 803 4663 de
829 4612 942 4665 censu.

491 4711 754 4802 Znonowrcze,
781 4712 866 4784 villa
883 4713 1023 4785 ‘babens
1055 4714 1092 4784 in
1120 4733 1158 4784 se
1183 4712 1363 4784 ecclesiam
1389 4711 1620 4802 parochialem
1647 4710 1812 4801 ligneam,
1839 4709 1938 4784 cuius

387 4834 583 4924 proprietas
609 4832 654 4904 ad
679 4833 926 4904 monasterium
953 4832 1159 4905 Tbinciense
1184 4833 1345 4923 pertinet.
1372 4833 1412 4904 ln
1431 4852 1500 4922 qua
1518 4836 1600 4905 sunt
1616 4829 1774 4903 undecim
1799 4835 1938 4904 tantm
1999 4890 2004 4902 .

163 5046 165 5051 ,
207 4972 209 4979 ·
326 5024 330 5033 ,
386 4954 479 5025 lanei
506 4952 738 5025 cmetbonales
764 4957 801 5025 et
825 4953 976 5046 quinque
1002 4953 1131 5044 virgae,
1159 4959 1195 5025 et
1221 4953 1367 5046 quilibet
1392 4953 1496 5025 solvit
1521 4972 1586 5044 pro
1612 4970 1715 5024 censu
1735 4958 1805 5042 per
1830 4970 1936 5024 mam

100 5114 129 5173 ·.
162 5152 169 5169 .
218 5134 245 5163 .,
388 5092 550 5163 marcam,
576 5074 659 5145 item
685 5093 752 5146 ova
778 5073 968 5165 duodecim,
995 5075 1078 5146 item
1104 5075 1214 5166 gallos
1240 5073 1327 5146 dnos
1353 5075 1436 5146 item
1463 5093 1583 5146 caseos
1609 5072 1715 5162 duos,
1737 5074 1820 5144 item
1837 5072 1936 5145 labo·

226 5202 229 5211 '
271 5237 273 5241 -
388 5198 470 5265 rant
495 5191 654 5289 iatrayoi,
680 5193 821 5285 arando,
847 5195 1058 5286 seminando,
1084 5195 1253 5286 metendo,
1279 5194 1510 5285 conducendo,
1537 5199 1609 5266 tam
1635 5213 1701 5285 pro
1719 5212 1812 5283 vere,
1831 5210 1936 5283 qnam
1968 5206 1973 5219 “

388 5316 528 5408 byeme,
563 5315 659 5388 item.
683 5315 729 5386 ad
761 5314 963 5410 pomulam
997 5317 1081 5388 item
1115 5317 1264 5389 taberna
1290 5336 1359 5388 una
1383 5315 1584 5388 monasterii
1610 5314 1742 5386 babens
1768 5332 1873 5404 agros
1897 5319 1936 5386 et

388 5436 493 5509 solvit
519 5442 592 5509 tres
622 5454 777 5526 maroas3
811 5437 894 5508 item
923 5456 1041 5508 omnes
1067 5437 1159 5508 lanei
1184 5437 1325 5508 solvunt
1351 5436 1563 5508 monasterio
1598 5433 1816 5506 Tbiuonienai
1841 5433 1934 5506 deci·
2014 5465 2019 5475 ·

387 5577 478 5628 marn
512 5556 725 5647 pecunialem
760 5576 824 5647 per
857 5578 963 5628 nuum
999 5557 1169 5629 fertonem
1203 5557 1247 5628 de
1282 5558 1383 5630 lanso
1416 5558 1566 5630 latorum
1601 5574 1811 5647 grossorum,
1846 5554 1936 5627 Item
1991 5558 1994 5563 ’

387 5657 566 5768 praedium
602 5683 657 5750 est
691 5678 740 5749 ibi
776 5678 994 5768 coenobiale,
1029 5676 1074 5749 de
1110 5698 1178 5770 quo
1213 5677 1299 5748 nulli
1334 5678 1396 5751 dat
1422 5677 1590 5750 decimam
1617 5675 1678 5748 sed
1704 5694 1780 5748 eam
1806 5693 1872 5766 pro
1898 5684 1937 5747 se

387 5798 488 5871 tollit.
514 5799 600 5870 ltem
628 5797 847 5870 hortulaniae
871 5802 945 5869 tres
971 5798 1140 5870 babentes
1166 5818 1279 5889 agros,
1297 5798 1384 5869 nihil
1402 5797 1550 5887 solvunt,
1569 5795 1630 5868 sed
1647 5796 1810 5869 laborant
1826 5814 1934 5867 unum
1999 5807 2001 5812 '

270 5904 273 5909 ’
387 5919 479 5993 diem
504 5919 694 6012 pedestres.
735 5918 823 5990 ltom
859 5917 1092 5991 molendinum
1119 5919 1167 5991 ibi
1194 5918 1412 6008 monasterii,
1439 5924 1476 5990 et
1502 5917 1606 6110 Ψ
1636 5921 1812 6007 monetas,
1853 5916 1968 6002 item,

387 6060 450 6131 per
475 6050 579 6112 onam
612 6058 809 6114 mensuram
844 6058 974 6112 avenae
1010 6041 1046 6111 in
1072 6041 1275 6131 septimana.
1313 6040 1402 6111 Item
1427 6037 1495 6109 init
1556 6038 1570 6108 i
1597 6036 1773 6127 scoltetia,
1800 6036 1935 6109 habens

388 6159 475 6232 dnos
500 6159 625 6231 laneos
643 6165 681 6231 et
706 6161 876 6234 decimam
903 6160 1070 6252 solvebat,
1096 6160 1158 6233 aad
1184 6163 1342 6249 coempta
1367 6162 1423 6230 est
1440 6177 1503 6250 per
1519 6140 1811 6232 stanislaum
1830 6155 1936 6230 abbe·

386 6283 467 6351 tem
485 6280 571 6352 Item
590 6280 633 6353 de
651 6300 756 6354 censu
774 6283 994 6357 scoltetus...
1012 6280 1268 6355 Gondnatcnm
1294 6277 1688 6370 Gayeszlrowicze,
1715 6277 1935 6370 qusrna
