4217 8059
271 1490 320 1567 68
1844 1555 1847 1558 ,

1845 1586 1882 1689 t}
1932 1595 1937 1619 l

226 1743 233 1752 ·
267 1703 484 1773 emethonum
503 1706 540 1772 ct
558 1696 704 1792 quilibet
722 1721 786 1792 pro
805 1720 920 1785 annuo
938 1721 1044 1781 censu
1061 1702 1167 1774 solvit
1184 1702 1378 1795 quindecim
1395 1725 1537 1793 grossos
1555 1703 1703 1813 mierum
1721 1716 1890 1833 mim,

219 1890 225 1901 ,
264 1842 391 1912 sorum,
419 1822 501 1893 item
530 1843 596 1894 ova
622 1843 686 1912 per
713 1822 908 1913 quindecim
935 1824 1083 1913 solvunt,
1110 1825 1194 1895 item
1220 1824 1331 1915 gallos
1357 1824 1464 1914 duos,
1490 1827 1578 1896 item·
1602 1818 1820 1919 cefflllbll
1884 1836 1934 1923 'sp'

263 1944 357 2014 dant
384 1943 474 2013 item
499 1941 661 2014 laborant
688 1943 835 2033 quilibet
862 1944 999 2014 cmetlio
1025 1945 1163 2015 ratione
1189 1942 1307 2039 rumpi
1332 1965 1394 2015 eeu
1421 1943 1580 2041 imynp
1606 1946 1669 2019 eol

263 2064 349 2136 alias
375 2084 507 2160 zoponp
534 2071 621 2153 arat,
648 2063 812 2154 disponit,
824 2065 986 2135 seminat
1012 2064 1100 2135 Item
1117 2063 1297 2160 powobom
1314 2084 1383 2136 non
1401 2065 1571 2137 laborant

262 2207 341 2256 non
359 2180 508 2256 solvunt.
534 2184 621 2255 Item
648 2186 796 2256 taberna
821 2204 890 2256 non
919 2189 980 2258 eet
1008 2184 1100 2256 Item
1124 2186 1347 2257 hortulaniae·
1365 2207 1438 2257 -non
1466 2193 1557 2275 sunt
1583 2186 1600 2258 l
1677 2162 1819 2278 'Chelon-

263 2286 380 2379 diuum
408 2326 477 2376 non
504 2310 568 2375 est.
604 2304 692 2375 Item
718 2286 899 2409 praedium
928 2311 999 2394 eet,
1026 2306 1071 2377 de
1098 2307 1195 2378 cuius
1221 2307 1316 2396 agris
1343 2307 1591 2378 monasterium
1612 2298 1687 2378 -iao'n
1714 2308 1820 2379 solvit

258 2426 364 2496 alicui
392 2426 569 2515 decimam,
596 2424 658 2496 sed
686 2447 750 2515 pro
777 2446 814 2497 se
840 2446 916 2511 eam
944 2422 1039 2498 tollit
1065 2428 1323 2498 monasterium.
1350 2427 1438 2500 Item
1466 2448 1585 2521 omnes
1612 2429 1689 2519 agri
1715 2428 1819 2499 villae
1904 2422 1910 2432 ’

203 2556 206 2561 “
263 2548 403 2618 solvunt
438 2553 475 2616 et
508 2546 705 2629 conducunt
731 2546 898 2618 decimam
927 2549 1179 2638 manipularem
1206 2555 1243 2620 et
1269 2549 1487 2639 canapalcm,
1514 2569 1579 2639 pro
1605 2550 1818 2643 monasterio

261 2668 561 2759 Szwyerzyuensi·
579 2675 618 2738 et·
643 2669 742 2744 valor
768 2670 844 2769 eius
871 2670 1078 2768 aestimetur¹
1103 2670 1147 2740 ad
1174 2670 1293 2741 decem
1319 2690 1463 2741 marcas
1489 2664 1576 2741 Item
1604 2691 1703 2741 mons
1725 2670 1817 2741 altus
1854 2741 1856 2745 ,

246 2788 427 2881 'petrosus
458 2790 614 2860 imminet
649 2790 751 2860 villae
787 2789 990 2880 praelatae,
1011 2792 1047 2862 in
1084 2812 1152 2881 quo
1181 2791 1263 2862 olim
1299 2792 1362 2862 a'rx
1387 2789 1488 2862 fortis
1506 2812 1613 2862 muro
1640 2796 1677 2862 et
1701 2790 1818 2881 lapide

232 2898 535 2999 *alboyiabricata
560 2910 764 3001 habebatur,
792 2932 860 3001 qua
886 2910 1011 2999 diruta,
1038 2911 1202 3001 oppidum
1229 2911 1405 2983 Zatbor
1431 2901 1604 2985 muratum
1622 2918 1686 3001 est,
1704 2932 1727 2983 a
1743 2912 1812 3001 'quo

261 3039 298 3102 et
314 3032 406 3102 ruilla
431 3031 721 3121 nuncupationem
749 3033 892 3122 accepit
918 3032 960 3102 In
986 3038 1084 3104 terra
1109 3031 1340 3135 Zathoriensi
1366 3031 1526 3107 Oonilnat
1548 3036 1627 3116 cum
1647 3032 1818 3104 Bacho·

263 3166 433 3244 wyczeg·
457 3152 970 3244 LaszkouyczeRud‘a.
1049 3205 1054 3216 .
1497 3155 1502 3160 ’

367 3273 574 3371 Gaonzncz,
602 3258 685 3346 villa
710 3259 860 3364 ligneam
889 3275 1122 3365 parochialem
1149 3273 1330 3346 ecclesiam
1348 3274 1479 3346 babens
1496 3274 1533 3346 in
1552 3294 1600 3363 se,
1621 3275 1718 3345 cuiue
1736 3267 1818 3362 pro·v

263 3397 394 3486 prietes
421 3395 465 3465 ad
492 3394 737 3466 monasterium
765 3395 1129 3487 Zw-yerzynyecz
1156 3397 1319 3485 pertinet.
1346 3395 1386 3466 ln
1413 3415 1482 3485 qua
1509 3400 1592 3467 eunt
1610 3394 1818 3484 octuaginta

229 3501 354 3588 ”lanei
381 3514 617 3586 ome'tbonales
644 3522 680 3586 et
707 3516 853 3606 quuilibet
881 3516 986 3587 solvil
1012 3498 1077 3607 pro
1102 3537 1207 3587 censu
1235 3527 1313 3605 ..'·.,
1340 3500 1517 3588 item'ova
1542 3504 1817 3605 triginta,⁵item

263 3657 383 3707 caseos
410 3636 507 3724 debs,
531 3630 628 3706 item.
643 3634 754 3728 gallos
780 3636 878 3728 duna,
893 3637 995 3734 ,item
1014 3637 1124 3726 labor,
1151 3638 1234 3707 item
1260 3635 1449 3732 pmoabavot,
1475 3638 1559 3707 item
1586 3656 1713 3730 osupum,
1731 3635 1816 3706 item

148 3851 150 3855 ¹
263 3734 411 3828 taberna
447 3757 529 3827 item
556 3757 753 3844 bortulaui3
771 3759 872 3829 ,item
900 3759 1134 3830 molendinum
1161 3763 1320 3845 nonest.
1360 3757 1447 3828 Item
1475 3757 1667 3847 praedium-
1683 3761 1739 3826 eat
1760 3756 1814 3825 ibi

180 3956 186 3962 ,
264 3877 471 3967 coenobiale,
499 3854 553 3949 de·
569 3878 665 3949 cuius
694 3877 788 3968 agris
814 3879 963 3951 solvitur
989 3866 1123 3950 decima
1149 3879 1391 3969 manipularis,
1418 3883 1456 3949 et
1481 3879 1580 3949 valor
1605 3879 1680 3948 eius
1707 3877 1814 3947 aesti-

166 4036 172 4046 ·
264 4005 379 4070 matur
406 3998 448 4070 a'd
477 4004 637 4089 quatuor
653 3985 796 4071 mareas.
823 3999 910 4071 Item
938 4007 1019 4090 post
1045 4009 1171 4092 omnes,
1192 4020 1294 4090 agros
1322 3999 1424 4070 villae
1451 3999 1601 4070 solvitur
1626 4005 1663 4069 et
1689 3996 1818 4069 condu-

264 4122 366 4190 citur-
380 4110 512 4215 decima
524 4162 527 4167 -
539 4120 765 4210 manipularis
792 4126 841 4191 et·
855 4120 1177 4212 canapulis...ltem
1195 4120 1343 4192 ecclesia
1359 4120 1403 4190 de
1421 4117 1667 4191 Grodzeca·
1682 4124 1719 4189 et
1744 4118 1819 4208 ple·

264 4241 394 4329 banus,
409 4224 627 4314 babent'i'bi
655 4262 758 4332 agros
785 4243 946 4332 proprios
973 4242 1158 4332 speciales,
1185 4261 1249 4331 pro
1265 4240 1340 4312 'suo
1355 4241 1509 4331 'praedio
1535 4245 1572 4311 et
1598 4240 1816 4311 necessitate.

263 4361 360 4432 Haec
396 4362 480 4434 villa
516 4363 551 4432 in
587 4370 683 4434 terra
718 4362 965 4455 Suewyeriensi
1005 4363 1138 4453 posita,
1167 4362 1345 4433 'asseritur
1379 4381 1454 4432 esse
1490 4360 1573 4431 data
1606 4359 1818 4431 monasterio

146 4485 148 4487 ’
263 4482 527 4574 Zwyerzynensi
554 4460 765 4574 perducem
793 4483 1066 4574 Tbesznensem,
1093 4503 1169 4554 cum
1197 4483 1291 4554 omui
1318 4483 1394 4554 iure
1420 4481 1553 4570 ducali,
1580 4501 1657 4571 pro·
1671 4479 1815 4553 decimis

264 4606 555 4695 manipularibus,
591 4605 770 4678 videlicet:
810 4606 1028 4695 Lagisza,
1066 4603 1450 4691 Strzeszouoicze,
1475 4601 1819 4693 =Woykowicze,

118 4734 130 4815 J
264 4727 389 4798 Nova
416 4726 540 4815 villa,
567 4726 821 4815 Szenczow,
847 4725 1241 4816 Dobyeslawicze,
1268 4724 1575 4816 Pyrzowicze,
1602 4722 1820 4811 manuue,

264 4846 612 4935 Myszkowieze,
640 4843 771 4934 Gora,
799 4842 1076 4935 Gawszicze,
1104 4844 1466 4916 Thomkowicze.
1506 4866 1508 4868 ·

261 4984 263 4988 ·
369 4965 625 5056 Pazaeoaznn,
653 4966 736 5037 villa
762 4966 826 5037 sub
853 4966 1019 5056 parochia
1045 4966 1089 5038 de
1115 4967 1482 5057 Z'wyerzynyecz
1509 4964 1587 5054 sita,
1614 4963 1712 5034 cuius
1737 4982 1818 5052 pro-

264 5089 395 5179 prietes
431 5086 474 5157 ad
511 5088 758 5159 monasterium
792 5087 1065 5181 Zwyerzynense
1100 5089 1260 5179 petinet
1300 5087 1339 5157 ln
1376 5107 1446 5156 una
1480 5091 1581 5175 parte
1616 5090 1698 5155 sunt
1728 5083 1818 5153 lanei

264 5207 516 5297 emethonales,
534 5214 580 5301 et,
595 5208 742 5299 quilibet
768 5197 873 5280 solvit
944 5264 970 5297 .‚
994 5211 1080 5280 item
1108 5230 1182 5297 ova,
1210 5209 1293 5278 item
1320 5206 1439 5296 gallos,
1468 5207 1550 5278 item
1578 5224 1706 5292 caseos
1732 5203 1816 5274 item

262 5329 371 5415 labor,
399 5328 480 5398 item
507 5326 695 5422 powiabom,
723 5328 805 5400 item
832 5351 964 5425 oosycp5
990 5331 1074 5400 item
1101 5330 1249 5401 taberna
1276 5333 1331 5399 eet
1356 5328 1406 5399 ibi
1424 5326 1661 5414 coenobialis,
1688 5323 1820 5395 habens

259 5470 369 5539 agros
395 5455 431 5518 et
456 5454 559 5539 prata
585 5450 620 5521 in
647 5449 866 5522 haereditate
891 5449 1270 5540 Zwyerzynyecz,
1297 5449 1381 5520 item
1408 5447 1597 5535 hortulani,
1616 5445 1700 5515 item
1717 5463 1820 5534 proe-

113 5606 116 5618 1
264 5570 368 5661 dium,
394 5572 476 5641 item
503 5572 745 5643 molendinum.
772 5573 858 5643 Item
886 5573 1053 5642 maiorem
1080 5576 1212 5661 partem
1241 5577 1278 5642 et
1304 5570 1526 5641 medietatem
1552 5567 1655 5640 villae
1681 5564 1818 5655 praeia-

266 5697 341 5781 tae,
380 5691 486 5762 babet
521 5693 697 5782 plebanus
724 5693 858 5764 mediae
887 5693 1005 5782 partis
1033 5689 1156 5762 domus
1181 5690 1316 5782 ligneae
1342 5689 1503 5760 Omnium
1530 5688 1745 5759 Sanctorum.
1780 5684 1819 5755 ln

269 5834 337 5902 qua
362 5813 553 5903 praedium,
581 5820 728 5903 quatuor
755 5814 931 5885 hortulani
958 5813 1128 5884 babentes
1150 5819 1262 5884 certas
1298 5811 1413 5902 pecies
1449 5829 1611 5898 agrorum
1647 5813 1685 5877 et
1719 5811 1821 5894 prata

267 5934 360 6004 bona
386 5940 422 6004 et
449 5935 600 6024 quilibet
620 5933 725 6004 soluit
751 5935 875 6025 viginti
893 5954 1043 6023 grossos,
1063 5933 1186 6022 viginti
1205 5952 1279 6023 ova,
1298 5932 1387 6002 duos
1406 5949 1565 6019 capones,
1584 5927 1671 5998 duos
1689 5945 1820 6012 caseos,

269 6060 304 6124 et
330 6076 435 6127 unum
463 6055 552 6126 diem
580 6054 726 6146 quilibet
753 6055 890 6126 laborat
921 6046 957 6124 in
990 6055 1193 6145 septimana,
1224 6051 1392 6142 quidquid
1424 6051 1491 6120 sibi
1510 6049 1703 6120 mandatur.
1731 6045 1818 6116 Item

269 6173 365 6245 leons
384 6178 544 6266 optimus,
563 6176 621 6246 ubi
641 6175 723 6245 olim
742 6175 871 6246 fluebat
890 6175 1023 6246 Visla
1050 6181 1088 6245 et
1105 6174 1319 6263 superiorem
1337 6176 1470 6265 partem
1490 6171 1558 6241 laci
1576 6170 1684 6240 habet
1701 6187 1821 6238 mona-

270 6295 415 6365 sterium
444 6298 486 6369 de
512 6297 580 6366 Zw
589 6314 888 6387 yerzynyeoz,
915 6295 1114 6366 inferiorem
1132 6293 1295 6387 Jaeobue,
1312 6290 1460 6395 meolam
1478 6293 1515 6362 in
1535 6311 1603 6380 quo
1621 6287 1823 6359 duoutadia

126 6524 128 6529 ι
270 6413 357 6485 alias
384 6414 453 6486 due
480 6415 603 6506 toarni,
628 6414 789 6487 Omnium
821 6413 1027 6487 Sanctorum
1053 6384 1540 6553 plebaoueubsspfflem
1566 6416 1682 6491 autem
1700 6409 1822 6500 pisces
