4217 8059
289 1477 364 1548 480

288 1690 323 1753 et
341 1690 487 1773 utroque
514 1683 645 1754 lacerto
673 1685 878 1772 constricta,
915 1684 1011 1754 horis
1049 1684 1182 1775 aliquot
1214 1686 1285 1755 tam
1322 1683 1381 1754 diu
1409 1683 1699 1755 lachrimabiliter
1725 1685 1840 1755 oravit

286 1803 442 1895 fuditque
470 1802 712 1876 devotissimas
741 1826 873 1905 preces,
902 1825 1079 1895 quousque
1106 1804 1250 1894 spiritus
1282 1826 1406 1895 corpus
1433 1804 1603 1894 linquens,
1634 1804 1675 1874 ad
1705 1802 1839 1875 aeterni

289 1922 574 1996 Remrnneratoris
611 1930 828 2016 conspectum
855 1940 948 1994 'cuum
986 1924 1122 1996 Sanctis
1158 1925 1337 1997 animabus
1379 1926 1411 1995 in
1454 1946 1575 1996 aeuum
1604 1946 1839 2013 consessurus,

287 2050 401 2115 terras
416 2044 779 2136 relinqueustransiit3
794 2045 828 2116 in
840 2046 959 2116 eodem
975 2045 1186 2117 monasterio
1202 2044 1451 2117 Tharnoviensi
1467 2045 1631 2137 sepultus,
1646 2046 1842 2135 requiescit.

390 2164 467 2235 Nou
495 2166 601 2237 habet
629 2167 872 2237 monasterium
910 2166 1169 2237 'lharnoviense
1202 2166 1391 2256 praelatum
1433 2168 1567 2257 aliquus
1595 2166 1841 2256 possessiones,

286 2306 427 2373 census,
454 2286 626 2375 redditus,
654 2288 713 2357 sed
741 2286 926 2359 secundum
955 2287 1109 2377 regulam
1138 2286 1268 2359 Christi
1297 2289 1360 2359 sub
1388 2289 1523 2360 Sanctis
1552 2287 1730 2377 Apostolis
1757 2308 1838 2357 con-

286 2406 464 2494 stitutam,
491 2407 581 2497 stipe
608 2406 822 2479 emendicata
849 2414 884 2478 et
901 2407 1128 2515 eleemosynis
1155 2408 1252 2479 vivit.

883 2752 1242 2839 LUBLINENSE

350 2984 522 3063 tertium
558 2985 868 3089 monesterium,
896 2982 1068 3064 Ordinis
1101 2982 1310 3063 bllnorum
1344 2982 1397 3063 de
1430 2982 1703 3063 observantie
1738 2983 1777 3062 in

803 3120 993 3202 dioecesi
1026 3118 1317 3201 Orecovlenai.

391 3343 429 3413 ln
457 3341 624 3416 suburbio
650 3341 770 3433 oppidi
796 3342 965 3416 Luhliu
992 3350 1096 3415 extra
1121 3363 1239 3415 muros
1264 3341 1417 3416 eiusdem
1445 3343 1479 3412 in
1508 3349 1609 3433 parte
1636 3341 1842 3413 occidentali

294 3485 415 3536 versus
441 3463 583 3537 fluvium
610 3462 843 3537 Bistrzicza
869 3464 993 3552 situm3
1029 3464 1268 3535 acousulibus
1295 3470 1331 3534 et
1359 3464 1492 3535 civibus
1521 3464 1791 3535 Lublinensibus
1810 3464 1844 3532 in

290 3584 397 3657 tundo
414 3591 451 3657 et
467 3584 571 3657 horto
588 3582 711 3657 Jacobi
739 3584 896 3673 Quanta
925 3586 1076 3657 consulis
1102 3584 1333 3674 LublinensiS,
1362 3586 1419 3675 qui
1439 3584 1533 3655 illum
1555 3606 1577 3654 a
1595 3585 1770 3674 Stephano
1798 3584 1843 3654 de

287 3705 438 3777 Luhlin
456 3704 660 3796 presbytero
679 3705 863 3795 hospitalis
882 3704 1116 3794 bubliuensis,
1133 3706 1232 3777 cuius
1250 3712 1327 3776 erat
1345 3706 1468 3778 hortus
1485 3704 1749 3792 haereditarius,
1776 3725 1840 3794 pro

288 3832 385 3897 certa
411 3828 576 3916 pecuuisw
603 3827 798 3917 quantitate
825 3847 993 3916 coemens,
1021 3827 1057 3897 iu
1076 3847 1163 3917 opus
1181 3833 1253 3897 tam
1281 3832 1437 3897 sanctum
1465 3831 1502 3897 et
1518 3825 1734 3897 meritorium
1761 3846 1842 3914 per·

289 3955 395 4037 petua
422 3946 569 4021 eontulit
595 3946 781 4019 donatione
807 3968 897 4019 auno
916 3947 1055 4019 Domini
1088 3948 1200 4038 1459,
1243 3947 1466 4020 inhonorem
1491 3946 1749 4037 omnipotentis
1774 3945 1842 4019 Dei

291 4076 327 4140 et
344 4069 409 4141 sub
432 4068 535 4141 titulo
561 4066 662 4139 Beati
691 4065 791 4139 Pauli
815 4066 976 4157 Apostoli
1002 4068 1067 4141 sub
1085 4068 1268 4159 pontifictu
1295 4067 1470 4141 Thomas
1498 4065 1738 4140 Gracouieusis
1768 4068 1842 4157 epi·

287 4188 382 4280 scopi
400 4196 588 4261 erexerunt
606 4193 642 4260 et
655 4187 899 4261 timdaveruut
926 4187 991 4260 (lui
1010 4188 1147 4279 quidem
1168 4188 1380 4261 monasterio
1398 4188 1460 4261 ulii
1477 4188 1546 4262 duo
1564 4189 1677 4277 horti,
1696 4208 1842 4279 quorum

288 4332 393 4383 uuum
412 4310 555 4383 donavit
572 4308 742 4382 Matthias
762 4309 980 4400 Kuuinoga
1009 4309 1130 4383 consul
1147 4308 1370 4383 Lubliueusis
1388 4316 1425 4383 et
1441 4309 1590 4382 alterum
1608 4308 1773 4382 Nicolaus
1800 4308 1844 4381 de

289 4432 457 4505 Lubliu
494 4430 662 4503 christini
698 4436 815 4503 custos
851 4430 1147 4503 Scarbimiriensis
1182 4435 1218 4501 et
1244 4430 1405 4503 altarista
1431 4430 1683 4519 Graooviensis,
1715 4431 1844 4501 annexi

289 4558 383 4641 sunt,
410 4553 446 4624 in
464 4550 698 4643 pulcherrima
724 4551 879 4639 pomeria
904 4551 1045 4625 reducti.
1095 4550 1149 4622 Ex
1167 4552 1314 4625 ecclesia
1339 4559 1455 4626 autem
1483 4551 1600 4643 lignea
1625 4552 1661 4625 iu
1679 4550 1844 4641 primitiis

288 4673 500 4746 fundationis
518 4677 727 4761 constructa,
746 4692 910 4761 processu
928 4671 1063 4745 dierum
1086 4673 1231 4744 ecclesia
1249 4673 1412 4762 lateritia,
1432 4672 1565 4745 Christi
1582 4672 1736 4745 fidelium
1753 4670 1844 4743 elee-

287 4797 440 4885 mosynis
458 4801 495 4867 et
513 4792 718 4885 praesertim
736 4792 885 4883 praelati
903 4792 1026 4865 Jacobi
1054 4792 1229 4882 Quanta,
1257 4793 1480 4882 permittente
1508 4792 1715 4865 casimiro
1734 4793 1843 4865 mitio

289 4916 453 4988 Poloniae
480 4934 572 5005 rege,
600 4914 682 4987 licet
700 4914 881 4986 consulatu
909 4913 1112 4986 Lublineusi
1132 4914 1279 4985 rnamme
1305 4913 1492 4985 resistente
1520 4920 1556 4986 et
1573 4912 1844 5001 contradicente,

289 5060 332 5108 oe
358 5044 452 5109 esset
477 5035 636 5107 hostibus
670 5035 706 5105 iu
733 5033 952 5125 praesidium,
980 5055 1072 5107 auno
1099 5034 1238 5107 Domini
1272 5036 1339 5106 147
1346 5036 1367 5105 3
1402 5034 1655 5125 rionuullaeque
1682 5033 1842 5104 officinae

288 5157 442 5229 eiusdem
469 5156 688 5243 monasterii,
719 5154 910 5227 fabricatae
946 5162 1091 5227 suntet
1118 5162 1285 5227 muratae.
1335 5156 1375 5227 lu
1403 5177 1471 5246 quo
1498 5154 1681 5245 collegium
1707 5153 1751 5225 de
1778 5154 1844 5225 tri·

288 5279 387 5369 muta
421 5276 588 5349 fratribus
615 5276 754 5347 assidue
781 5282 906 5353 manet
937 5276 1042 5347 horas
1078 5276 1261 5347 cauomcas
1297 5282 1485 5347 nocturnas
1518 5282 1556 5346 et
1581 5275 1734 5363 diurnas,
1769 5292 1845 5345 rem

289 5420 425 5491 quoque
452 5398 603 5470 divinam
632 5417 714 5468 voce
742 5415 869 5469 sonora
903 5414 1083 5487 peragens,
1110 5397 1146 5467 iu
1173 5396 1321 5470 salntem
1351 5398 1503 5469 omnium
1531 5395 1662 5469 Christi
1688 5393 1844 5467 fidelium

291 5522 446 5594 vivorum
473 5527 510 5591 et
536 5526 760 5591 mortuorum.
1169 5518 1175 5529 ’

394 5642 472 5714 Nou
490 5641 596 5712 habet
622 5644 737 5711 autem
765 5637 1011 5709 monasterium
1039 5637 1235 5727 praelatum
1261 5637 1397 5728 aliquos
1423 5656 1546 5708 census
1573 5645 1635 5708 aut
1653 5635 1846 5726 possessio·

232 5824 237 5833 .
263 5814 273 5821 --
292 5786 363 5852 nes,
390 5763 451 5835 sed
470 5760 655 5851 largitione
683 5765 720 5831 et
738 5757 966 5847 eleemosynis
984 5756 1137 5829 fidelium
1163 5758 1293 5849 vivens,
1321 5758 1461 5831 Christo
1479 5757 1627 5830 Domino
1645 5758 1848 5829 continuum

290 5885 431 5957 exhibet
456 5880 669 5955 famulatum.
