4217 8059
1404 1292 1478 1343 ''5¹'ss

1263 1346 1267 1355 ’
1397 1350 1513 1470 '21'

1408 1386 1506 1415 “,·.

1390 1460 1519 1577 &ijs-'f
1599 1538 1611 1563 ‚

250 1704 342 1773 inter
371 1708 470 1792 prata
497 1704 695 1776 discurrens¹
723 1706 856 1777 dividit.
883 1706 971 1777 ltem
998 1707 1032 1777 in
1060 1706 1180 1779 eadem
1208 1708 1292 1779 villa
1314 1714 1483 1779 est-mons
1510 1709 1726 1799 sulphureas,
1754 1711 1797 1782 de

252 1846 320 1914 quo
350 1825 512 1896 effoditur
540 1825 685 1915 sulphur
702 1828 738 1897 in
757 1827 978 1916 abundantia,
1005 1833 1041 1899 et
1068 1830 1177 1899 ubera
1202 1829 1276 1899 eins
1304 1828 1431 1899 dantur
1451 1831 1670 1901 serenissimo
1697 1831 1798 1902 Polo·

252 1945 330 2015 niae
358 1947 441 2035 regi.
470 1946 557 2016 Item
585 1953 666 2018 sunt
692 1947 741 2018 ibi
768 1953 917 2037 quatuor
944 1950 1095 2038 piscinae
1122 1951 1348 2021 coenobiales.
1466 2020 1469 2025 .

353 2066 536 2157 Kauras,
574 2069 656 2139 villa
683 2069 747 2139 suh
775 2069 941 2158 parochia
967 2070 1009 2140 de
1037 2068 1337 2159 Czyrnichow
1364 2072 1451 2159 sita,
1478 2073 1574 2143 cuius
1601 2074 1797 2163 proprietas

249 2193 284 2257 et
311 2187 500 2261 dominium
529 2189 571 2261 ad
600 2191 845 2261 monasterium
864 2195 900 2261 et
917 2190 1152 2280 praepositum
1171 2190 1336 2281 Corporis
1354 2192 1484 2263 Christi
1511 2194 1674 2282 pertinet.
1700 2194 1798 2265 Harrc

249 2307 365 2379 villam
395 2310 615 2399 praepositus
652 2307 914 2401 Gregorius
949 2317 985 2383 et
1010 2318 1201 2384 conventus
1227 2312 1392 2402 Corporis
1419 2313 1550 2385 Christi
1586 2335 1648 2403 pro
1675 2316 1797 2385 maiori

251 2433 351 2519 parte
379 2431 464 2500 emit
491 2451 512 2500 a
538 2428 786 2503 Petrassio
823 2442 859 2502 et
884 2432 1112 2522 Margaretha
1139 2440 1299 2505 consorte
1327 2456 1389 2505 sua
1414 2435 1621 2505 liueredibhs
1649 2435 1691 2505 de
1718 2434 1798 2506 Ka-

251 2566 379 2642 myeu
407 2557 443 2622 et
469 2551 635 2623 iratribus
653 2572 772 2624 eorum
792 2553 1088 2645 Swyaslrone,
1114 2554 1282 2644 Johanne,
1301 2555 1453 2643 Nicolao,
1472 2554 1615 2626 Andrea
1632 2561 1669 2625 et
1685 2554 1796 2627 Adam

251 2690 290 2741 ac
317 2692 437 2742 sorore
465 2693 585 2743 eorum
612 2673 819 2745 Helizabeth
846 2696 937 2747 anno
964 2675 1103 2746 Domini
1126 2677 1223 2747 1408
1251 2697 1315 2765 pro
1334 2677 1531 2765 quingentis
1557 2677 1683 2747 marcis
1710 2677 1799 2747 lato-

251 2813 326 2862 rum
353 2814 551 2882 grossorum
581 2794 817 2884 Pragensium.
853 2794 1023 2867 Pmcessu
1051 2816 1135 2869 vero
1161 2797 1328 2886 temporis
1356 2796 1518 2869 videlicet
1544 2817 1633 2867 anno
1660 2797 1798 2869 Domini

255 2914 363 2983 1429.
390 2913 480 2985 idem
509 2912 772 3005 Gregorius
799 2918 1018 3021 praepositus
1045 2924 1081 2988 et
1108 2923 1298 2988 conventus
1325 2918 1526 2989 monasterii
1553 2918 1718 3006 praelati,
1743 2938 1799 2988 re-

250 3034 384 3107 siduam
412 3042 540 3108 sortem
568 3037 668 3107 villae
696 3036 873 3126 praefatae
901 3036 1103 3127 Kamyen
1132 3059 1154 3108 a
1180 3038 1324 3109 Nicolao
1346 3044 1383 3110 et
1401 3037 1605 3111 Marczissio
1632 3038 1799 3109 iratribus

252 3177 316 3245 pro
343 3165 478 3229 centum
506 3159 631 3229 marcis
649 3163 686 3229 et
703 3158 838 3229 duobus
865 3158 1017 3246 pelliceis
1039 3159 1211 3248 leporinis
1238 3166 1447 3231 coemerunt
1473 3160 1513 3230 ln
1532 3181 1601 3249 qua
1618 3159 1702 3231 villa
1719 3167 1800 3229 sunt

250 3278 341 3349 lanei
368 3280 612 3367 unethouales,
639 3279 681 3351 de
709 3279 834 3368 quibus
862 3278 1008 3350 solvitur
1043 3300 1106 3369 pro
1134 3300 1248 3352 annuo
1276 3300 1381 3352 censu
1401 3333 1516 3349 .....
1555 3280 1641 3351 Item
1669 3285 1724 3351 est
1749 3280 1798 3351 ibi
1886 3352 1890 3359 ,
2013 3306 2019 3317 ·

250 3399 428 3489 praedium
455 3394 669 3489 coenobiale,
708 3399 751 3471 de
775 3400 876 3471 cuius
902 3399 997 3491 agris
1033 3400 1181 3471 solvitur
1217 3400 1350 3472 decima
1376 3399 1602 3490 manipularis
1635 3400 1799 3471 ecclesiae

252 3521 440 3610 parochiali
468 3522 503 3591 in
530 3520 843 3613 Czyrnichow.
887 3522 974 3593 Item
1001 3542 1070 3605 non
1097 3528 1153 3594 est
1178 3523 1341 3611 taberna,
1379 3526 1531 3593 nonest
1556 3521 1798 3593 molendinum.
1885 3560 1913 3586 .-

235 3642 339 3713 'laem
366 3663 485 3713 omnes
512 3642 603 3713 lanei
630 3643 862 3714 cmethonales
899 3643 1039 3714 solvunt
1066 3642 1231 3714 decimam
1260 3643 1509 3732 manipularem
1535 3648 1573 3713 et
1599 3642 1797 3731 canapalem

250 3763 415 3835 eeclesiae
450 3763 485 3835 in
514 3760 837 3857 Czyrniahow,
873 3769 910 3841 et
935 3764 1033 3835 valor
1069 3764 1143 3835 eius
1179 3764 1385 3835 aestimatur
1419 3762 1464 3835 ad
1500 3763 1618 3835 decem
1653 3783 1797 3841 marcas.

129 3895 137 3907 ’
250 3883 336 3955 ltem
359 3889 446 3955 sunt
472 3885 525 3955 ihi¹
547 3880 777 3955 hortulaniae.
804 3884 965 3971 Cantium
991 3905 1067 3955 cum
1096 3884 1187 3955 villis
1214 3884 1405 3973 Brodl'o,
1432 3883 1765 3955 Russoczicze..

354 4006 539 4093 Lernaea,
567 4007 662 4076 uilla
690 4006 754 4077 snb
781 4006 948 4096 parochia
973 4007 1138 4077 ecclesiae
1174 4006 1218 4077 de
1245 4003 1536 4096 Nyegowydz
1572 4005 1658 4094 sita,
1698 4004 1798 4076 cuins

249 4128 445 4216 proprietas
473 4134 509 4199 et
535 4128 723 4198 dominium
751 4128 795 4198 ad
823 4128 1060 4217 praepositum
1086 4132 1123 4199 et
1148 4128 1351 4199 coenobium
1380 4126 1544 4216 Corporis
1571 4123 1703 4203 Christi
1721 4146 1800 4215 per·
1845 4110 1848 4117 ¹

249 4248 347 4335 tinet,
375 4250 509 4320 ratione
537 4249 659 4320 altaris
677 4249 808 4321 Bootae
829 4249 962 4320 Mariae
982 4248 1147 4338 Virginis,
1174 4249 1210 4319 in
1225 4249 1321 4321 dicto
1340 4247 1549 4318 monasterio
1576 4268 1638 4337 per
1656 4247 1798 4317 Petrum

250 4370 615 4461 Sabas-iranyecz
650 4370 833 4442 haeredem
869 4369 912 4441 de
940 4346 1184 4459 Luczicza,
1222 4369 1509 4439 succamerarium
1536 4368 1799 4440 Cracoviensem

177 4521 183 4531 ⁴
249 4498 286 4563 et
311 4480 529 4581 capitaneum
556 4470 865 4581 lanczicziensem
893 4512 983 4583 anno
1011 4490 1149 4561 Domini
1181 4491 1278 4561 1418
1307 4489 1424 4579 erecti,
1447 4495 1489 4597 'et
1515 4489 1552 4559 in
1579 4489 1673 4559 di'cta
1690 4489 1799 4559 eccle-

252 4614 304 4683 sia
330 4611 493 4702 Corporis
521 4613 652 4684 Christi
680 4634 788 4703 prope
815 4613 926 4685 maius
953 4613 1065 4684 altare
1093 4611 1161 4682 siti.
1196 4609 1296 4682 Hanc
1323 4611 1439 4682 villam
1466 4610 1642 4699 praelatus
1670 4609 1799 4681 Petrus

251 4733 614 4826 Schallranyecz
655 4735 698 4805 de
738 4734 980 4823 Luczicze,
1021 4733 1293 4805 subcamerarius
1327 4730 1585 4820 Cracoviensis,
1621 4731 1798 4821 praedicto

250 4856 460 4927 monasterio
487 4854 652 4945 Corporis
665 4855 809 4927 'Christi
846 4862 890 4929 et.
907 4876 970 4945 pro
997 4853 1154 4945 praelato
1191 4853 1294 4925 altari
1320 4852 1452 4925 Beetm
1478 4851 1614 4924 Mariae
1642 4851 1800 4941 Virginis

250 4977 284 5046 in
313 4976 428 5047 domm
456 4984 658 5067 perpetuam
694 4976 879 5067 largitione
914 4982 1083 5066 perpetua
1110 4982 1147 5047 et
1173 4974 1403 5063 irrevocabili,
1430 4993 1508 5045 cum
1534 4973 1628 5044 omni
1656 4973 1802 5063 integri·

250 5102 323 5168 tate
351 5105 387 5169 et
413 5096 636 5187 plenitudine,
663 5097 750 5168 nihil
777 5097 844 5168 sibi
870 5098 956 5168 iuris
984 5105 1045 5169 aut
1073 5096 1297 5187 proprietatis
1325 5096 1361 5165 in
1394 5115 1437 5165 aa
1463 5094 1693 5184 reservando,
1720 5116 1802 5165 con·

250 5218 332 5289 tulit
357 5225 393 5291 et
419 5219 572 5307 donavit;
599 5239 702 5309 quarn
729 5206 949 5289 donationem
977 5216 1255 5289 vladislaus
1281 5215 1521 5288 Secundus
1548 5214 1712 5287 Polouiae
1739 5236 1800 5287 rer

251 5359 342 5410 anno
368 5339 506 5410 Domini
538 5342 645 5412 1421.
673 5339 896 5411 confirmavit
941 5339 981 5409 In
1009 5359 1078 5427 qua
1106 5343 1188 5409 sunt
1214 5337 1304 5408 lanei
1331 5337 1574 5426 cmethonales,
1601 5336 1645 5443 de
1675 5336 1800 5426 quibus

251 5481 314 5559 pro
342 5481 455 5532 annuo
482 5481 586 5531 censu
614 5461 797 5532 solvuntur
815 5513 1008 5530 ........
1043 5458 1131 5531 Item
1159 5464 1213 5529 ost
1239 5460 1387 5530 taberna
1413 5458 1545 5530 habens
1572 5477 1685 5547 agros,
1713 5476 1801 5544 quae

251 5582 355 5653 solvit
382 5603 444 5671 pro
472 5603 586 5653 annuo
615 5603 720 5655 censu
745 5589 817 5653 tres
844 5603 988 5654 marcas.
1014 5582 1102 5654 Item
1130 5581 1276 5671 quilibet
1303 5581 1441 5653 cmetho
1468 5580 1511 5651 de
1537 5580 1638 5650 laneo
1665 5579 1803 5649 laborat

250 5725 354 5774 unum
382 5704 472 5775 diem
491 5704 525 5774 in
545 5704 748 5795 septimana,
776 5704 920 5794 proprio¹
945 5725 1049 5775 curru
1076 5709 1137 5775 ant
1163 5708 1292 5792 aratro,
1320 5723 1383 5792 per
1408 5706 1520 5773 totum
1549 5722 1684 5772 annum.
1712 5699 1800 5781 Item

250 5825 413 5897 dilaturas
439 5826 571 5898 iaciunt
597 5825 642 5897 ad
669 5825 839 5896 rationem
867 5824 1014 5896 dierum.
1040 5825 1128 5895 ltem
1155 5824 1261 5896 solvit
1288 5823 1433 5915 quilibet
1451 5876 1591 5893 ......
1632 5822 1718 5892 Item
1746 5825 1800 5891 est

251 5945 297 6017 ibi
326 5949 423 6018 curia
450 5955 486 6018 et
513 5946 691 6037 praedium
720 5946 930 6034 coenobiale
957 5947 1037 6017 item
1058 5966 1177 6018 omnes
1195 5948 1271 6036 agri
1298 5945 1517 6017 cmethouum
1545 5951 1581 6014 et
1607 5941 1801 6033 praediales

250 6073 287 6139 et
325 6070 491 6140 tabernae
528 6069 666 6140 solvunt
702 6067 868 6139 decimam
904 6067 1154 6155 manipularem
1190 6067 1356 6137 ecclesiae
1393 6065 1429 6135 in
1464 6063 1498 6134 N
1506 6061 1800 6157 yegowy'eda.·

252 6191 330 6261 item
359 6196 442 6260 sunt
469 6190 516 6260 ibi
544 6196 617 6260 tres
643 6190 796 6279 piscinae
824 6187 1042 6260 coenobiales
1073 6192 1112 6259 at
1137 6194 1263 6279 quarta
1290 6185 1440 6275 plebani,
1467 6185 1549 6255 item
1577 6206 1644 6252 non
1673 6108 1848 6271 θεὼ»,

251 6310 492 6405 molendinum.
537 6310 697 6383 Conlinat
723 6333 798 6383 cum
827 6310 918 6382 villis
945 6306 1279 6403 Ny-egowyadr,
1304 6305 1650 6459 Murusffiowicze,
1676 6302 1836 6397 byei-r·

251 6452 432 6527 czycne,
459 6433 764 6528 Lagewnyky,
792 6431 1148 6527 Wyathouioze.
1176 6410 1351 6553 'Diffi-⁵³¹.
1726 6418 1795 6521 'ti‘

1263 6812 1284 6907 ,
1376 6638 1461 6877 a...

1263 6882 1290 6951 a.
1378 6876 1435 6951 hir
