4217 8059
169 1504 171 1509 ·
310 1485 386 1557 360

305 1712 403 1764 meae
430 1670 626 1765 donationis
652 1691 815 1782 paginam
841 1691 1038 1782 infringere,
1066 1693 1121 1762 vel
1147 1693 1180 1763 ei
1198 1713 1285 1763 ausu
1302 1691 1489 1762 temerario
1507 1690 1692 1762 contraire.
1719 1688 1857 1780 Siquis

306 1818 420 1884 autem
448 1814 514 1884 hoc
541 1816 714 1884 attentare
740 1793 1021 1902 praesumpserit,
1048 1813 1320 1903 indignationem
1343 1813 1591 1902 omnipotentis
1608 1811 1674 1881 Dei
1693 1818 1729 1881 et
1746 1811 1856 1882 dicto-
1963 1842 1968 1851 ·

267 1928 270 1940 '
303 1952 382 2004 rum
408 1932 613 2005 Sanctorum
639 1935 805 2023 incurrat,
832 1940 869 2004 et
896 1955 971 2003 cum
1000 1934 1128 2025 iniquis
1155 1935 1190 2004 in
1219 1933 1375 2026 praelato
1403 1932 1560 2004 examine
1588 1932 1749 2003 districto
1766 1932 1856 2002 reci-

304 2055 393 2145 piat·
417 2056 647 2149 portionem,-
674 2056 714 2126 ln
756 2057 1021 2144 praemissorum
1063 2056 1182 2146 itaque
1222 2057 1371 2126 omnium
1412 2054 1621 2126 evidentiam
1663 2054 1857 2142 certiorem,

303 2181 523 2266 praesentem
550 2177 709 2266 paginam
738 2176 908 2247 conscribi
943 2175 1105 2275 lecimus,
1132 2181 1168 2247 et
1202 2176 1308 2266 sigilli
1335 2177 1446 2247 nostri
1472 2175 1661 2246 munimine
1685 2175 1856 2246 roborari.

305 2296 396 2367 Aeta
422 2297 508 2368 haec
535 2303 617 2369 sunt
643 2298 779 2387 publice
806 2298 842 2368 in
869 2297 1082 2387 Sandecz,
1109 2317 1225 2369 caram
1245 2297 1426 2388 magnifico
1444 2296 1584 2369 domino
1602 2297 1856 2391 Lyestlrko·
1902 2370 1906 2377 ,

305 2439 356 2488 ne
384 2402 624 2489 illustri‘duce
651 2417 907 2492 Gracoviae
934 2419 1261 2491 Sandomiriae
1289 2426 1325 2491 et
1351 2418 1586 2510 Syradiae,
1613 2419 1673 2508 qui
1700 2424 1857 2489 esttunc

304 2539 441 2629 publice
478 2534 711 2642 protestatum
748 2561 811 2611 nos
845 2560 948 2630 posse
982 2540 1050 2613 rite
1083 2538 1199 2611 iacere
1233 2540 1426 2631 praelatam
1462 2539 1702 2628 donationem,
1729 2545 1767 2610 et
1792 2559 1857 2608 suo

156 2656 158 2661 ’
305 2659 419 2751 sigillo
445 2665 664 2760 praesentem
690 2661 850 2752 paginam
879 2662 985 2733 etiam
1013 2663 1207 2733 roboravit!
1229 2662 1330 2733 Anno
1345 2661 1496 2732 ·Domiui
1528 2652 1640 2748 1280,
1666 2659 1857 2731 indictione

267 2776 269 2780 ’
305 2782 472 2872 septima,
499 2781 590 2853 inira
616 2788 758 2855 octavas
785 2781 1051 2875 Apostolorum,
1080 2778 1322 2874 praesentibus
1348 2785 1422 2855 his:
1449 2783 1574 2855 comite
1600 2781 1772 2854 Varsio
1794 2801 1857 2852 ca-

305 2901 453 2974 stellano
479 2901 720 2994 Oracoviensi,
747 2904 886 2977 domino
919 2904 1156 2995 Procopio·
1185 2905 1391 2976 cancellario
1417 2904 1566 2995 praelati
1592 2903 1723 2975 domini
1737 2903 1857 2991 ducis,

253 3046 256 3057 ·
304 3025 429 3095 comite
464 3024 673 3097 Martino
707 3025 895 3098 castellano
922 3026 1104 3115 Bresensi,
1131 3033 1167 3106 et
1193 3048 1309 3099 coram
1336 3027 1391 3098 his
1418 3026 1504 3098 viris
1531 3025 1705 3114 religiosis
1729 3014 1776 3095 et'
1792 3043 1856 3113 pa·
1919 3008 1922 3015 ’

303 3144 417 3217 tribus
440 3146 666 3218 'neumandisz
681 3128 800 3238 'supra
817 3147 911 3220 dieto
930 3147 1216 3220 ministro·fratre
1242 3147 1478 3239 Stephano
1502 3122 1855 3237 gramiam‘Strigo

303 3266 425 3357 aiensi,
450 3266 560 3341 fratre
581 3268 734 3358 Bogus
745 3269 755 3339 l
766 3290 817 3341 ao
844 3269 973 3366 lectore
991 3269 1444 3360 fratrum'praadicatorum,
1462 3266 1507 3340 ad
1525 3264 1744 3339 concordiam
1760 3266 1856 3337 inter

302 3386 430 3460 dictum
458 3387 578 3461 ducem
606 3394 642 3460 et
657 3390 731 3461 'nos
757 3389 1006 3480 faciendama
1032 3389 1161 3463 domini
1187 3392 1295 3481 legati
1322 3392 1433 3462 latere
1451 3388 1635 3477 destinato,
1652 3386 1762 3460 fratre
1782 3385 1855 3459 Jo-

301 3488 448 3581 hanue
475 3510 625 3600 custode,
651 3509 761 3582 fratre
787 3498 1007 3616 Borislao
1034 3511 1163 3612 lectore
1188 3512 1335 3585 fratrum
1364 3513 1567 3600 minorum,
1581 3516 1618 3581 et
1645 3508 1724 3580 aliis
1749 3528 1854 3599 quam

301 3628 430 3720 multis,
456 3626 528 3702 tam
555 3631 641 3704 viris
667 3631 848 3724 religiosis,
876 3650 979 3723 quam
1006 3633 1140 3705 clericis
1167 3633 1392 3723 secularibus,
1421 3652 1523 3724 quam
1551 3632 1656 3703 etiam
1684 3629 1855 3701 militibus

302 3756 339 3821 et
365 3751 443 3823 aliis
470 3751 556 3828 viris
582 3753 692 3825 bonis.
