4217 8059
287 5246 354 5453 *W

3527 1483 3675 1556 353

567 1662 743 1733 Item
818 1664 1113 1735 solvitur
1181 1667 1280 1738 ihi
1333 1667 1601 1739 decima
1670 1671 2052 1760 pecunialis
2104 1692 2234 1763 pro
2288 1677 2612 1768 episcopo
2667 1677 3110 1755 cracoviensi
3135 1739 3152 1774 ,
3200 1684 3312 1757 ‚de
3364 1688 3678 1778 quolibet

570 1783 770 1855 laneo
826 1805 952 1874 per
1001 1784 1340 1859 fertonem
1394 1790 1694 1861 latorum
1746 1811 2148 1882 grossorum
2203 1794 2676 1887 Pragensium.
2730 1799 3051 1875 Confluat
3104 1824 3259 1876 cum
3314 1861 3540 1878 .....

739 1905 1151 1997 liliosum,
1205 1910 1374 1985 villa
1435 1911 1564 1981 sub
1620 1913 1951 2001 parochia
2004 1915 2339 1988 ecclesiae
2394 1917 2479 1990 de
2531 1918 3209 2012 Ugyauovvicze
3262 1928 3423 2016 sita,
3477 1930 3677 2002 cuius

567 2028 959 2116 proprietas
999 2029 1086 2099 ad
1125 2031 1681 2103 sanctimoniales
1718 2035 2041 2123 pertinet.
2131 2035 2213 2107 In
2249 2059 2388 2128 qua
2430 2040 2593 2111 sunt
2628 2042 2931 2133 quinque
2971 2044 3155 2116 lanei
3190 2048 3699 2147 emethonalea-

570 2154 641 2217 et
679 2146 1188 2220 diversificatur
1242 2171 1486 2222 census
1540 2153 1912 2225 secundum
1969 2159 2429 2261 quantitatem
2484 2180 2832 2248 agrorum.
2913 2162 3091 2257 Item
3145 2165 3441 2256 praefati
3494 2189 3677 2241 cme-

564 2269 818 2341 thoues
871 2270 1043 2341 nihil
1100 2271 1415 2361 solvunt,
1487 2294 1710 2365 neque
1761 2275 2102 2348 laborant.
2183 2278 2403 2350 Item·
2433 2287 2545 2352 est
2604 2282 2702 2353 ibi
2756 2270 3103 2357 scoltetns
3147 2287 3408 2360 hahens
3461 2311 3675 2362 unum

563 2391 835 2461 laneum
893 2392 1217 2480 liberum3
1272 2394 1439 2464 item
1494 2395 1707 2468 habet
1761 2397 2116 2486 praefatus
2179 2401 2514 2487 scoltetus
2568 2408 2815 2474 unum·
2833 2405 3297 2478 molendinum
3352 2414 3427 2479 et
3469 2429 3677 2499 unam
3742 2384 3752 2396 ’

553 2511 944 2585 tabernam.
1027 2514 1203 2584 Item
1239 2520 1346 2584 est
1396 2515 1496 2587 ibi
1529 2515 1798 2588 decima
1834 2519 2254 2608 pecunialiS„
2311 2542 2490 2612 quae
2526 2542 2654 2612 pro
2690 2518 3499 2615 episcopocracov'iensi
3534 2508 3687 2635 'soh
3752 2520 3757 2525 ’
3800 2496 3865 2591 s:
3900 2544 3959 2593 -τ
4038 2488 4045 2503 ⁴

564 2632 753 2704 vitur
770 2688 787 2721 ‚
841 2633 927 2703 de
981 2634 1294 2723 quolibet
1345 2635 1546 2739 laneo
1589 2654 1716 2725 per
1768 2659 1979 2709 unum
2025 2638 2365 2713 fertonem
2418 2642 2717 2715 latorum
2769 2634 3171 2737 grossorum
3206 2624 3693 2738 Pragensii‘nnf

569 2751 888 2827 Confluat
942 2809 1277 2825 .......
2994 2752 3013 2771 ’

607 2967 612 2971 η
769 2875 1166 2966 Scantiam,
1222 2876 1388 2947 villa
1440 2878 1570 2948 sub
1624 2879 1955 2966 parochia
2006 2880 2337 2961 ecclesiae
2390 2882 2477 2958 de
2531 2863 3427 2976 Ugyanowicze'sita,
3481 2889 3675 2961 cuius

564 2996 959 3085 proprietas
1030 3003 1102 3068 et
1155 2997 1527 3069 dominium
1603 2999 1690 3069 ad
1756 3000 2314 3077 sanctimoniales
2386 3004 2711 3093 pertinet.
2777 3004 2872 3075 -In
2927 3026 3063 3096 qua
3134 3013 3299 3080 sunt
3367 3009 3672 3099 quinque

562 3116 743 3189 lanei
797 3117 1269 3211 cmethonales
1289 3174 1305 3207 ,
1378 3125 1452 3190 et
1503 3119 2012 3193 diversificatur.
2079 3143 2339 3205 census.
2379 3124 2755 3196 secundum
2810 3127 3302 3216 quantitatem.
3329 3149 3673 3217 agrorum.

555 3204 738 3310 stem
791 3244 901 3310 est
934 3239 1032 3309 ibi
1072 3239 1438 3329 scoltetuS,
1483 3230 1756 3317 habens'
1799 3261 2010 3313 unum
2047 3242 2329 3337 laneum
2357 3244 2680 3333 liberam,
2734 3251 2809 3317 et
2843 3247 3095 3336 recipit
3128 3255 3403 3321 sextum
3458 3248 3669 3325 dena·
3779 3249 3794 3260 “

562 3361 739 3432 rium
777 3360 1129 3432 scoltetus.
1185 3361 1356 3431 Item
1397 3348 1609 3433 habet
1644 3361 1741 3432 ibi
1779 3362 2114 3435 scoltetus
2150 3367 2373 3437 unam-
2396 3365 2787 3460 tabernam,
2822 3367 2990 3438 item
3026 3367 3240 3449 hahet
3273 3388 3484 3441 unum
3523 3390 3668 3441 mo-

560 3475 928 3565 lendinum.
1009 3481 1181 3552 Item
1237 3481 1408 3553 dant
1461 3502 1671 3553 unum
1724 3482 2012 3573 gallum,
2065 3484 2314 3574 viginti
2350 3480 2510 3570 ova}
2565 3485 2741 3557 duos
2776 3507 3032 3558 caseos
3112 3487 3291 3560 Item
3344 3487 3669 3561 laborant

558 3621 688 3691 pro
738 3621 902 3701 vere
952 3608 1044 3677 et
1064 3602 1309 3693 hyeme
1349 3601 1730 3697 pambas.-
1753 3603 1928 3675 Item
1983 3604 2264 3677 solvunt
2302 3612 2589 3700 03:9³3]ng
2650 3626 2777 3696 pro
2812 3626 2996 3679 -vere
3048 3614 3122 3679 et
3173 3608 3440 3700 hyeme.
3495 3609 3672 3682 Item

561 3722 855 3806 solvitur
907 3723 1007 3794 ibi
1062 3722 1330 3793 decima
1383 3716 1861 3815 manipulam,
1915 3729 1988 3796 et
2038 3724 2387 3798 inducitur
2440 3727 2513 3796 in
2558 3726 2883 3798 horreum
2939 3748 3067 3818 pro
3121 3720 3444 3819 episcopo
3498 3729 3668 3807 Gra-
3802 3816 3811 3829 .

562 3844 867 3916 covieusi
887 3898 904 3933 ,
959 3844 1154 3916 cuius
1208 3844 1405 3916 valor
1458 3846 1865 3918 aestimatur
1919 3845 2010 3917 ad
2063 3867 2185 3918 sex
2240 3867 2529 3927 marcas.
2612 3846 2934 3920 Confinat
2988 3902 3326 3919 .......
3348 3892 3355 3897 -

617 4104 636 4113 ἢ·
764 4087 988 4158 Nova
1044 4085 1420 4179 SANDEcz,
1491 4088 1834 4179 oppidum.
1874 4089 2141 4179 regium
2158 4143 2179 4189 2
2252 4089 2446 4161 iuxta
2508 4090 2691 4189 ,duos
2743 4089 2989 4190 fluvios
3051 4089 3179 4163 Du
3201 4072 3370 4182 na'y
3391 4112 3543 4162 ecz
3596 4097 3672 4164 et

543 4206 1105 4310 -Eamyenicza
1157 4209 1229 4283 in
1274 4207 1500 4279 medio
1556 4207 1794 4297 situm,
1859 4214 1930 4279 et
1967 4228 2091 4297 per
2146 4207 2733 4279 Venczeslaum
2790 4208 3118 4281 Poloniae
3174 4217 3244 4281 et
3297 4211 3672 4284 Bohemiae

436 4298 449 4374 Ῐ
563 4338 836 4426 regem:¹
896 4334 960 4398 in
1015 4327 1228 4400 fundo
1281 4328 1496 4410 villae,
1544 4328 1850 4418 episcopi
1901 4326 2383 4401 Cracoviensis
2434 4314 3092 4419 Kamyenicza,
3146 4329 3545 4427 fundatum,
3601 4332 3671 4401 in

558 4470 696 4546 qun¹
731 4458 840 4522 est
892 4450 1181 4523 ecclesia
1216 4450 1587 4540 collegiata
1654 4442 1950 4538 Sanctae
2022 4448 2712 4540 Margarithae,
2768 4471 2895 4540 per
2947 4449 3444 4541 Sbi-gneum
3500 4450 3668 4524 Gar-

408 4578 450 4621 ·'
477 4595 494 4645 ὴ
546 4557 852 4650 dinalern
912 4578 980 4642 et
1031 4572 1429 4663 episcopum
1483 4571 2010 4644 cracoviensem
2064 4569 2369 4643 fundata.

763 4694 984 4766 Huius
1056 4693 1293 4784 oppidi
1363 4692 1681 4765 consules
1749 4697 1822 4764 et
1873 4691 2060 4764 cives
2132 4713 2219 4782 ex
2270 4713 2355 4763 eo
2375 4745 2395 4782 ,
2466 4691 2652 4783 quod
2722 4691 2992 4782 aliquos
3064 4712 3276 4781 agros
3296 4718 3318 4751 -·
3336 4698 3411 4763 et
3465 4664 3667 4782 prata

554 4815 1176 4887 sanctimonialium
1250 4814 1335 4887 de
1390 4813 1804 4904 Antiqua
1875 4811 2284 4885 Sandecz
2356 4813 2752 4903 possident,
2823 4818 2898 4891 et
2949 4812 3135 4902 quod
3189 4812 3261 4882 in
3314 4812 3666 4903 praeiudi-

552 4936 733 5007 cium
786 4936 1054 5027 antiqui
1091 4927 1358 5027 oppidi,
1411 4933 1836 5007 Sandecz.
1867 4933 2099 5007 Novi
2138 4934 2412 5006 'erectio
2449 4933 2636 5005 facta
2688 4941 2824 5022 est,
2874 4954 3007 5031 per
3044 4953 3250 5024 quam
3305 4934 3663 5024 antiquum

559 5062 668 5129 est
719 5058 1178 5147 exinanitum,
1231 5058 1410 5128 etin
1447 5076 1700 5146 magna
1748 5060 1954 5147 parte
2007 5054 2401 5128 mutilatum
2423 5110 2441 5144 ,
2494 5054 2774 5127 solvunt
2826 5054 3250 5127 monasterio
3302 5059 3376 5131 et
3410 5055 3667 5127 sancti-

568 5178 979 5269 monialibus
1016 5177 1607 5251 Sandeczensibus
1660 5176 1956 5266 siugulis
1990 5176 2191 5248 annis
2209 5230 2227 5266 ,
2283 5196 2409 5266 pro
2438 5175 2760 5267 quolibet
2793 5175 2991 5263 festo.
3008 5173 3274 5261 Christi
3291 5230 3329 5266 ,‚
3365 5181 3665 5267 quatuor

551 5297 739 5370 -ollas
777 5299 919 5371 vini
954 5299 1346 5390 hungarici,
1383 5299 1547 5370 item
1584 5303 1886 5389 quatuor
1921 5297 2228 5387 lepores,
2251 5297 2435 5370 item
2470 5298 2779 5390 quinque
2814 5317 3201 5387 sexagenas
3236 5296 3666 5386 simularum,

562 5418 710 5491 sive
764 5439 848 5491 ex
883 5420 1377 5501 consvetudine
1431 5420 1590 5501 iam·
1608 5419 1971 5510 antiquata
2022 5417 2096 5491 et
2130 5399 2584 5509 praescripta}
2637 5419 2784 5493 sive
2836 5439 2925 5491 ex
2954 5417 3176 5491 debiti
3228 5417 3665 5490 necessitate.
3786 5435 3796 5442 ·

776 5537 1217 5615 Notandum
1240 5594 1259 5624 ‚
1299 5540 1482 5632 quod
1519 5542 1592 5612 in
1620 5559 1834 5631 regno
1862 5537 2363 5613 Poloniae-fuit
2388 5528 2668 5633 quidam
2696 5545 2984 5629 satrapa
3019 5535 3271 5611 Petrus
3307 5537 3668 5634 Wy.czga

552 5660 807 5734 nobilis
859 5660 947 5736 de
999 5662 1212 5734 armis
1245 5667 1337 5733 et
1388 5660 1593 5735 domo
1644 5659 1692 5734 J
1709 5661 2050 5750 anina‚‘
2077 5661 2347 5734 habens
2397 5660 2634 5752 plures
2688 5659 3161 5750 possessiones
3214 5663 3289 5729 et
3340 5659 3662 5730 substan·
3746 5684 3771 5694 ν

551 5781 723 5853 tiam
759 5800 1079 5872 magnam
1115 5783 1340 5873 nimie,
1377 5783 1641 5855 habens
1677 5787 1752 5853 et
1786 5778 2018 5853 castra
2054 5781 2606 5872 Czorsthen,
2657 5779 2995 5856 Rither
3030 5785 3104 5853 et
3138 5779 3664 5877 Lyemyasz,

555 5903 673 5993 qui
727 5903 799 5973 iu
838 5903 1052 5994 sylvis
1106 5909 1179 5975 et
1213 5903 1506 5977 saltibus
1541 5902 1877 5995 polonicis
1896 5955 1915 5991 ,
1968 5907 2042 5974 et
2076 5919 2366 5992 regnum
2402 5901 2733 5976 Poloniae
2786 5922 2938 5975 cum
2976 5901 3356 5991 hungarico
3408 5899 3662 5972 dister-
3763 5968 3769 5974 .

547 6023 993 6114 minantibuS‚
1045 6024 1315 6098 invenit
1365 6030 1632 6097 montes
1652 6080 1669 6115 ,
1724 6042 1938 6095 venas
1990 6042 2240 6096 aureas
2292 6030 2366 6096 et
2401 6024 2736 6096 mineram
2791 6023 3127 6096 foecunde
3180 6021 3660 6112 producentes»,

546 6164 635 6216 ex
711 6144 960 6235 quibus
1038 6144 1538 6245 magnificatus·
1588 6151 1659 6217 et
1728 6144 2000 6217 ditatus
2069 6149 2182 6218 est
2253 6144 2704 6217 vehementer
2723 6200 2740 6235 ,
2812 6151 2887 6216 et
2954 6163 3041 6216 ex
3112 6142 3362 6234 quibus
3428 6141 3665 6232 plnres

544 6265 912 6339 thesauros
966 6267 1038 6337 in
1094 6267 1307 6337 variis
1360 6266 1550 6356 locis,
1603 6271 1674 6338 et
1725 6267 2139 6357 praesertim
2192 6265 2265 6337 in
2319 6271 2551 6337 castro
2625 6265 2684 6337 L
2701 6288 2747 6355 y
2767 6286 2806 6336 e
2827 6286 2893 6336 m
2910 6287 2956 6355 y
2974 6285 3017 6335 a
3037 6287 3082 6335 n
3104 6285 3138 6335 s
3157 6286 3196 6335 z
3260 6261 3502 6335 sabulo
3555 6262 3661 6333 in-

539 6386 718 6460 fodit
770 6393 844 6459 et
896 6387 1287 6459 occultavit:
1368 6387 1446 6460 In
1502 6387 1819 6479 praefato
1873 6388 2213 6482 siquidem
2291 6391 2522 6459 castro
2588 6387 2924 6460 maximos
2977 6386 3348 6459 thesauros
3399 6382 3664 6457 dicitur

752 6554 847 6597 ub.
867 6554 1060 6599 Bonnam
1088 6553 1173 6598 111.
1655 6595 1662 6600 ,
3251 6535 3325 6585 45

1159 6932 1220 6943 ,,
1457 6816 1468 6823 -
1813 6614 2360 6943 ..aas
