4217 8059
401 1101 550 1247 aa

279 1484 352 1559 aad

279 1694 508 1767 molendinum
536 1694 571 1765 in
598 1692 737 1769 flumine
764 1693 943 1786 Krtina,
970 1705 1006 1770 et
1025 1697 1131 1769 soluit
1148 1696 1236 1769 duaa
1254 1716 1458 1786 sexagenas,
1477 1718 1547 1767 uon
1566 1695 1699 1766 habens
1716 1696 1831 1783 agros.

276 1815 364 1887 Item
399 1818 618 1888 hortulaniae
655 1826 691 1888 et
727 1818 906 1906 praedium
943 1818 1142 1891 coenobiale
1175 1839 1243 1890 non
1270 1818 1450 1889 habentur.
1487 1817 1575 1888 Item
1602 1817 1645 1887 de
1672 1816 1832 1887 omnibus

277 1938 371 2026 agris
398 1938 500 2009 uillae
529 1938 677 2010 soluitur
703 1945 739 2010 et
766 1939 970 2010 conducitur
997 1940 1131 2011 decima
1157 1939 1383 2029 manipularis
1410 1946 1446 2009 et
1474 1937 1650 2028 carlapalis
1676 1956 1740 2026 pro
1759 1958 1832 2007 mo·

277 2061 432 2130 nasmrio
467 2059 585 2131 Sancti
613 2060 793 2149 Andreae,
821 2068 856 2131 et
884 2061 982 2132 valor
1008 2062 1083 2133 eius
1110 2062 1316 2132 aestimatur
1341 2060 1386 2131 ad
1414 2066 1563 2150 quatuor¹
1587 2078 1741 2145 marcas,
1768 2057 1833 2127 ali·

275 2179 413 2269 quando
441 2181 485 2251 ad
512 2187 653 2271 septem.
680 2179 840 2275 &orbarat
866 2201 943 2252 cum
971 2180 1221 2253 Szedliska
1246 2187 1395 2270 utraque
1414 2180 1620 2251 Zawada.

381 2292 721 2389 Mancdrnowrrzr,
750 2301 831 2372 villa
854 2303 918 2373 sub
937 2302 1104 2395 parochia
1121 2302 1285 2373 ecclesiae
1304 2300 1348 2372 de
1365 2300 1608 2371 Maticzow
1635 2300 1713 2385 sita,
1731 2298 1830 2369 cuius

277 2419 444 2491 haeredes
471 2417 647 2509 Petrus,
675 2419 923 2509 lohannes,
952 2420 1186 2509 Nicolaus,
1213 2419 1423 2510 Zegotba
1450 2419 1492 2489 de
1510 2419 1616 2489 armis
1635 2417 1831 2507 Bippen-

276 2541 404 2611 nium.
431 2540 470 2612 lu
499 2561 568 2630 qua
595 2548 676 2611 snut
703 2541 883 2612 duodecim
911 2561 987 2613 cum
1006 2542 1119 2614 medio
1138 2541 1231 2613 lanei
1250 2539 1493 2629 cmethonales,
1511 2539 1554 2610 de
1573 2540 1699 2630 quibus
1717 2537 1828 2608 omni·

277 2662 341 2732 bus
369 2661 516 2732 solvitur
541 2662 676 2733 decima
703 2662 936 2751 manipularis,
964 2668 1000 2733 et
1018 2683 1080 2753 per
1098 2669 1249 2753 quatuor
1268 2664 1407 2763 ierugaa
1424 2660 1600 2750 canapalis
1617 2658 1829 2731 monasterio

133 2846 136 2851 .
275 2782 392 2853 Sancti
419 2781 581 2853 Andreae
608 2789 643 2853 et
671 2783 808 2853 ducitur
836 2783 870 2853 in
898 2784 1061 2854 horreum
1089 2782 1411 2871 saractimonialium,
1438 2788 1475 2853 et
1501 2780 1598 2853 valor
1625 2781 1701 2852 eius
1719 2780 1826 2850 aesti-

276 2910 392 2976 matur
414 2903 461 2974 ad
490 2904 606 2974 decem
635 2923 778 2987 marcas.
806 2904 892 2975 ltem
919 2905 1066 2975 taberna
1092 2925 1162 2976 una
1188 2906 1320 2975 habens
1346 2924 1458 2993 agros.
1494 2903 1581 2973 Item
1609 2900 1828 2974 hortulaniae
1927 2982 1933 2991 Ι

275 3022 364 3094 duae
390 3024 559 3096 habentes
585 3043 699 3113 agros,
725 3025 769 3095 de
797 3025 955 3096 omnibus
975 3024 1122 3096 solvitur
1140 3026 1272 3096 decima
1290 3024 1515 3114 manipularis
1534 3042 1598 3112 pro
1615 3022 1829 3119 monasterio

275 3142 392 3215 Sancti
419 3143 581 3216 Andreae
608 3146 643 3237 in
667 3143 885 3240 porr-irbmnm.
921 3146 1006 3217 ltem
1036 3145 1268 3225 molendinum
1296 3152 1369 3235 est,
1397 3145 1457 3216 sed
1486 3165 1553 3215 non
1581 3144 1688 3214 babet
1713 3160 1828 3230 agroru

275 3265 363 3336 Item
390 3264 583 3356 praedium,
606 3264 661 3338 est
687 3267 737 3338 ibi
764 3268 920 3356 unicum,
937 3267 990 3338 de
1018 3268 1115 3339 cuius
1142 3268 1237 3357 agris
1263 3268 1412 3361 solvitur
1438 3266 1570 3337 decima
1599 3261 1828 3353 manipularis

274 3385 379 3457 altari
406 3384 566 3459 Omnium
594 3384 800 3459 Sanctorum
827 3388 863 3458 in
890 3389 1037 3459 ecclesia
1065 3388 1189 3459 maiori
1216 3387 1446 3459 Gracovieusi.

378 3505 714 3596 Pazuonosczaur,
740 3508 823 3579 villa
851 3509 915 3579 sub
943 3510 1109 3598 parocbia
1135 3508 1178 3580 de
1206 3508 1446 3579 Msticzow
1471 3506 1550 3595 sita,
1577 3505 1675 3575 ouius
1700 3503 1826 3575 baares

275 3624 452 3699 Jobannes
479 3625 809 3721 Ghrzelowsky
837 3629 881 3703 de
908 3632 1014 3701 armis
1043 3630 1359 3721 Bippennium.
1386 3630 1426 3700 ln
1453 3633 1619 3719 quasunt
1638 3630 1716 3696 octo
1734 3622 1827 3693 maai
1937 3724 1944 3731 ι

274 3747 529 3838 emethonales;
556 3749 637 3821 item
673 3769 742 3821 una
777 3750 924 3823 taberna
959 3752 1092 3823 habens
1118 3772 1240 3842 agros,
1268 3752 1350 3822 item
1377 3744 1447 3831 una
1471 3746 1669 3821 hortularia
1696 3744 1829 3816 babens
1857 3808 1862 3817 .

275 3888 397 3957 agros,
423 3868 527 3940 etde
563 3870 722 3941 omuibus
758 3871 905 3942 solvitur
939 3871 1074 3943 decima
1100 3872 1326 3962 manipularis
1352 3880 1389 3942 et
1413 3869 1589 3959 canapalis
1617 3888 1679 3957 pro
1707 3886 1829 3973 mona-

274 3988 382 4059 sterio
411 3986 529 4063 Sancti
556 3991 718 4061 Andreae
745 3990 780 4062 in
807 3990 1057 4081 cracovia,
1083 3999 1120 4064 et
1145 3992 1243 4065 valor
1269 3993 1344 4064 eius
1371 3990 1576 4063 aestiuratur
1601 3987 1647 4059 ad
1674 3986 1828 4077 quinque

276 4128 420 4179 marcas.
447 4108 531 4181 Item
560 4109 738 4199 praedium
765 4134 833 4182 non
862 4122 915 4183 est
943 4114 1001 4202 ibi,
1028 4114 1111 4184 item
1139 4112 1371 4185 molendinum
1398 4131 1466 4182 non
1494 4116 1550 4181 est
1576 4108 1653 4181 ibi.'

379 4228 874 4320 ROKYT11N0,·villahttbens
902 4234 936 4303 in
965 4254 1002 4304 se
1030 4234 1208 4305 ecclesiam
1236 4233 1467 4325 parochialem
1494 4229 1662 4319 ligneam,
1687 4226 1721 4297 S.
1748 4224 1828 4297 Ma·

275 4352 347 4421 riae
374 4350 602 4440 Magdalenae
629 4351 789 4442 dicatam,
816 4354 914 4425 cuius
941 4355 1137 4446 proprietas
1164 4354 1208 4425 ad
1236 4354 1482 4425 monasterium
1509 4344 1827 4421 sanctimonialium

273 4470 389 4543 Sancti
416 4470 578 4545 Andreae
605 4475 764 4564 pertinet
792 4475 831 4544 ln
858 4496 927 4566 qua
953 4482 1034 4547 sarit
1061 4477 1183 4565 viginti
1206 4475 1298 4546 lanei
1316 4475 1430 4545 minus
1448 4471 1560 4543 medio
1579 4466 1825 4556 cmetbonalcs,

273 4598 309 4663 et
336 4593 482 4682 quilibet
508 4594 613 4667 solvit
640 4616 703 4686 pro
730 4615 834 4671 cerrsu
862 4616 968 4668 unum
986 4596 1170 4685 fertonem,
1198 4598 1280 4667 item
1308 4594 1488 4684 sexaginta
1514 4612 1598 4680 ova,
1626 4591 1708 4661 item
1735 4588 1831 4659 duos.

272 4708 402 4804 gallos3
429 4734 548 4787 caseos
584 4738 652 4799 non
675 4717 773 4788 daut.
815 4717 899 4788 ltem
927 4718 1088 4790 laborant
1115 4718 1262 4809 quilibet
1289 4717 1331 4786 de
1359 4716 1458 4786 laneo
1484 4709 1625 4784 lunzini
1651 4730 1715 4801 pro
1742 4728 1826 4779 vere

273 4843 310 4907 et
336 4837 468 4928 hyeme.
496 4837 581 4909 ltem
606 4836 786 4931 paulam
812 4860 881 4909 non
909 4838 1079 4928 laborant,
1106 4839 1167 4911 sed
1194 4838 1311 4910 fimum
1338 4837 1499 4909 educunt.
1538 4835 1627 4905 Item
1655 4830 1825 4903 tabernae

274 4959 425 5049 quinque
453 4958 619 5029 habentes
645 4978 758 5048 agros,
786 4967 934 5049 quatuor
961 4959 1101 5065 solvunt
1127 4980 1191 5050 per
1217 4980 1319 5031 unam
1338 4978 1499 5047 marcam,
1518 4956 1639 5045 quinta
1657 4954 1691 5023 in
1709 4956 1827 5023 strata
1885 4978 1898 4999 ·

274 5079 411 5167 publica
437 5078 542 5149 solvit
568 5088 640 5150 tres
668 5098 809 5150 marcas.
836 5080 924 5151 Item
951 5080 1170 5151 hortulaniae
1198 5090 1356 5170 quatuor,
1385 5078 1560 5169 quaelibet
1586 5074 1691 5145 solvit
1717 5090 1825 5142 unum

272 5197 442 5270 lemanem
476 5206 512 5269 ot
547 5220 651 5271 uuum
688 5200 777 5273 diem
814 5201 976 5273 laborant
1002 5210 1038 5274 et
1064 5203 1195 5274 habent
1221 5222 1334 5292 agros.
1374 5201 1461 5271 Item
1488 5196 1667 5288 praedium
1694 5198 1748 5264 est
1774 5190 1826 5263 ibi

273 5320 482 5410 coerrobiale,
508 5318 552 5391 de
579 5321 675 5392 cuius
694 5322 787 5411 agris
806 5321 952 5394 solvitur
969 5323 1103 5397 decima
1121 5323 1345 5414 manipularis
1367 5320 1532 5392 ccclesiae
1551 5319 1586 5388 in
1605 5312 1826 5387 Rolritbno

272 5440 357 5511 Item
385 5441 619 5514 molendinum
647 5451 700 5513 est
726 5463 801 5514 cum
830 5444 962 5534 piscina
995 5446 1126 5516 babens
1154 5466 1275 5535 agros,
1302 5450 1338 5516 et
1365 5442 1468 5513 solvit
1494 5441 1580 5511 duas
1606 5454 1761 5523 marcas,
1786 5437 1831 5505 et.

272 5562 422 5635 decimat
457 5564 623 5659 ecclesiae
660 5565 694 5635 in
723 5564 972 5637 llokitlrno.
1007 5566 1095 5637 Item
1121 5568 1197 5656 agri
1225 5565 1327 5667 villae
1353 5564 1492 5636 solvunt
1519 5561 1685 5631 decimam
1713 5554 1825 5627 mami-

273 5683 445 5773 pularem,
473 5691 508 5754 et
534 5706 597 5776 par
623 5695 772 5776 quatuor
809 5688 945 5777 ierugos
973 5688 1171 5783 canapalem
1200 5687 1409 5758 monasterio
1435 5682 1555 5754 Sancti
1581 5679 1766 5765 Andreae,
1787 5680 1826 5747 et

272 5805 420 5877 ducitur·
436 5806 471 5875 iu
499 5806 660 5878 borreum
689 5810 907 5900 monasterii,
934 5820 970 5883 et
997 5811 1095 5883 valor
1129 5811 1204 5881 eius
1231 5809 1436 5879 aestimatur
1463 5805 1506 5875 ad
1534 5803 1651 5875 decem
1678 5816 1825 5871 marcas

272 5924 433 5997 Confluat
459 5948 536 5998 cum
564 5928 655 5999 villis
682 5928 884 6019 Zawada,
911 5930 1139 6021 Euladra,
1166 5929 1478 6015 llobrowicze,
1506 5918 1825 6007 Sczekoczini,

273 6045 486 6119 Wolicza.

376 6167 540 6261 Woun,
576 6172 659 6244 villa
693 6173 757 6243 sub
791 6173 956 6265 parocbia
992 6174 1158 6246 acclesiae
1196 6173 1239 6246 de
1275 6174 1583 6266 zarnowyecz
1609 6174 1696 6259 sita,
1722 6171 1825 6243 cuius

270 6290 467 6379 proprietas
494 6291 538 6363 ad
565 6294 820 6366 serenissimum
848 6294 1011 6365 Poloniae
1039 6316 1155 6384 regam
1182 6297 1344 6385 pertinet.
1370 6296 1408 6367 In
1437 6316 1506 6387 qua
1523 6302 1605 6367 sunt
1621 6294 1713 6365 lanei
1731 6312 1825 6365 cmo

270 6410 448 6503 tbouales,
484 6412 529 6487 du
563 6415 688 6505 quibus
714 6416 882 6487 omnibus
917 6415 1064 6487 solvitur
1090 6416 1223 6488 decima
1249 6419 1492 6510 manipularis,
1518 6425 1556 6490 et
1581 6440 1644 6511 per
1670 6425 1828 6509 quatuor
