4217 8059
1703 1494 1780 1568 aar
1830 1585 1838 1605 ,

229 1720 424 1770 mensuram
453 1699 610 1789 siliginis,
637 1700 723 1771 duas
746 1720 877 1771 avenae
896 1698 1585 1811 cantemas,et·quatuorgrossns.··1tem
1604 1646 1854 1795 Μαίη-1,·
1930 1656 1955 1691 ”

228 1842 297 1891 non
325 1829 388 1910 est,
415 1841 527 1910 neque
554 1818 721 1892 ‘scoltetia
751 1821 837 1893 imm
864 1822 983 1893 omnes
1009 1821 1086 1911 agri
1114 1820 1217 1892 villae
1244 1821 1383 1895 solvunt
1410 1829 1445 1893 et
1472 1821 1671 1895 conducunt
1689 1823 1807 1895 deci--

229 1962 319 2013 mam
357 1942 603 2031 manipularem
639 1947 674 2011 et
709 1942 928 2032 canapalem,
964 1962 1028 2032 pro
1065 1942 1226 2033 episcopo
1254 1940 1494 2033 cracoviensi,
1522 1950 1558 2014 et
1583 1943 1684 2016 r-alor
1709 1945 1784 2016 eins

231 2064 435 2133 aestimatur
463 2062 506 2133 ad
527 2117 533 2132 .
553 2118 561 2132 .
579 2117 587 2132 .
606 2082 749 2133 marcas.
777 2060 1041 2150 Confluatcum
1060 2117 1068 2133 .
1087 2117 1095 2133 .
1114 2117 1121 2132 .

334 2183 537 2273 Kerasous,
565 2182 646 2254 villa
681 2184 746 2254 sub
782 2175 948 2274 parochia
979 2182 1023 2254 de
1051 2182 1320 2272 Podgrodze
1347 2184 1434 2274 dita,
1462 2184 1559 2255 cuins
1587 2203 1719 2275 prop
1772 2193 1799 2285 '¹

231 2304 275 2375 ad
303 2304 581 2376 sanctimoniales
618 2305 851 2396 Antiquae
886 2303 1280 2401 Sandeczpertinet.
1322 2305 1361 2376 ln
1389 2284 1570 2398 quaeunt
1590 2190 1851 2519 qauz,

231 2425 322 2496 lanei
350 2426 593 2516 emethonales,
622 2431 657 2497 et.
684 2426 829 2516 quilibet
856 2426 960 2497 sol-rit
987 2446 1051 2516 prn
1065 2445 1184 2497 ¹censu
1211 2424 1359 2497 mediam
1378 2436 1548 2519 martaru;
1573 2427 1657 2497 item
1808 2424 1821 2453 ‘

232 2546 380 2635 gallum,
407 2549 488 2618 item
527 2547 648 2638 viginti
687 2569 770 2638 ova,
797 2549 880 2618 item
907 2547 994 2618 duos
1021 2567 1151 2618 caseos.
1191 2540 1278 2617 Item
1306 2553 1361 2617 est
1388 2560 1457 2618 una-
1483 2547 1629 2618 tabcrna
1657 2522 1787 2619 babens

163 2672 165 2677 ’
233 2689 347 2758 agros,
372 2675 408 2739 et
435 2669 538 2741 soluit
564 2689 628 2759 pro
656 2688 766 2739 censu
788 2690 891 2740 unam
919 2688 1079 2740 marcam.
1106 2668 1193 2741 Ite'm
1215 2665 1396 2762 ponebam
1426 2653 1588 2739 laborant
1614 2688 1677 2759 pro
1704 2688 1785 2741 vere

233 2795 269 2859 et
296 2795 439 2861 aestate.
466 2791 552 2861 Item
581 2790 717 2861 ratione
744 2811 838 2885 nsaep
865 2790 970 2862 solvit
996 2789 1143 2881 quilibet
1171 2809 1273 2861 unam
1301 2809 1496 2860 mensuram
1524 2790 1682 2878 siliginis,
1702 2789 1788 2861 duas

233 2929 364 2983 avenae
391 2910 573 3001 confertas,
599 2917 636 2982 et
663 2917 814 3001 quatuor
833 2930 990 3000 grossos.
1017 2910 1105 2982 Item
1133 2909 1311 3000 praedium
1339 2915 1487 3009 nonest
1505 2909 1539 2979 in
1558 2909 1677 2981 eadem
1691 2909 1788 2986 nilla.
1855 2907 1863 2985 ζ

234 3031 321 3102 ltenr
349 3051 428 3102 non·
445 3038 500 3103 cst
526 3032 706 3128 scoltetia,
733 3033 815 3104 item
843 3052 912 3104 non
940 3037 1031 3103 sunt'¹
1048 3030 1281 3103 hortulaniae
1319 3031 1405 3104 Item
1433 3050 1552 3101 ornnes
1580 3031 1656 3120 agri
1684 3031 1787 3117 sillae

234 3152 372 3224 solvunt
398 3159 434 3224 ct
461 3153 655 3229 conducunt
683 3153 849 3225 decimam
879 3153 1127 3243 manipularem
1155 3159 1190 3224 et
1218 3152 1416 3243 canapalem
1437 3173 1500 3243 pro
1518 3153 1683 3243 episcopo
1701 3151 1785 3223 Ora·
1911 3236 1915 3241 ,

233 3275 458 3365 contemnet
486 3275 583 3346 valor
610 3276 685 3346 eius
712 3274 917 3346 aestimatur
944 3273 988 3345 ad
1015 3273 1212 3365 quindecim
1241 3277 1394 3347 marcas·
1415 3271 1576 3345 (lantiunt
1595 3327 1602 3344 .
1621 3327 1655 3344 ..
1909 3350 1913 3362 ,

337 3395 568 3487 Zeszaonuu,
596 3396 678 3469 villa
706 3396 769 3467 suh
797 3396 970 3488 parochia,
987 3395 1031 3466 de
1058 3393 1329 3486 Podgrodzc
1356 3395 1438 3485 sna,-
1460 3395 1558 3466 cuins
1586 3395 1784 3486 proprietas
1889 3488 1892 3493 ¹

236 3515 280 3587 ad
298 3518 578 3591 sanctimoniales
597 3517 833 3608 Antiquae
851 3510 1057 3614 Sandecz
1085 3516 1246 3608 pertInct.
1273 3510 1312 3586 In
1332 3535 1402 3607 qua
1419 3521 1570 3605 quatuor
1588 3515 1677 3587 lanei
1697 3534 1787 3586 crue-

236 3637 405 3728 tbonales,
433 3647 578 3729 qnorum
607 3639 641 3710 in
662 3658 773 3709 censu
802 3638 967 3710 vadatur·
983 3636 1127 3708 solutio:
1154 3636 1287 3728 primus
1311 3637 1419 3709 solvit
1437 3691 1445 3707 .
1464 3690 1471 3707 .
1491 3690 1518 3724 .,
1546 3636 1735 3708 secandus.
1751 3692 1757 3706 .
1773 3691 1790 3725 .,

236 3760 414 3831 tertius..
434 3813 457 3849 .,
484 3767 629 3852 quartus
648 3815 655 3831 .
674 3815 682 3829 .
701 3814 727 3849 .,
754 3759 835 3831 item
865 3780 968 3845 unum
994 3742 1144 3849 gallum,
1172 3758 1295 3854 uiginti
1324 3776 1404 3847 ora,
1433 3757 1520 3830 dnos
1547 3752 1675 3829 caseos.
1702 3758 1791 3829 item
1870 3749 1874 3755 ’

235 3886 290 3951 est
316 3901 385 3951 nna
411 3882 556 3952 taberna
583 3881 715 3953 hahens
742 3901 846 3970 agros
872 3880 926 3954 de.
943 3901 1011 3952 uno
1038 3881 1148 3971 laneo,
1174 3886 1209 3951 et
1239 3879 1343 3950 soluit
1369 3898 1433 3970 pro
1461 3898 1565 3951 censu
1592 3887 1666 3950 tres
1683 3879 1789 3951 ierto·

237 4023 308 4073 nes.
336 4002 424 4074 Item
446 4001 629 4097 pmnohom
655 4003 817 4074 laborant
845 4022 908 4093 pro
935 4022 1017 4074 rere
1043 4008 1080 4073 et
1106 4007 1250 4073 aestate.
1287 4001 1386 4093 Item,
1402 4002 1540 4073 ratione
1564 4004 1671 4103 necep-
1686 4000 1791 4073 solvit

238 4123 383 4214 quilibet
410 4145 513 4196 unam
540 4131 736 4198 mensnram
763 4123 923 4214 siliginis,-
950 4123 1035 4195 duas
1063 4143 1193 4195 arenae
1220 4122 1394 4217 confertas
1421 4128 1457 4194 et
1476 4128 1626 4213 quatuor
1641 4141 1792 4212 grossos.

238 4244 325 4316 Item
352 4245 531 4334 praedium
558 4267 626 4317 non
654 4253 719 4335 est,
746 4226 814 4315 nnn
842 4249 925 4316 aunt
952 4241 1188 4333 hortulaniae,
1209 4265 1275 4314 nen
1295 4248 1349 4314 est
1368 4243 1535 4314 scoltetia.
1562 4243 1652 4314 item
1671 4264 1788 4314 omnes

239 4367 313 4455 agri
351 4367 452 4438 villae
488 4368 628 4440 solvunt
663 4373 699 4437 et
735 4365 931 4439 conducunt.
967 4365 1134 4437 decimam
1163 4364 1410 4455 manipularem
1439 4370 1475 4434 et
1501 4364 1699 4456 canapalcm
1728 4386 1791 4455 pro
1888 4383 1891 4388 ·

239 4488 402 4578 episcopo
429 4487 665 4578 cracoviensi,
692 4494 728 4558 et
754 4486 852 4558 valor
878 4487 953 4557 eius
980 4486 1186 4558 aestimatur
1211 4486 1254 4556 ad
1284 4485 1435 4576 quinque
1462 4496 1603 4556 marcas.
1631 4482 1792 4557 Continet

346 4728 598 4819 Ponouonzs,
616 4729 698 4802 silla
724 4731 856 4803 habens
892 4731 926 4802 in
954 4747 992 4801 se
1018 4729 1197 4802 ecclesiam
1225 4726 1458 4821 parochialem
1479 4726 1652 4822 ligneam,
1680 4728 1793 4801 archi·

241 4849 438 4922 diaconatui
467 4848 693 4923 Sandeczensi
721 4853 829 4943 nnita,
857 4853 959 4924 cuius·
982 4852 1177 4943 proprietas
1186 4845 1241 4922 fet
1269 4849 1456 4924 dominium
1486 4849 1529 4920 ad
1549 4848 1793 4944 sanctimonia·

242 4970 296 5041 les
319 4969 573 5043 Sandeczenses
601 4973 761 5063 pertinet.
789 4973 926 5065 Inque
952 4978 1038 5045 sunt
1061 4971 1153 5045 lanei
1181 4971 1423 5061 emethonales,
1436 4975 1487 5041 ”et
1514 4969 1659 5062 quilibet
1685 4970 1792 5043 solvit
1848 5022 1850 5026 ψ

242 5112 306 5182 per
331 5082 478 5164 sedecim
507 5100 648 5183 scottos,
675 5095 757 5165 item
785 5116 888 5166 unum
917 5093 1054 5185 gallum,
1082 5093 1206 5185 viginti
1235 5070 1795 5182 oui,duoscaseos.1teutne·e

243 5218 305 5293 unt
331 5214 417 5286 duas
438 5213 610 5309 pmnnlms,
630 5236 702 5305 -pro
729 5236 810 5288 vere
834 5214 999 5313 videlicet
1025 5222 1062 5286 et
1089 5215 1220 5306 hpeme.
1247 5211 1336 5286 Item
1363 5213 1499 5290 ratione
1526 5213 1794 5309 anonym-solvit

244 5333 389 5423 quilibet
415 5345 517 5408 uuam
546 5357 740 5410 mensnram
769 5335 925 5428 siliginis,
952 5336 1039 5408 duas
1055 5354 1195 5408 ‘avenae
1223 5333 1407 5426 confertas,
1425 5341 1628 5427 et⁸qnatnor
1645 5350 1796 5426 prosam.

245 5456 331 5526 Item
367 5463 449 5527 sunt
484 5458 530 5528 ibi
567 5466 659 5530 tres·
677 5459 844 5530 tabernae
871 5480 940 5531 non
968 5446 1134 5555 babentes
1162 5477 1282 5548 agros,
1311 5456 1486 5548 quaelibet
1512 5455 1618 5547 solvit
1636 5455 1794 5526 sedecim

245 5583 396 5667 scottos,
424 5586 511 5668 qua'e
546 5579 656 5651 solnm
688 5579 820 5651 hahent
854 5578 977 5652 hortos
994 5630 996 5636 ·
1012 5579 1054 5650 ad
1093 5599 1152 5652 eas
1188 5578 1411 5670 pertinentes.
1453 5576 1540 5648 item
1577 5576 1796 5649 hortulanIae

246 5697 344 5787 duae,
372 5699 587 5787 pertinentes
614 5699 659 5771 ad
687 5701 884 5791 episcopum
913 5700 1185 5789 Gracoriensem,
1213 5706 1248 5771 et
1275 5697 1379 5770 solvit
1407 5697 1580 5794 quaelibet
1607 5703 1686 5769 octo
1705 5704 1795 5768 scot-

245 5827 311 5908 tos,
338 5818 423 5890 nihil
452 5820 623 5892 laborans.
650 5821 735 5893 Item
765 5827 820 5893 est
845 5821 1078 5894 molendinum
1097 5823 1172 5894 sine
1191 5821 1294 5912 agris,
1312 5818 1404 5911 quod
1423 5819 1507 5891 nihil
1529 5819 1621 5906 aliud
1641 5824 1794 5907 censuat,

246 5941 312 6010 nisi
350 5947 515 6013 metretas
551 5942 611 6014 dat
647 5963 710 6036 pro
747 5943 958 6014 monasterio
990 5942 1309 6014 sanctimoniallum.
1350 5941 1437 6012 Item
1465 5947 1518 6012 est
1544 5941 1592 6011 ibi
1620 5939 1798 6027 scoltetus,

246 6062 378 6132 habens
413 6063 500 6133 dnos
535 6063 654 6135 laneos
689 6065 836 6154 liberos,
864 6064 925 6135 sed
952 6063 1038 6154 nihil
1068 6064 1173 6135 hahet
1200 6063 1244 6134 de
1271 6046 1384 6134 censu.
1424 6062 1509 6133 Item
1539 6063 1799 6151 inspatronatus

246 6183 547 6254 archidiaconatus
574 6181 821 6278 Saudeozensis
842 6190 883 6255 ¹et
899 6184 1075 6254 ecclesiae
1102 6184 1137 6254 in
1166 6183 1447 6275 Podgrodze,
1475 6184 1626 6274 pertinet
1655 6182 1699 6253 ad
1726 6183 1799 6272 epi·
1870 6254 1872 6258 ,

247 6324 386 6394 scopum
414 6303 691 6375 cracoviensem
714 6305 800 6377 Item
828 6307 871 6378 de
899 6305 1058 6400 omnibus
1085 6306 1179 6394 agris
1198 6295 1482 6392 emethonalibus,
1501 6304 1648 6375 solvitur
1666 6296 1801 6375 decima

188 6408 200 6444 ²
245 6425 474 6516 manipularis
500 6431 536 6496 et
564 6405 740 6515 canapalis
766 6427 927 6518 episcopo
954 6410 1185 6517 Grncoriensi,
1212 6433 1249 6496 et
1275 6444 1338 6521 per
1364 6425 1564 6497 emethones
1581 6426 1617 6497 in
1636 6425 1801 6502 homeurn

352 6593 399 6633 Lib.
410 6590 507 6633 hauoda.
520 6591 567 6633 111.
901 6635 903 6638 y
1597 6576 1637 6623 48
