<?xml version="1.0" encoding="UTF-8"?>
<!DOCTYPE html PUBLIC "-//W3C//DTD XHTML 1.0 Transitional//EN"
    "http://www.w3.org/TR/xhtml1/DTD/xhtml1-transitional.dtd">
<html xmlns="http://www.w3.org/1999/xhtml" xml:lang="en" lang="en">
 <head>
  <title>
</title>
<meta http-equiv="Content-Type" content="text/html;charset=utf-8" />
  <meta name='ocr-system' content='tesseract 3.04.00' />
  <meta name='ocr-capabilities' content='ocr_page ocr_carea ocr_par ocr_line ocrx_word'/>
</head>
<body>
  <div class='ocr_page' id='page_1' title='image "./joannisdugoszse02dugoog_0105.png"; bbox 0 0 4217 8059; ppageno 0'>
   <div class='ocr_carea' id='block_1_1' title="bbox 1768 1504 1811 1575">
    <p class='ocr_par' dir='ltr' id='par_1_1' title="bbox 1768 1504 1811 1575">
     <span class='ocr_line' id='line_1_1' title="bbox 1768 1504 1811 1575; baseline 0.047 -2"><span class='ocrx_word' id='word_1_1' title='bbox 1768 1504 1811 1575; x_wconf 79' lang='lat' dir='ltr'>tl</span> 
     </span>
    </p>
   </div>
   <div class='ocr_carea' id='block_1_2' title="bbox 264 1704 1821 6284">
    <p class='ocr_par' dir='ltr' id='par_1_2' title="bbox 266 1704 1818 1901">
     <span class='ocr_line' id='line_1_2' title="bbox 266 1704 1818 1798; baseline 0.002 -21"><span class='ocrx_word' id='word_1_2' title='bbox 266 1705 425 1779; x_wconf 79' lang='lat' dir='ltr'>welca.</span> <span class='ocrx_word' id='word_1_3' title='bbox 465 1706 604 1780; x_wconf 86' lang='lat' dir='ltr'>Donata</span> <span class='ocrx_word' id='word_1_4' title='bbox 638 1709 850 1785; x_wconf 87' lang='lat' dir='ltr'>monasterio</span> <span class='ocrx_word' id='word_1_5' title='bbox 876 1728 940 1798; x_wconf 87' lang='lat' dir='ltr'>per</span> <span class='ocrx_word' id='word_1_6' title='bbox 967 1708 1209 1781; x_wconf 86' lang='lat' dir='ltr'>Derslaum</span> <span class='ocrx_word' id='word_1_7' title='bbox 1235 1704 1279 1779; x_wconf 91' lang='lat' dir='ltr'>de</span> <span class='ocrx_word' id='word_1_8' title='bbox 1307 1708 1487 1780; x_wconf 89' lang='lat' dir='ltr'>Buszko</span> <span class='ocrx_word' id='word_1_9' title='bbox 1515 1709 1704 1798; x_wconf 85' lang='lat' dir='ltr'>palatinum</span> <span class='ocrx_word' id='word_1_10' title='bbox 1732 1712 1818 1780; x_wconf 83' lang='lat' dir='ltr'>San-</span> 
     </span>
     <span class='ocr_line' id='line_1_3' title="bbox 266 1827 942 1901; baseline 0.003 -2"><span class='ocrx_word' id='word_1_11' title='bbox 266 1827 517 1901; x_wconf 87' lang='lat' dir='ltr'>domiriensem.</span> <span class='ocrx_word' id='word_1_12' title='bbox 938 1888 942 1901; x_wconf 94' lang='lat'>.</span> 
     </span>
    </p>

    <p class='ocr_par' dir='ltr' id='par_1_3' title="bbox 265 1948 1821 3013">
     <span class='ocr_line' id='line_1_4' title="bbox 370 1948 1819 2040; baseline 0.003 -21"><span class='ocrx_word' id='word_1_13' title='bbox 370 1948 514 2039; x_wconf 74' lang='lat' dir='ltr'>Busae,</span> <span class='ocrx_word' id='word_1_14' title='bbox 542 1950 625 2021; x_wconf 88' lang='lat' dir='ltr'>villa</span> <span class='ocrx_word' id='word_1_15' title='bbox 651 1950 716 2021; x_wconf 89' lang='lat' dir='ltr'>sub</span> <span class='ocrx_word' id='word_1_16' title='bbox 752 1950 918 2040; x_wconf 86' lang='lat' dir='ltr'>parochia</span> <span class='ocrx_word' id='word_1_17' title='bbox 944 1951 1110 2021; x_wconf 88' lang='lat' dir='ltr'>ecelesiae</span> <span class='ocrx_word' id='word_1_18' title='bbox 1137 1950 1181 2035; x_wconf 86' lang='lat' dir='ltr'>de</span> <span class='ocrx_word' id='word_1_19' title='bbox 1207 1949 1356 2021; x_wconf 90' lang='lat' dir='ltr'>Busko</span> <span class='ocrx_word' id='word_1_20' title='bbox 1384 1950 1470 2039; x_wconf 81' lang='lat' dir='ltr'>elta,</span> <span class='ocrx_word' id='word_1_21' title='bbox 1497 1951 1594 2020; x_wconf 83' lang='lat' dir='ltr'>euirrs</span> <span class='ocrx_word' id='word_1_22' title='bbox 1622 1952 1819 2040; x_wconf 77' lang='lat' dir='ltr'>proprietas</span> 
     </span>
     <span class='ocr_line' id='line_1_5' title="bbox 265 2069 1818 2163; baseline -0.001 -22"><span class='ocrx_word' id='word_1_23' title='bbox 265 2069 311 2141; x_wconf 89' lang='lat' dir='ltr'>ad</span> <span class='ocrx_word' id='word_1_24' title='bbox 335 2071 585 2143; x_wconf 84' lang='lat' dir='ltr'>monasterium</span> <span class='ocrx_word' id='word_1_25' title='bbox 615 2071 788 2144; x_wconf 86' lang='lat' dir='ltr'>Busaense</span> <span class='ocrx_word' id='word_1_26' title='bbox 816 2073 978 2163; x_wconf 81' lang='lat' dir='ltr'><strong>pertinet.</strong></span> <span class='ocrx_word' id='word_1_27' title='bbox 1004 2072 1044 2143; x_wconf 93' lang='lat' dir='ltr'>Iu</span> <span class='ocrx_word' id='word_1_28' title='bbox 1073 2093 1142 2162; x_wconf 88' lang='lat' dir='ltr'>qua</span> <span class='ocrx_word' id='word_1_29' title='bbox 1168 2077 1250 2143; x_wconf 89' lang='lat' dir='ltr'>sunt</span> <span class='ocrx_word' id='word_1_30' title='bbox 1266 2070 1447 2142; x_wconf 88' lang='lat' dir='ltr'>duodecim</span> <span class='ocrx_word' id='word_1_31' title='bbox 1465 2071 1557 2141; x_wconf 88' lang='lat' dir='ltr'>lanei</span> <span class='ocrx_word' id='word_1_32' title='bbox 1576 2072 1818 2159; x_wconf 74' lang='lat' dir='ltr'>cmetlronales,</span> 
     </span>
     <span class='ocr_line' id='line_1_6' title="bbox 267 2178 1818 2283; baseline 0.001 -22"><span class='ocrx_word' id='word_1_33' title='bbox 267 2196 304 2261; x_wconf 90' lang='lat' dir='ltr'>et</span> <span class='ocrx_word' id='word_1_34' title='bbox 328 2191 477 2282; x_wconf 79' lang='lat' dir='ltr'>quilibet</span> <span class='ocrx_word' id='word_1_35' title='bbox 502 2191 608 2265; x_wconf 76' lang='lat' dir='ltr'>solvit</span> <span class='ocrx_word' id='word_1_36' title='bbox 633 2213 696 2283; x_wconf 93' lang='lat' dir='ltr'>pro</span> <span class='ocrx_word' id='word_1_37' title='bbox 723 2213 828 2265; x_wconf 91' lang='lat' dir='ltr'>ceusu</span> <span class='ocrx_word' id='word_1_38' title='bbox 855 2213 916 2264; x_wconf 87' lang='lat' dir='ltr'>sex</span> <span class='ocrx_word' id='word_1_39' title='bbox 941 2178 1093 2283; x_wconf 84' lang='lat' dir='ltr'>grossos,</span> <span class='ocrx_word' id='word_1_40' title='bbox 1120 2193 1202 2265; x_wconf 85' lang='lat' dir='ltr'>Item</span> <span class='ocrx_word' id='word_1_41' title='bbox 1231 2212 1297 2263; x_wconf 87' lang='lat' dir='ltr'>ova</span> <span class='ocrx_word' id='word_1_42' title='bbox 1318 2191 1472 2281; x_wconf 71' lang='lat' dir='ltr'>trigInta</span> <span class='ocrx_word' id='word_1_43' title='bbox 1492 2192 1574 2262; x_wconf 86' lang='lat' dir='ltr'>item</span> <span class='ocrx_word' id='word_1_44' title='bbox 1592 2193 1703 2280; x_wconf 78' lang='lat' dir='ltr'>gallos</span> <span class='ocrx_word' id='word_1_45' title='bbox 1722 2192 1818 2281; x_wconf 75' lang='lat' dir='ltr'>deror,</span> 
     </span>
     <span class='ocr_line' id='line_1_7' title="bbox 267 2308 1817 2419; baseline 0.002 -40"><span class='ocrx_word' id='word_1_46' title='bbox 267 2309 348 2383; x_wconf 84' lang='lat' dir='ltr'>Item</span> <span class='ocrx_word' id='word_1_47' title='bbox 374 2331 494 2385; x_wconf 84' lang='lat' dir='ltr'>caseos</span> <span class='ocrx_word' id='word_1_48' title='bbox 520 2312 627 2419; x_wconf 68' lang='lat' dir='ltr'>ducq3</span> <span class='ocrx_word' id='word_1_49' title='bbox 652 2312 737 2385; x_wconf 90' lang='lat' dir='ltr'>item</span> <span class='ocrx_word' id='word_1_50' title='bbox 763 2314 872 2403; x_wconf 90' lang='lat' dir='ltr'>labor,</span> <span class='ocrx_word' id='word_1_51' title='bbox 899 2314 982 2384; x_wconf 88' lang='lat' dir='ltr'>item</span> <span class='ocrx_word' id='word_1_52' title='bbox 1002 2310 1161 2407; x_wconf 81' lang='lat' dir='ltr'>pomobo,</span> <span class='ocrx_word' id='word_1_53' title='bbox 1189 2313 1271 2382; x_wconf 92' lang='lat' dir='ltr'>item</span> <span class='ocrx_word' id='word_1_54' title='bbox 1298 2332 1437 2405; x_wconf 75' lang='lat' dir='ltr'>o.eepep;</span> <span class='ocrx_word' id='word_1_55' title='bbox 1464 2312 1547 2381; x_wconf 80' lang='lat' dir='ltr'>Item</span> <span class='ocrx_word' id='word_1_56' title='bbox 1565 2308 1731 2382; x_wconf 88' lang='lat' dir='ltr'>tabernae</span> <span class='ocrx_word' id='word_1_57' title='bbox 1750 2334 1817 2383; x_wconf 93' lang='lat' dir='ltr'>nou</span> 
     </span>
     <span class='ocr_line' id='line_1_8' title="bbox 266 2432 1817 2526; baseline 0.001 -24"><span class='ocrx_word' id='word_1_58' title='bbox 266 2437 366 2521; x_wconf 91' lang='lat' dir='ltr'>suut,</span> <span class='ocrx_word' id='word_1_59' title='bbox 392 2452 504 2522; x_wconf 87' lang='lat' dir='ltr'>neque</span> <span class='ocrx_word' id='word_1_60' title='bbox 530 2433 729 2525; x_wconf 75' lang='lat' dir='ltr'>praedium,</span> <span class='ocrx_word' id='word_1_61' title='bbox 757 2455 869 2526; x_wconf 89' lang='lat' dir='ltr'>neque</span> <span class='ocrx_word' id='word_1_62' title='bbox 895 2433 1135 2523; x_wconf 87' lang='lat' dir='ltr'>hortulanIae,</span> <span class='ocrx_word' id='word_1_63' title='bbox 1162 2453 1272 2522; x_wconf 93' lang='lat' dir='ltr'>neque</span> <span class='ocrx_word' id='word_1_64' title='bbox 1300 2432 1541 2503; x_wconf 84' lang='lat' dir='ltr'>molendinum.</span> <span class='ocrx_word' id='word_1_65' title='bbox 1584 2433 1669 2503; x_wconf 89' lang='lat' dir='ltr'>Item</span> <span class='ocrx_word' id='word_1_66' title='bbox 1699 2454 1817 2503; x_wconf 91' lang='lat' dir='ltr'>omnes</span> 
     </span>
     <span class='ocr_line' id='line_1_9' title="bbox 267 2553 1818 2644; baseline -0.001 -18"><span class='ocrx_word' id='word_1_67' title='bbox 267 2553 344 2643; x_wconf 75' lang='lat' dir='ltr'>agri</span> <span class='ocrx_word' id='word_1_68' title='bbox 378 2553 482 2626; x_wconf 80' lang='lat' dir='ltr'>villae</span> <span class='ocrx_word' id='word_1_69' title='bbox 518 2555 659 2641; x_wconf 83' lang='lat' dir='ltr'>solvunt</span> <span class='ocrx_word' id='word_1_70' title='bbox 691 2563 729 2629; x_wconf 91' lang='lat' dir='ltr'>et</span> <span class='ocrx_word' id='word_1_71' title='bbox 759 2556 955 2629; x_wconf 90' lang='lat' dir='ltr'>conducunt</span> <span class='ocrx_word' id='word_1_72' title='bbox 982 2555 1150 2627; x_wconf 89' lang='lat' dir='ltr'>decimam</span> <span class='ocrx_word' id='word_1_73' title='bbox 1177 2553 1426 2644; x_wconf 87' lang='lat' dir='ltr'>manipularem</span> <span class='ocrx_word' id='word_1_74' title='bbox 1454 2575 1516 2643; x_wconf 92' lang='lat' dir='ltr'>pro</span> <span class='ocrx_word' id='word_1_75' title='bbox 1544 2555 1755 2625; x_wconf 87' lang='lat' dir='ltr'>rnonasterio</span> <span class='ocrx_word' id='word_1_76' title='bbox 1785 2555 1818 2624; x_wconf 90' lang='lat' dir='ltr'>in</span> 
     </span>
     <span class='ocr_line' id='line_1_10' title="bbox 268 2672 1820 2764; baseline -0.001 -20"><span class='ocrx_word' id='word_1_77' title='bbox 268 2672 432 2764; x_wconf 81' lang='lat' dir='ltr'>Buslro,</span> <span class='ocrx_word' id='word_1_78' title='bbox 458 2682 495 2746; x_wconf 91' lang='lat' dir='ltr'>et</span> <span class='ocrx_word' id='word_1_79' title='bbox 522 2675 620 2747; x_wconf 86' lang='lat' dir='ltr'>valor</span> <span class='ocrx_word' id='word_1_80' title='bbox 645 2677 719 2747; x_wconf 91' lang='lat' dir='ltr'>eius</span> <span class='ocrx_word' id='word_1_81' title='bbox 745 2678 951 2750; x_wconf 87' lang='lat' dir='ltr'>aestimatur</span> <span class='ocrx_word' id='word_1_82' title='bbox 978 2677 1023 2748; x_wconf 88' lang='lat' dir='ltr'>ad</span> <span class='ocrx_word' id='word_1_83' title='bbox 1049 2676 1167 2748; x_wconf 91' lang='lat' dir='ltr'>decem</span> <span class='ocrx_word' id='word_1_84' title='bbox 1195 2695 1349 2763; x_wconf 82' lang='lat' dir='ltr'>marcas3</span> <span class='ocrx_word' id='word_1_85' title='bbox 1377 2676 1458 2745; x_wconf 92' lang='lat' dir='ltr'>item</span> <span class='ocrx_word' id='word_1_86' title='bbox 1487 2675 1619 2745; x_wconf 89' lang='lat' dir='ltr'>decima</span> <span class='ocrx_word' id='word_1_87' title='bbox 1646 2677 1820 2764; x_wconf 85' lang='lat' dir='ltr'>carrapi...</span> 
     </span>
     <span class='ocr_line' id='line_1_11' title="bbox 268 2792 1821 2888; baseline -0.001 -21"><span class='ocrx_word' id='word_1_88' title='bbox 268 2792 430 2868; x_wconf 58' lang='lat' dir='ltr'>&amp;diluat</span> <span class='ocrx_word' id='word_1_89' title='bbox 463 2815 542 2869; x_wconf 91' lang='lat' dir='ltr'>cum</span> <span class='ocrx_word' id='word_1_90' title='bbox 577 2796 707 2869; x_wconf 90' lang='lat' dir='ltr'>eisdem</span> <span class='ocrx_word' id='word_1_91' title='bbox 743 2799 852 2888; x_wconf 87' lang='lat' dir='ltr'>villis,</span> <span class='ocrx_word' id='word_1_92' title='bbox 879 2818 957 2871; x_wconf 92' lang='lat' dir='ltr'>cum</span> <span class='ocrx_word' id='word_1_93' title='bbox 984 2798 1110 2887; x_wconf 91' lang='lat' dir='ltr'>quibus</span> <span class='ocrx_word' id='word_1_94' title='bbox 1137 2802 1173 2868; x_wconf 93' lang='lat' dir='ltr'>et</span> <span class='ocrx_word' id='word_1_95' title='bbox 1199 2796 1364 2887; x_wconf 91' lang='lat' dir='ltr'>oppidum</span> <span class='ocrx_word' id='word_1_96' title='bbox 1392 2796 1554 2868; x_wconf 87' lang='lat' dir='ltr'>Busko.</span> <span class='ocrx_word' id='word_1_97' title='bbox 1594 2797 1730 2867; x_wconf 84' lang='lat' dir='ltr'>Donata</span> <span class='ocrx_word' id='word_1_98' title='bbox 1759 2815 1821 2886; x_wconf 90' lang='lat' dir='ltr'>per</span> 
     </span>
     <span class='ocr_line' id='line_1_12' title="bbox 266 2914 1395 3013; baseline 0.002 -26"><span class='ocrx_word' id='word_1_99' title='bbox 266 2914 451 2989; x_wconf 80' lang='lat' dir='ltr'>Darslaum</span> <span class='ocrx_word' id='word_1_100' title='bbox 478 2916 527 2989; x_wconf 88' lang='lat' dir='ltr'>de</span> <span class='ocrx_word' id='word_1_101' title='bbox 549 2917 705 2992; x_wconf 89' lang='lat' dir='ltr'>Busko</span> <span class='ocrx_word' id='word_1_102' title='bbox 733 2919 924 3009; x_wconf 90' lang='lat' dir='ltr'>palatinum</span> <span class='ocrx_word' id='word_1_103' title='bbox 950 2918 1275 2991; x_wconf 87' lang='lat' dir='ltr'>SaudomIriensem.</span> <span class='ocrx_word' id='word_1_104' title='bbox 1390 3002 1395 3013; x_wconf 30' lang='grc'>1</span> 
     </span>
    </p>

    <p class='ocr_par' dir='ltr' id='par_1_4' title="bbox 264 3037 1820 5173">
     <span class='ocr_line' id='line_1_13' title="bbox 320 3037 1820 3131; baseline 0.003 -26"><span class='ocrx_word' id='word_1_105' title='bbox 320 3096 326 3105; x_wconf 96' lang='grc'>.</span> <span class='ocrx_word' id='word_1_106' title='bbox 370 3037 560 3129; x_wconf 87' lang='lat' dir='ltr'>Nosszow,</span> <span class='ocrx_word' id='word_1_107' title='bbox 587 3041 672 3112; x_wconf 87' lang='lat' dir='ltr'>villa</span> <span class='ocrx_word' id='word_1_108' title='bbox 696 3041 761 3113; x_wconf 89' lang='lat' dir='ltr'>sub</span> <span class='ocrx_word' id='word_1_109' title='bbox 787 3042 953 3131; x_wconf 88' lang='lat' dir='ltr'>parochia</span> <span class='ocrx_word' id='word_1_110' title='bbox 979 3040 1146 3112; x_wconf 87' lang='lat' dir='ltr'>ecclesIae</span> <span class='ocrx_word' id='word_1_111' title='bbox 1173 3040 1216 3113; x_wconf 91' lang='lat' dir='ltr'>de</span> <span class='ocrx_word' id='word_1_112' title='bbox 1235 3039 1500 3130; x_wconf 87' lang='lat' dir='ltr'>Wasznyow</span> <span class='ocrx_word' id='word_1_113' title='bbox 1528 3039 1607 3129; x_wconf 88' lang='lat' dir='ltr'>sita,</span> <span class='ocrx_word' id='word_1_114' title='bbox 1625 3040 1721 3110; x_wconf 90' lang='lat' dir='ltr'>cuius</span> <span class='ocrx_word' id='word_1_115' title='bbox 1741 3060 1820 3129; x_wconf 90' lang='lat' dir='ltr'>pro·</span> 
     </span>
     <span class='ocr_line' id='line_1_14' title="bbox 269 3157 1819 3253; baseline 0.002 -25"><span class='ocrx_word' id='word_1_116' title='bbox 269 3157 402 3247; x_wconf 77' lang='lat' dir='ltr'>prietes</span> <span class='ocrx_word' id='word_1_117' title='bbox 420 3159 474 3237; x_wconf 80' lang='lat' dir='ltr'>ad</span> <span class='ocrx_word' id='word_1_118' title='bbox 499 3162 701 3233; x_wconf 91' lang='lat' dir='ltr'>coenobium</span> <span class='ocrx_word' id='word_1_119' title='bbox 728 3162 906 3236; x_wconf 89' lang='lat' dir='ltr'>Buszeuse</span> <span class='ocrx_word' id='word_1_120' title='bbox 932 3164 1094 3253; x_wconf 89' lang='lat' dir='ltr'>pertinet.</span> <span class='ocrx_word' id='word_1_121' title='bbox 1135 3163 1174 3233; x_wconf 93' lang='lat' dir='ltr'>Iu</span> <span class='ocrx_word' id='word_1_122' title='bbox 1202 3180 1271 3251; x_wconf 88' lang='lat' dir='ltr'>qua</span> <span class='ocrx_word' id='word_1_123' title='bbox 1298 3167 1380 3232; x_wconf 90' lang='lat' dir='ltr'>sunt</span> <span class='ocrx_word' id='word_1_124' title='bbox 1406 3159 1584 3232; x_wconf 83' lang='lat' dir='ltr'>duodecim</span> <span class='ocrx_word' id='word_1_125' title='bbox 1613 3160 1704 3231; x_wconf 88' lang='lat' dir='ltr'>lanei</span> <span class='ocrx_word' id='word_1_126' title='bbox 1732 3181 1819 3231; x_wconf 88' lang='lat' dir='ltr'>eme-</span> 
     </span>
     <span class='ocr_line' id='line_1_15' title="bbox 265 3272 1819 3375; baseline 0.001 -26"><span class='ocrx_word' id='word_1_127' title='bbox 265 3276 425 3353; x_wconf 81' lang='lat' dir='ltr'>tlmncles</span> <span class='ocrx_word' id='word_1_128' title='bbox 451 3286 488 3352; x_wconf 88' lang='lat' dir='ltr'>et</span> <span class='ocrx_word' id='word_1_129' title='bbox 513 3282 661 3371; x_wconf 81' lang='lat' dir='ltr'>quilibet</span> <span class='ocrx_word' id='word_1_130' title='bbox 686 3283 790 3355; x_wconf 86' lang='lat' dir='ltr'>solvit</span> <span class='ocrx_word' id='word_1_131' title='bbox 817 3305 881 3374; x_wconf 92' lang='lat' dir='ltr'>pro</span> <span class='ocrx_word' id='word_1_132' title='bbox 908 3304 1013 3355; x_wconf 88' lang='lat' dir='ltr'>censu</span> <span class='ocrx_word' id='word_1_133' title='bbox 1041 3272 1302 3375; x_wconf 77' lang='lat' dir='ltr'>quatuordecim</span> <span class='ocrx_word' id='word_1_134' title='bbox 1330 3288 1469 3371; x_wconf 80' lang='lat' dir='ltr'>scottos,</span> <span class='ocrx_word' id='word_1_135' title='bbox 1494 3282 1575 3350; x_wconf 89' lang='lat' dir='ltr'>item</span> <span class='ocrx_word' id='word_1_136' title='bbox 1593 3282 1703 3369; x_wconf 83' lang='lat' dir='ltr'>gallos</span> <span class='ocrx_word' id='word_1_137' title='bbox 1723 3281 1819 3371; x_wconf 71' lang='lat' dir='ltr'>durrus,</span> 
     </span>
     <span class='ocr_line' id='line_1_16' title="bbox 265 3400 1818 3495; baseline 0.002 -27"><span class='ocrx_word' id='word_1_138' title='bbox 265 3400 348 3471; x_wconf 87' lang='lat' dir='ltr'>item</span> <span class='ocrx_word' id='word_1_139' title='bbox 374 3422 441 3474; x_wconf 88' lang='lat' dir='ltr'>cua</span> <span class='ocrx_word' id='word_1_140' title='bbox 468 3403 623 3493; x_wconf 81' lang='lat' dir='ltr'>triginta,</span> <span class='ocrx_word' id='word_1_141' title='bbox 648 3405 732 3477; x_wconf 92' lang='lat' dir='ltr'>item</span> <span class='ocrx_word' id='word_1_142' title='bbox 750 3426 871 3477; x_wconf 87' lang='lat' dir='ltr'>caseos</span> <span class='ocrx_word' id='word_1_143' title='bbox 889 3406 995 3495; x_wconf 90' lang='lat' dir='ltr'>duos;</span> <span class='ocrx_word' id='word_1_144' title='bbox 1023 3407 1105 3475; x_wconf 88' lang='lat' dir='ltr'>item</span> <span class='ocrx_word' id='word_1_145' title='bbox 1124 3404 1270 3495; x_wconf 82' lang='lat' dir='ltr'>quilibet</span> <span class='ocrx_word' id='word_1_146' title='bbox 1287 3403 1330 3473; x_wconf 93' lang='lat' dir='ltr'>de</span> <span class='ocrx_word' id='word_1_147' title='bbox 1348 3403 1459 3492; x_wconf 88' lang='lat' dir='ltr'>laneo,</span> <span class='ocrx_word' id='word_1_148' title='bbox 1478 3402 1672 3491; x_wconf 89' lang='lat' dir='ltr'>incipiendo</span> <span class='ocrx_word' id='word_1_149' title='bbox 1692 3424 1713 3471; x_wconf 90' lang='lat' dir='ltr'>a</span> <span class='ocrx_word' id='word_1_150' title='bbox 1731 3402 1818 3471; x_wconf 81' lang='lat' dir='ltr'>iusto</span> 
     </span>
     <span class='ocr_line' id='line_1_17' title="bbox 267 3518 1818 3615; baseline 0.001 -25"><span class='ocrx_word' id='word_1_151' title='bbox 267 3518 301 3590; x_wconf 90' lang='lat' dir='ltr'>S.</span> <span class='ocrx_word' id='word_1_152' title='bbox 326 3519 499 3601; x_wconf 72' lang='lat' dir='ltr'>Iohanne</span> <span class='ocrx_word' id='word_1_153' title='bbox 534 3524 718 3614; x_wconf 77' lang='lat' dir='ltr'>Baptistae</span> <span class='ocrx_word' id='word_1_154' title='bbox 753 3526 799 3597; x_wconf 90' lang='lat' dir='ltr'>ad</span> <span class='ocrx_word' id='word_1_155' title='bbox 834 3525 960 3599; x_wconf 83' lang='lat' dir='ltr'>festum</span> <span class='ocrx_word' id='word_1_156' title='bbox 996 3525 1257 3615; x_wconf 69' lang='lat' dir='ltr'>smannens,</span> <span class='ocrx_word' id='word_1_157' title='bbox 1288 3523 1374 3595; x_wconf 88' lang='lat' dir='ltr'>duos</span> <span class='ocrx_word' id='word_1_158' title='bbox 1401 3523 1494 3613; x_wconf 75' lang='lat' dir='ltr'>dim,</span> <span class='ocrx_word' id='word_1_159' title='bbox 1521 3522 1647 3594; x_wconf 87' lang='lat' dir='ltr'>abinde</span> <span class='ocrx_word' id='word_1_160' title='bbox 1675 3544 1756 3593; x_wconf 83' lang='lat' dir='ltr'>uero</span> <span class='ocrx_word' id='word_1_161' title='bbox 1784 3524 1818 3591; x_wconf 91' lang='lat' dir='ltr'>in</span> 
     </span>
     <span class='ocr_line' id='line_1_18' title="bbox 267 3640 1820 3736; baseline 0 -23"><span class='ocrx_word' id='word_1_162' title='bbox 267 3640 408 3715; x_wconf 88' lang='lat' dir='ltr'>residua</span> <span class='ocrx_word' id='word_1_163' title='bbox 433 3649 534 3733; x_wconf 86' lang='lat' dir='ltr'>parte</span> <span class='ocrx_word' id='word_1_164' title='bbox 554 3647 650 3735; x_wconf 85' lang='lat' dir='ltr'>anui,</span> <span class='ocrx_word' id='word_1_165' title='bbox 679 3666 782 3719; x_wconf 92' lang='lat' dir='ltr'>uuum</span> <span class='ocrx_word' id='word_1_166' title='bbox 809 3648 1046 3720; x_wconf 89' lang='lat' dir='ltr'>tautummodo</span> <span class='ocrx_word' id='word_1_167' title='bbox 1075 3649 1165 3717; x_wconf 93' lang='lat' dir='ltr'>diem</span> <span class='ocrx_word' id='word_1_168' title='bbox 1193 3647 1227 3718; x_wconf 87' lang='lat' dir='ltr'>lu</span> <span class='ocrx_word' id='word_1_169' title='bbox 1255 3646 1449 3736; x_wconf 79' lang='lat' dir='ltr'>septimana</span> <span class='ocrx_word' id='word_1_170' title='bbox 1476 3645 1617 3734; x_wconf 92' lang='lat' dir='ltr'>proprio</span> <span class='ocrx_word' id='word_1_171' title='bbox 1636 3664 1740 3714; x_wconf 83' lang='lat' dir='ltr'>rurrru</span> <span class='ocrx_word' id='word_1_172' title='bbox 1759 3650 1820 3713; x_wconf 91' lang='lat' dir='ltr'>ant</span> 
     </span>
     <span class='ocr_line' id='line_1_19' title="bbox 266 3764 1819 3865; baseline 0.001 -31"><span class='ocrx_word' id='word_1_173' title='bbox 266 3767 386 3835; x_wconf 83' lang='lat' dir='ltr'>aratro</span> <span class='ocrx_word' id='word_1_174' title='bbox 408 3764 582 3839; x_wconf 81' lang='lat' dir='ltr'>laborare</span> <span class='ocrx_word' id='word_1_175' title='bbox 617 3773 767 3840; x_wconf 81' lang='lat' dir='ltr'>tenemur.</span> <span class='ocrx_word' id='word_1_176' title='bbox 806 3768 893 3841; x_wconf 86' lang='lat' dir='ltr'>Item</span> <span class='ocrx_word' id='word_1_177' title='bbox 929 3790 1065 3865; x_wconf 78' lang='lat' dir='ltr'>oaeyep,</span> <span class='ocrx_word' id='word_1_178' title='bbox 1093 3770 1176 3839; x_wconf 82' lang='lat' dir='ltr'>item</span> <span class='ocrx_word' id='word_1_179' title='bbox 1196 3765 1390 3863; x_wconf 67' lang='lat' dir='ltr'>petroniano..</span> <span class='ocrx_word' id='word_1_180' title='bbox 1430 3766 1517 3837; x_wconf 89' lang='lat' dir='ltr'>Item</span> <span class='ocrx_word' id='word_1_181' title='bbox 1545 3772 1626 3836; x_wconf 92' lang='lat' dir='ltr'>suut</span> <span class='ocrx_word' id='word_1_182' title='bbox 1655 3767 1703 3836; x_wconf 91' lang='lat' dir='ltr'>ibi</span> <span class='ocrx_word' id='word_1_183' title='bbox 1729 3765 1819 3835; x_wconf 71' lang='lat' dir='ltr'>«lurae</span> 
     </span>
     <span class='ocr_line' id='line_1_20' title="bbox 265 3883 1818 3980; baseline 0.001 -26"><span class='ocrx_word' id='word_1_184' title='bbox 265 3883 432 3955; x_wconf 89' lang='lat' dir='ltr'>tabernae</span> <span class='ocrx_word' id='word_1_185' title='bbox 458 3886 627 3960; x_wconf 88' lang='lat' dir='ltr'>habentes</span> <span class='ocrx_word' id='word_1_186' title='bbox 652 3909 765 3980; x_wconf 79' lang='lat' dir='ltr'>agros,</span> <span class='ocrx_word' id='word_1_187' title='bbox 791 3894 828 3960; x_wconf 88' lang='lat' dir='ltr'>et</span> <span class='ocrx_word' id='word_1_188' title='bbox 854 3890 1029 3980; x_wconf 87' lang='lat' dir='ltr'>quaelibet</span> <span class='ocrx_word' id='word_1_189' title='bbox 1056 3891 1161 3962; x_wconf 86' lang='lat' dir='ltr'>solvit</span> <span class='ocrx_word' id='word_1_190' title='bbox 1187 3910 1253 3980; x_wconf 92' lang='lat' dir='ltr'>pro</span> <span class='ocrx_word' id='word_1_191' title='bbox 1280 3908 1384 3959; x_wconf 87' lang='lat' dir='ltr'>censu</span> <span class='ocrx_word' id='word_1_192' title='bbox 1412 3908 1514 3957; x_wconf 87' lang='lat' dir='ltr'>unam</span> <span class='ocrx_word' id='word_1_193' title='bbox 1543 3907 1703 3956; x_wconf 85' lang='lat' dir='ltr'>marcam.</span> <span class='ocrx_word' id='word_1_194' title='bbox 1732 3886 1818 3955; x_wconf 89' lang='lat' dir='ltr'>Item</span> 
     </span>
     <span class='ocr_line' id='line_1_21' title="bbox 266 4006 1819 4102; baseline 0.001 -27"><span class='ocrx_word' id='word_1_195' title='bbox 266 4010 341 4077; x_wconf 89' lang='lat' dir='ltr'>tres</span> <span class='ocrx_word' id='word_1_196' title='bbox 374 4006 595 4082; x_wconf 89' lang='lat' dir='ltr'>hortulaniae</span> <span class='ocrx_word' id='word_1_197' title='bbox 630 4011 798 4084; x_wconf 90' lang='lat' dir='ltr'>babentes</span> <span class='ocrx_word' id='word_1_198' title='bbox 834 4033 955 4102; x_wconf 76' lang='lat' dir='ltr'>agree,</span> <span class='ocrx_word' id='word_1_199' title='bbox 982 4034 1054 4083; x_wconf 86' lang='lat' dir='ltr'>uua</span> <span class='ocrx_word' id='word_1_200' title='bbox 1079 4011 1184 4083; x_wconf 84' lang='lat' dir='ltr'>solet</span> <span class='ocrx_word' id='word_1_201' title='bbox 1208 4009 1326 4082; x_wconf 91' lang='lat' dir='ltr'>decem</span> <span class='ocrx_word' id='word_1_202' title='bbox 1355 4016 1504 4098; x_wconf 84' lang='lat' dir='ltr'>scottos,</span> <span class='ocrx_word' id='word_1_203' title='bbox 1531 4009 1619 4079; x_wconf 82' lang='lat' dir='ltr'>durae</span> <span class='ocrx_word' id='word_1_204' title='bbox 1647 4030 1729 4079; x_wconf 76' lang='lat' dir='ltr'>uero</span> <span class='ocrx_word' id='word_1_205' title='bbox 1758 4029 1819 4095; x_wconf 84' lang='lat' dir='ltr'>per</span> 
     </span>
     <span class='ocr_line' id='line_1_22' title="bbox 265 4124 1817 4222; baseline 0 -26"><span class='ocrx_word' id='word_1_206' title='bbox 265 4124 384 4199; x_wconf 87' lang='lat' dir='ltr'>decem</span> <span class='ocrx_word' id='word_1_207' title='bbox 409 4149 561 4218; x_wconf 80' lang='lat' dir='ltr'>grossos.</span> <span class='ocrx_word' id='word_1_208' title='bbox 588 4132 676 4205; x_wconf 92' lang='lat' dir='ltr'>Item</span> <span class='ocrx_word' id='word_1_209' title='bbox 703 4140 763 4205; x_wconf 90' lang='lat' dir='ltr'>est</span> <span class='ocrx_word' id='word_1_210' title='bbox 785 4135 833 4205; x_wconf 94' lang='lat' dir='ltr'>ibi</span> <span class='ocrx_word' id='word_1_211' title='bbox 860 4133 1094 4205; x_wconf 82' lang='lat' dir='ltr'>molendinum</span> <span class='ocrx_word' id='word_1_212' title='bbox 1121 4134 1195 4203; x_wconf 90' lang='lat' dir='ltr'>sine</span> <span class='ocrx_word' id='word_1_213' title='bbox 1223 4133 1334 4222; x_wconf 82' lang='lat' dir='ltr'>agris,</span> <span class='ocrx_word' id='word_1_214' title='bbox 1362 4128 1453 4221; x_wconf 92' lang='lat' dir='ltr'>quod</span> <span class='ocrx_word' id='word_1_215' title='bbox 1483 4131 1587 4200; x_wconf 84' lang='lat' dir='ltr'>soluit</span> <span class='ocrx_word' id='word_1_216' title='bbox 1613 4137 1685 4200; x_wconf 85' lang='lat' dir='ltr'>tres</span> <span class='ocrx_word' id='word_1_217' title='bbox 1712 4128 1817 4197; x_wconf 85' lang='lat' dir='ltr'>ierto-</span> 
     </span>
     <span class='ocr_line' id='line_1_23' title="bbox 264 4247 1815 4344; baseline -0.001 -26"><span class='ocrx_word' id='word_1_218' title='bbox 264 4266 335 4319; x_wconf 80' lang='lat' dir='ltr'>uas</span> <span class='ocrx_word' id='word_1_219' title='bbox 370 4247 458 4319; x_wconf 86' lang='lat' dir='ltr'>Item</span> <span class='ocrx_word' id='word_1_220' title='bbox 484 4260 540 4323; x_wconf 88' lang='lat' dir='ltr'>est</span> <span class='ocrx_word' id='word_1_221' title='bbox 564 4253 624 4333; x_wconf 85' lang='lat' dir='ltr'>¹ibi</span> <span class='ocrx_word' id='word_1_222' title='bbox 658 4255 757 4325; x_wconf 87' lang='lat' dir='ltr'>curia</span> <span class='ocrx_word' id='word_1_223' title='bbox 790 4255 999 4327; x_wconf 84' lang='lat' dir='ltr'>coenobIalis</span> <span class='ocrx_word' id='word_1_224' title='bbox 1034 4261 1071 4325; x_wconf 91' lang='lat' dir='ltr'>et</span> <span class='ocrx_word' id='word_1_225' title='bbox 1107 4254 1304 4344; x_wconf 85' lang='lat' dir='ltr'>praedium,</span> <span class='ocrx_word' id='word_1_226' title='bbox 1340 4254 1383 4325; x_wconf 91' lang='lat' dir='ltr'>de</span> <span class='ocrx_word' id='word_1_227' title='bbox 1419 4254 1516 4323; x_wconf 80' lang='lat' dir='ltr'>culus</span> <span class='ocrx_word' id='word_1_228' title='bbox 1552 4251 1646 4340; x_wconf 85' lang='lat' dir='ltr'>agris</span> <span class='ocrx_word' id='word_1_229' title='bbox 1684 4268 1746 4336; x_wconf 93' lang='lat' dir='ltr'>pro</span> <span class='ocrx_word' id='word_1_230' title='bbox 1778 4268 1815 4317; x_wconf 81' lang='lat' dir='ltr'>se</span> 
     </span>
     <span class='ocr_line' id='line_1_24' title="bbox 265 4368 1817 4464; baseline -0.005 -21"><span class='ocrx_word' id='word_1_231' title='bbox 265 4374 510 4447; x_wconf 80' lang='lat' dir='ltr'>monasterium</span> <span class='ocrx_word' id='word_1_232' title='bbox 544 4374 639 4448; x_wconf 90' lang='lat' dir='ltr'>tollit</span> <span class='ocrx_word' id='word_1_233' title='bbox 674 4375 849 4447; x_wconf 87' lang='lat' dir='ltr'>decimam.</span> <span class='ocrx_word' id='word_1_234' title='bbox 889 4376 976 4446; x_wconf 89' lang='lat' dir='ltr'>Item</span> <span class='ocrx_word' id='word_1_235' title='bbox 1012 4396 1131 4446; x_wconf 87' lang='lat' dir='ltr'>omues</span> <span class='ocrx_word' id='word_1_236' title='bbox 1167 4374 1243 4464; x_wconf 85' lang='lat' dir='ltr'>agri</span> <span class='ocrx_word' id='word_1_237' title='bbox 1279 4372 1530 4460; x_wconf 79' lang='lat' dir='ltr'>emetlroualeS,</span> <span class='ocrx_word' id='word_1_238' title='bbox 1558 4368 1753 4441; x_wconf 85' lang='lat' dir='ltr'>tabernales</span> <span class='ocrx_word' id='word_1_239' title='bbox 1780 4374 1817 4437; x_wconf 87' lang='lat' dir='ltr'>et</span> 
     </span>
     <span class='ocr_line' id='line_1_25' title="bbox 265 4480 1815 4584; baseline -0.005 -20"><span class='ocrx_word' id='word_1_240' title='bbox 265 4493 528 4567; x_wconf 88' lang='lat' dir='ltr'>bortnlanorum</span> <span class='ocrx_word' id='word_1_241' title='bbox 565 4495 705 4567; x_wconf 87' lang='lat' dir='ltr'>solvunt</span> <span class='ocrx_word' id='word_1_242' title='bbox 739 4502 775 4566; x_wconf 92' lang='lat' dir='ltr'>et</span> <span class='ocrx_word' id='word_1_243' title='bbox 810 4480 1007 4567; x_wconf 87' lang='lat' dir='ltr'>conducunt</span> <span class='ocrx_word' id='word_1_244' title='bbox 1033 4495 1202 4566; x_wconf 86' lang='lat' dir='ltr'>decimam</span> <span class='ocrx_word' id='word_1_245' title='bbox 1230 4494 1495 4584; x_wconf 87' lang='lat' dir='ltr'>manipularem,</span> <span class='ocrx_word' id='word_1_246' title='bbox 1523 4510 1585 4579; x_wconf 92' lang='lat' dir='ltr'>pro</span> <span class='ocrx_word' id='word_1_247' title='bbox 1611 4488 1815 4577; x_wconf 84' lang='lat' dir='ltr'>episcopatu</span> 
     </span>
     <span class='ocr_line' id='line_1_26' title="bbox 265 4608 1816 4707; baseline -0.004 -22"><span class='ocrx_word' id='word_1_248' title='bbox 265 4612 497 4705; x_wconf 80' lang='lat' dir='ltr'>cracoviensi,</span> <span class='ocrx_word' id='word_1_249' title='bbox 524 4621 560 4689; x_wconf 89' lang='lat' dir='ltr'>et</span> <span class='ocrx_word' id='word_1_250' title='bbox 586 4617 785 4707; x_wconf 86' lang='lat' dir='ltr'>canap&#39;alem</span> <span class='ocrx_word' id='word_1_251' title='bbox 813 4637 876 4706; x_wconf 93' lang='lat' dir='ltr'>per</span> <span class='ocrx_word' id='word_1_252' title='bbox 903 4623 1053 4707; x_wconf 90' lang='lat' dir='ltr'>quatuor</span> <span class='ocrx_word' id='word_1_253' title='bbox 1080 4617 1226 4705; x_wconf 84' lang='lat' dir='ltr'>ierugas,</span> <span class='ocrx_word' id='word_1_254' title='bbox 1255 4622 1291 4685; x_wconf 92' lang='lat' dir='ltr'>et</span> <span class='ocrx_word' id='word_1_255' title='bbox 1314 4614 1413 4693; x_wconf 73' lang='lat' dir='ltr'>¹nidor</span> <span class='ocrx_word' id='word_1_256' title='bbox 1440 4613 1513 4680; x_wconf 86' lang='lat' dir='ltr'>eius</span> <span class='ocrx_word' id='word_1_257' title='bbox 1539 4608 1744 4678; x_wconf 85' lang='lat' dir='ltr'>aestimetur</span> <span class='ocrx_word' id='word_1_258' title='bbox 1771 4608 1816 4679; x_wconf 84' lang='lat' dir='ltr'>ad</span> 
     </span>
     <span class='ocr_line' id='line_1_27' title="bbox 266 4727 1815 4829; baseline -0.007 -22"><span class='ocrx_word' id='word_1_259' title='bbox 266 4737 527 4825; x_wconf 87' lang='lat' dir='ltr'>quatuordecim</span> <span class='ocrx_word' id='word_1_260' title='bbox 555 4758 697 4809; x_wconf 79' lang='lat' dir='ltr'>marcas</span> <span class='ocrx_word' id='word_1_261' title='bbox 737 4737 899 4811; x_wconf 78' lang='lat' dir='ltr'>Confluat</span> <span class='ocrx_word' id='word_1_262' title='bbox 925 4758 1001 4809; x_wconf 92' lang='lat' dir='ltr'>cum</span> <span class='ocrx_word' id='word_1_263' title='bbox 1030 4737 1332 4829; x_wconf 85' lang='lat' dir='ltr'>Bolyesequ,</span> <span class='ocrx_word' id='word_1_264' title='bbox 1358 4733 1554 4819; x_wconf 74' lang='lat' dir='ltr'>Jagnpu,</span> <span class='ocrx_word' id='word_1_265' title='bbox 1582 4727 1815 4820; x_wconf 75' lang='lat' dir='ltr'>Sobeligy,</span> 
     </span>
     <span class='ocr_line' id='line_1_28' title="bbox 267 4847 1815 4950; baseline -0.005 -25"><span class='ocrx_word' id='word_1_266' title='bbox 267 4854 556 4948; x_wconf 86' lang='lat' dir='ltr'>Prawacayn,</span> <span class='ocrx_word' id='word_1_267' title='bbox 582 4858 879 4950; x_wconf 81' lang='lat' dir='ltr'>Ghocaimow,</span> <span class='ocrx_word' id='word_1_268' title='bbox 906 4858 1217 4946; x_wconf 84' lang='lat' dir='ltr'>Oszlrowicze,</span> <span class='ocrx_word' id='word_1_269' title='bbox 1244 4850 1544 4947; x_wconf 78' lang='lat' dir='ltr'>Swyanskow,</span> <span class='ocrx_word' id='word_1_270' title='bbox 1571 4847 1815 4920; x_wconf 82' lang='lat' dir='ltr'>PruszIno·</span> 
     </span>
     <span class='ocr_line' id='line_1_29' title="bbox 268 4970 1816 5072; baseline -0.006 -21"><span class='ocrx_word' id='word_1_271' title='bbox 268 4978 405 5051; x_wconf 79' lang='lat' dir='ltr'>nicae</span> <span class='ocrx_word' id='word_1_272' title='bbox 440 4987 477 5051; x_wconf 91' lang='lat' dir='ltr'>et</span> <span class='ocrx_word' id='word_1_273' title='bbox 504 4979 718 5072; x_wconf 88' lang='lat' dir='ltr'>Podolyc.</span> <span class='ocrx_word' id='word_1_274' title='bbox 753 4981 891 5053; x_wconf 90' lang='lat' dir='ltr'>Donata</span> <span class='ocrx_word' id='word_1_275' title='bbox 917 4980 1128 5053; x_wconf 89' lang='lat' dir='ltr'>monasterio</span> <span class='ocrx_word' id='word_1_276' title='bbox 1155 4998 1218 5069; x_wconf 91' lang='lat' dir='ltr'>per</span> <span class='ocrx_word' id='word_1_277' title='bbox 1245 4972 1484 5048; x_wconf 85' lang='lat' dir='ltr'>Derslaum</span> <span class='ocrx_word' id='word_1_278' title='bbox 1513 4970 1704 5061; x_wconf 88' lang='lat' dir='ltr'>palatinum</span> <span class='ocrx_word' id='word_1_279' title='bbox 1731 4972 1816 5042; x_wconf 87' lang='lat' dir='ltr'>Sau-</span> 
     </span>
     <span class='ocr_line' id='line_1_30' title="bbox 266 5098 518 5173; baseline 0.012 -3"><span class='ocrx_word' id='word_1_280' title='bbox 266 5098 518 5173; x_wconf 85' lang='lat' dir='ltr'>domirieusem.</span> 
     </span>
    </p>

    <p class='ocr_par' dir='ltr' id='par_1_5' title="bbox 265 5214 1816 6284">
     <span class='ocr_line' id='line_1_31' title="bbox 369 5214 1815 5314; baseline -0.008 -19"><span class='ocrx_word' id='word_1_281' title='bbox 369 5220 632 5314; x_wconf 69' lang='lat' dir='ltr'>Gennamrn,</span> <span class='ocrx_word' id='word_1_282' title='bbox 658 5224 741 5295; x_wconf 87' lang='lat' dir='ltr'>villa</span> <span class='ocrx_word' id='word_1_283' title='bbox 766 5224 831 5295; x_wconf 92' lang='lat' dir='ltr'>sub</span> <span class='ocrx_word' id='word_1_284' title='bbox 856 5223 1024 5313; x_wconf 88' lang='lat' dir='ltr'>parochia</span> <span class='ocrx_word' id='word_1_285' title='bbox 1048 5221 1093 5293; x_wconf 90' lang='lat' dir='ltr'>de</span> <span class='ocrx_word' id='word_1_286' title='bbox 1119 5220 1380 5305; x_wconf 84' lang='lat' dir='ltr'>Wasznyow</span> <span class='ocrx_word' id='word_1_287' title='bbox 1406 5214 1484 5305; x_wconf 77' lang='lat' dir='ltr'>sita,</span> <span class='ocrx_word' id='word_1_288' title='bbox 1503 5214 1600 5284; x_wconf 90' lang='lat' dir='ltr'>cuius</span> <span class='ocrx_word' id='word_1_289' title='bbox 1618 5215 1815 5304; x_wconf 86' lang='lat' dir='ltr'>proprietas</span> 
     </span>
     <span class='ocr_line' id='line_1_32' title="bbox 267 5333 1816 5434; baseline -0.006 -21"><span class='ocrx_word' id='word_1_290' title='bbox 267 5341 313 5413; x_wconf 90' lang='lat' dir='ltr'>ad</span> <span class='ocrx_word' id='word_1_291' title='bbox 338 5345 586 5417; x_wconf 84' lang='lat' dir='ltr'>monasterinm</span> <span class='ocrx_word' id='word_1_292' title='bbox 620 5345 804 5417; x_wconf 88' lang='lat' dir='ltr'>Buszlro</span> <span class='ocrx_word' id='word_1_293' title='bbox 840 5344 999 5434; x_wconf 87' lang='lat' dir='ltr'>pertinet.</span> <span class='ocrx_word' id='word_1_294' title='bbox 1039 5342 1079 5412; x_wconf 92' lang='lat' dir='ltr'>In</span> <span class='ocrx_word' id='word_1_295' title='bbox 1106 5359 1174 5431; x_wconf 91' lang='lat' dir='ltr'>qua</span> <span class='ocrx_word' id='word_1_296' title='bbox 1195 5343 1277 5409; x_wconf 92' lang='lat' dir='ltr'>sunt</span> <span class='ocrx_word' id='word_1_297' title='bbox 1303 5355 1364 5407; x_wconf 86' lang='lat' dir='ltr'>sex</span> <span class='ocrx_word' id='word_1_298' title='bbox 1392 5333 1482 5405; x_wconf 87' lang='lat' dir='ltr'>lanei</span> <span class='ocrx_word' id='word_1_299' title='bbox 1509 5334 1752 5421; x_wconf 90' lang='lat' dir='ltr'>cmethonales,</span> <span class='ocrx_word' id='word_1_300' title='bbox 1781 5340 1816 5403; x_wconf 89' lang='lat' dir='ltr'>et</span> 
     </span>
     <span class='ocr_line' id='line_1_33' title="bbox 268 5455 1813 5556; baseline -0.008 -21"><span class='ocrx_word' id='word_1_301' title='bbox 268 5464 412 5552; x_wconf 89' lang='lat' dir='ltr'>quilibet</span> <span class='ocrx_word' id='word_1_302' title='bbox 446 5466 551 5537; x_wconf 85' lang='lat' dir='ltr'>soluit</span> <span class='ocrx_word' id='word_1_303' title='bbox 585 5486 649 5556; x_wconf 91' lang='lat' dir='ltr'>pro</span> <span class='ocrx_word' id='word_1_304' title='bbox 685 5486 790 5537; x_wconf 87' lang='lat' dir='ltr'>censu</span> <span class='ocrx_word' id='word_1_305' title='bbox 825 5486 940 5535; x_wconf 90' lang='lat' dir='ltr'>annuo</span> <span class='ocrx_word' id='word_1_306' title='bbox 975 5458 1235 5554; x_wconf 87' lang='lat' dir='ltr'>quatuordecim</span> <span class='ocrx_word' id='word_1_307' title='bbox 1270 5460 1420 5547; x_wconf 85' lang='lat' dir='ltr'>scottos,</span> <span class='ocrx_word' id='word_1_308' title='bbox 1446 5455 1530 5527; x_wconf 88' lang='lat' dir='ltr'>item</span> <span class='ocrx_word' id='word_1_309' title='bbox 1557 5477 1623 5526; x_wconf 85' lang='lat' dir='ltr'>ova</span> <span class='ocrx_word' id='word_1_310' title='bbox 1659 5455 1813 5543; x_wconf 85' lang='lat' dir='ltr'>triginta,</span> 
     </span>
     <span class='ocr_line' id='line_1_34' title="bbox 267 5574 1815 5677; baseline -0.006 -22"><span class='ocrx_word' id='word_1_311' title='bbox 267 5583 350 5656; x_wconf 92' lang='lat' dir='ltr'>item</span> <span class='ocrx_word' id='word_1_312' title='bbox 383 5586 495 5677; x_wconf 79' lang='lat' dir='ltr'>gallos</span> <span class='ocrx_word' id='word_1_313' title='bbox 529 5586 636 5676; x_wconf 88' lang='lat' dir='ltr'>duos,</span> <span class='ocrx_word' id='word_1_314' title='bbox 671 5586 755 5657; x_wconf 91' lang='lat' dir='ltr'>item</span> <span class='ocrx_word' id='word_1_315' title='bbox 791 5604 910 5657; x_wconf 87' lang='lat' dir='ltr'>caseos</span> <span class='ocrx_word' id='word_1_316' title='bbox 937 5584 1031 5656; x_wconf 85' lang='lat' dir='ltr'>duos</span> <span class='ocrx_word' id='word_1_317' title='bbox 1071 5581 1158 5651; x_wconf 90' lang='lat' dir='ltr'>Item</span> <span class='ocrx_word' id='word_1_318' title='bbox 1186 5578 1332 5668; x_wconf 91' lang='lat' dir='ltr'>quilibet</span> <span class='ocrx_word' id='word_1_319' title='bbox 1357 5574 1400 5647; x_wconf 89' lang='lat' dir='ltr'>de</span> <span class='ocrx_word' id='word_1_320' title='bbox 1426 5574 1545 5664; x_wconf 87' lang='lat' dir='ltr'>laneo,</span> <span class='ocrx_word' id='word_1_321' title='bbox 1573 5575 1815 5664; x_wconf 84' lang='lat' dir='ltr'>incipIendoa</span> 
     </span>
     <span class='ocr_line' id='line_1_35' title="bbox 265 5696 1814 5786; baseline -0.008 -9"><span class='ocrx_word' id='word_1_322' title='bbox 265 5703 356 5779; x_wconf 89' lang='lat' dir='ltr'>iesto</span> <span class='ocrx_word' id='word_1_323' title='bbox 381 5706 502 5781; x_wconf 84' lang='lat' dir='ltr'>Sancti</span> <span class='ocrx_word' id='word_1_324' title='bbox 526 5706 697 5779; x_wconf 85' lang='lat' dir='ltr'>Iohannis</span> <span class='ocrx_word' id='word_1_325' title='bbox 724 5706 770 5777; x_wconf 93' lang='lat' dir='ltr'>ad</span> <span class='ocrx_word' id='word_1_326' title='bbox 795 5704 920 5777; x_wconf 78' lang='lat' dir='ltr'>festum</span> <span class='ocrx_word' id='word_1_327' title='bbox 945 5702 1062 5774; x_wconf 85' lang='lat' dir='ltr'>Sancti</span> <span class='ocrx_word' id='word_1_328' title='bbox 1090 5699 1271 5771; x_wconf 86' lang='lat' dir='ltr'>Michaelis</span> <span class='ocrx_word' id='word_1_329' title='bbox 1298 5697 1385 5769; x_wconf 89' lang='lat' dir='ltr'>duos</span> <span class='ocrx_word' id='word_1_330' title='bbox 1412 5696 1496 5786; x_wconf 89' lang='lat' dir='ltr'>dies,</span> <span class='ocrx_word' id='word_1_331' title='bbox 1524 5696 1650 5768; x_wconf 84' lang='lat' dir='ltr'>abinde</span> <span class='ocrx_word' id='word_1_332' title='bbox 1678 5717 1760 5768; x_wconf 87' lang='lat' dir='ltr'>vero</span> <span class='ocrx_word' id='word_1_333' title='bbox 1780 5698 1814 5766; x_wconf 93' lang='lat' dir='ltr'>in</span> 
     </span>
     <span class='ocr_line' id='line_1_36' title="bbox 267 5818 1816 5919; baseline -0.007 -21"><span class='ocrx_word' id='word_1_334' title='bbox 267 5827 407 5901; x_wconf 87' lang='lat' dir='ltr'>residua</span> <span class='ocrx_word' id='word_1_335' title='bbox 432 5834 534 5919; x_wconf 85' lang='lat' dir='ltr'>parte</span> <span class='ocrx_word' id='word_1_336' title='bbox 558 5829 651 5918; x_wconf 88' lang='lat' dir='ltr'>anni,</span> <span class='ocrx_word' id='word_1_337' title='bbox 678 5848 782 5898; x_wconf 88' lang='lat' dir='ltr'>unum</span> <span class='ocrx_word' id='word_1_338' title='bbox 808 5822 1043 5897; x_wconf 87' lang='lat' dir='ltr'>tantummodo</span> <span class='ocrx_word' id='word_1_339' title='bbox 1071 5822 1163 5915; x_wconf 86' lang='lat' dir='ltr'>diem</span> <span class='ocrx_word' id='word_1_340' title='bbox 1189 5821 1224 5891; x_wconf 92' lang='lat' dir='ltr'>in</span> <span class='ocrx_word' id='word_1_341' title='bbox 1252 5819 1453 5910; x_wconf 87' lang='lat' dir='ltr'>septimana,</span> <span class='ocrx_word' id='word_1_342' title='bbox 1473 5818 1613 5908; x_wconf 91' lang='lat' dir='ltr'>proprio</span> <span class='ocrx_word' id='word_1_343' title='bbox 1632 5838 1735 5889; x_wconf 90' lang='lat' dir='ltr'>curru</span> <span class='ocrx_word' id='word_1_344' title='bbox 1755 5823 1816 5887; x_wconf 81' lang='lat' dir='ltr'>arnt</span> 
     </span>
     <span class='ocr_line' id='line_1_37' title="bbox 267 5930 1813 6039; baseline -0.009 -20"><span class='ocrx_word' id='word_1_345' title='bbox 267 5955 387 6023; x_wconf 88' lang='lat' dir='ltr'>aratro</span> <span class='ocrx_word' id='word_1_346' title='bbox 414 5950 575 6024; x_wconf 80' lang='lat' dir='ltr'>laborare</span> <span class='ocrx_word' id='word_1_347' title='bbox 602 5955 750 6021; x_wconf 92' lang='lat' dir='ltr'>tenetur.</span> <span class='ocrx_word' id='word_1_348' title='bbox 784 5948 870 6019; x_wconf 91' lang='lat' dir='ltr'>Itcm</span> <span class='ocrx_word' id='word_1_349' title='bbox 896 5966 1013 6039; x_wconf 72' lang='lat' dir='ltr'>ompq)</span> <span class='ocrx_word' id='word_1_350' title='bbox 1039 5930 1185 6037; x_wconf 74' lang='lat' dir='ltr'>quilibet</span> <span class='ocrx_word' id='word_1_351' title='bbox 1211 5941 1254 6013; x_wconf 88' lang='lat' dir='ltr'>de</span> <span class='ocrx_word' id='word_1_352' title='bbox 1282 5940 1381 6011; x_wconf 91' lang='lat' dir='ltr'>laneo</span> <span class='ocrx_word' id='word_1_353' title='bbox 1409 5940 1513 6011; x_wconf 88' lang='lat' dir='ltr'>soluit</span> <span class='ocrx_word' id='word_1_354' title='bbox 1540 5960 1645 6011; x_wconf 91' lang='lat' dir='ltr'>unum</span> <span class='ocrx_word' id='word_1_355' title='bbox 1671 5939 1813 6009; x_wconf 83' lang='lat' dir='ltr'>eborum</span> 
     </span>
     <span class='ocr_line' id='line_1_38' title="bbox 266 6044 1815 6168; baseline -0.008 -27"><span class='ocrx_word' id='word_1_356' title='bbox 266 6071 392 6167; x_wconf 77' lang='lat' dir='ltr'>qnid,</span> <span class='ocrx_word' id='word_1_357' title='bbox 419 6072 503 6143; x_wconf 89' lang='lat' dir='ltr'>item</span> <span class='ocrx_word' id='word_1_358' title='bbox 525 6070 714 6168; x_wconf 77' lang='lat' dir='ltr'>porcetum.</span> <span class='ocrx_word' id='word_1_359' title='bbox 750 6070 835 6140; x_wconf 91' lang='lat' dir='ltr'>Item</span> <span class='ocrx_word' id='word_1_360' title='bbox 864 6086 933 6138; x_wconf 90' lang='lat' dir='ltr'>uon</span> <span class='ocrx_word' id='word_1_361' title='bbox 960 6068 1060 6143; x_wconf 70' lang='lat' dir='ltr'>sunt:</span> <span class='ocrx_word' id='word_1_362' title='bbox 1075 6044 1261 6157; x_wconf 66' lang='lat' dir='ltr'>tabernae,</span> <span class='ocrx_word' id='word_1_363' title='bbox 1296 6082 1407 6152; x_wconf 92' lang='lat' dir='ltr'>neque</span> <span class='ocrx_word' id='word_1_364' title='bbox 1443 6061 1678 6148; x_wconf 85' lang='lat' dir='ltr'>luortulaniae,</span> <span class='ocrx_word' id='word_1_365' title='bbox 1706 6078 1815 6148; x_wconf 90' lang='lat' dir='ltr'>neque</span> 
     </span>
     <span class='ocr_line' id='line_1_39' title="bbox 266 6182 1816 6284; baseline -0.011 -18"><span class='ocrx_word' id='word_1_366' title='bbox 266 6192 457 6284; x_wconf 87' lang='lat' dir='ltr'>praedium,</span> <span class='ocrx_word' id='word_1_367' title='bbox 484 6213 594 6283; x_wconf 90' lang='lat' dir='ltr'>ueque</span> <span class='ocrx_word' id='word_1_368' title='bbox 621 6188 863 6261; x_wconf 90' lang='lat' dir='ltr'>molendinum.</span> <span class='ocrx_word' id='word_1_369' title='bbox 899 6184 986 6257; x_wconf 85' lang='lat' dir='ltr'>Item</span> <span class='ocrx_word' id='word_1_370' title='bbox 1013 6202 1132 6267; x_wconf 83' lang='lat' dir='ltr'>omncs</span> <span class='ocrx_word' id='word_1_371' title='bbox 1148 6184 1234 6273; x_wconf 79' lang='lat' dir='ltr'>¹agri</span> <span class='ocrx_word' id='word_1_372' title='bbox 1262 6184 1480 6254; x_wconf 90' lang='lat' dir='ltr'>cruetbonum</span> <span class='ocrx_word' id='word_1_373' title='bbox 1508 6182 1647 6252; x_wconf 81' lang='lat' dir='ltr'>solurrut</span> <span class='ocrx_word' id='word_1_374' title='bbox 1673 6186 1709 6250; x_wconf 91' lang='lat' dir='ltr'>et</span> <span class='ocrx_word' id='word_1_375' title='bbox 1734 6200 1816 6251; x_wconf 87' lang='lat' dir='ltr'>cou-</span> 
     </span>
    </p>
   </div>
   <div class='ocr_carea' id='block_1_3' title="bbox 264 6292 1980 6401">
    <p class='ocr_par' dir='ltr' id='par_1_6' title="bbox 264 6292 1980 6401">
     <span class='ocr_line' id='line_1_40' title="bbox 264 6292 1980 6401; baseline -0.019 -8"><span class='ocrx_word' id='word_1_376' title='bbox 264 6310 396 6391; x_wconf 77' lang='lat' dir='ltr'>meunt</span> <span class='ocrx_word' id='word_1_377' title='bbox 429 6314 598 6385; x_wconf 88' lang='lat' dir='ltr'>decimam</span> <span class='ocrx_word' id='word_1_378' title='bbox 635 6309 902 6399; x_wconf 91' lang='lat' dir='ltr'>manipularem,</span> <span class='ocrx_word' id='word_1_379' title='bbox 936 6308 974 6377; x_wconf 89' lang='lat' dir='ltr'>et</span> <span class='ocrx_word' id='word_1_380' title='bbox 1004 6324 1068 6395; x_wconf 88' lang='lat' dir='ltr'>per</span> <span class='ocrx_word' id='word_1_381' title='bbox 1103 6306 1252 6393; x_wconf 82' lang='lat' dir='ltr'>quatuor</span> <span class='ocrx_word' id='word_1_382' title='bbox 1289 6303 1470 6374; x_wconf 88' lang='lat' dir='ltr'>iuncturas</span> <span class='ocrx_word' id='word_1_383' title='bbox 1506 6300 1724 6389; x_wconf 86' lang='lat' dir='ltr'>canapalem,</span> <span class='ocrx_word' id='word_1_384' title='bbox 1751 6320 1815 6391; x_wconf 90' lang='lat' dir='ltr'>pro</span> <span class='ocrx_word' id='word_1_385' title='bbox 1830 6338 1863 6401; x_wconf 34' lang='grc' dir='ltr'><strong><em>ἢ</em></strong></span> <span class='ocrx_word' id='word_1_386' title='bbox 1961 6292 1980 6321; x_wconf 67' lang='lat'>⁹</span> 
     </span>
    </p>
   </div>
   <div class='ocr_carea' id='block_1_4' title="bbox 875 6582 1162 6867">
    <p class='ocr_par' dir='ltr' id='par_1_7' title="bbox 875 6496 1212 6867">
     <span class='ocr_line' id='line_1_41' title="bbox 1030 6582 1035 6597; baseline -0.049 0"><span class='ocrx_word' id='word_1_387' title='bbox 1030 6582 1035 6597; x_wconf 93' lang='lat'>.</span> 
     </span>
     <span class='ocr_line' id='line_1_42' title="bbox 955 6602 1139 6745; baseline -0.005 0"><span class='ocrx_word' id='word_1_388' title='bbox 955 6712 975 6745; x_wconf 43' lang='lat' dir='ltr'>t,</span> <span class='ocrx_word' id='word_1_389' title='bbox 1060 6602 1139 6745; x_wconf 68' lang='lat' dir='ltr'>e</span> 
     </span>
     <span class='ocr_line' id='line_1_43' title="bbox 1155 6760 1162 6787; baseline 0 0"><span class='ocrx_word' id='word_1_390' title='bbox 1155 6760 1162 6787; x_wconf 84' lang='lat'>⁰.</span> 
     </span>
     <span class='ocr_line' id='line_1_44' title="bbox 875 6810 1150 6867; baseline -0.033 0"><span class='ocrx_word' id='word_1_391' title='bbox 875 6814 897 6867; x_wconf 56' lang='grc' dir='ltr'>,Ι</span> <span class='ocrx_word' id='word_1_392' title='bbox 1094 6810 1150 6859; x_wconf 51' lang='grc'>’.111</span> 
     </span>
    </p>
   </div>
   <div class='ocr_carea' id='block_1_5' title="bbox 0 0 2114 8052">
    <p class='ocr_par' dir='ltr' id='par_1_8' title="bbox 0 0 2114 8052">
     <span class='ocr_line' id='line_1_45' title="bbox 0 0 2114 8052; baseline 0 0"><span class='ocrx_word' id='word_1_393' title='bbox 0 0 2114 8052; x_wconf 95' lang='lat' dir='ltr'> </span> 
     </span>
    </p>
   </div>
  </div>
 </body>
</html>
