4217 8059
184 1539 186 1543 Ι
287 1443 362 1514 474
456 1454 492 1463 ··

286 1646 419 1737 cecidit,
446 1645 588 1717 donavit
615 1642 827 1715 monasterio
854 1643 889 1713 in
917 1641 1102 1712 Xanseb
1137 1660 1240 1731 agros
1268 1640 1465 1730 superiores
1493 1638 1611 1729 oppidi
1638 1637 1836 1727 Xauscb‚

286 1789 362 1838 cum
389 1767 462 1837 suis
489 1766 599 1856 pratis
628 1785 732 1855 penes
759 1769 903 1835 stratam
923 1761 1111 1853 publicam,
1140 1781 1209 1852 qua
1226 1761 1299 1835 itur
1318 1782 1442 1832 versus
1461 1759 1683 1851 nlyechow,
1708 1765 1747 1831 et
1773 1780 1837 1850 per
1866 1742 1928 1875 sq

286 1887 505 1978 privilegium
532 1908 631 1959 suum
659 1885 879 1957 donationem
907 1882 1104 1955 huiusmodi
1130 1880 1349 1955 confirmavit
1376 1902 1467 1952 anno
1495 1879 1635 1952 Domini
1667 1881 1775 1952 1381.

390 2006 482 2105 Agri
520 2005 738 2080 inferiores.
780 2005 897 2076 Morte
933 2003 1181 2094 Spitkonis
1217 2002 1260 2075 de
1297 2001 1492 2073 Melstiu
1528 2001 1674 2092 palatini
1710 2001 1838 2073 craco-

286 2129 429 2216 viensis,
456 2129 492 2201 in
519 2124 860 2219 praelio'Tartarico
887 2124 933 2197 ad
958 2123 1082 2197 fluvios
1117 2123 1363 2197 Worszkla
1388 2128 1425 2196 et
1452 2121 1756 2215 Zymnauoda
1783 2144 1838 2192 se-

286 2256 404 2341 quuta,
432 2247 678 2321 Helisabetb
705 2246 829 2318 relicta
846 2243 995 2337 praefati
1021 2244 1235 2335 Spitkonis
1263 2243 1419 2334 palatini,
1446 2244 1517 2315 filia
1535 2242 1839 2334 Woydefiem·

286 2370 390 2443 rich
426 2369 568 2449 baronis
588 2358 638 2441 'de
665 2367 863 2459 Raugonia,
901 2387 1005 2456 agros
1041 2366 1223 2438 inferiores
1260 2363 1378 2455 oppidi
1415 2364 1617 2454 llanscb,
1652 2386 1728 2435 cnm
1765 2364 1839 2435 suis

159 2464 241 2569 *l
287 2490 411 2581 pratis,
438 2494 519 2580 post
544 2472 664 2561 hortos
692 2486 845 2560 civitatis
872 2486 1054 2559 Xanscb
1083 2487 1245 2576 iacentes,
1272 2485 1483 2558 monasterio
1500 2484 1647 2558 fratrum
1674 2485 1837 2557 eremita·

162 2560 229 2685 ,ο
287 2632 362 2682 rum
391 2611 493 2683 Beati
520 2609 707 2700 Augustini
734 2609 768 2680 in
797 2608 980 2683 Xanscb
1007 2608 1194 2681 donatione
1222 2613 1389 2698 perpetua
1415 2607 1450 2679 in
1477 2606 1730 2699 eleemosynam
1757 2627 1840 2680 con·

142 2738 145 2745 '
288 2731 372 2804 tulit
398 2737 436 2804 et
462 2731 710 2822 appropriavit.
755 2815 759 2823 ¹
800 2720 804 2729 ’
1225 2743 1228 2749 ’

263 2860 265 2864 ’
331 2912 336 2923 ,
395 2850 581 2927 mediatae
603 2850 811 2925 molendini
831 2850 867 2923 ln
889 2850 1060 2924 Xaneob.
1087 2849 1318 2923 considerans
1336 2852 1479 2943 insuper
1496 2851 1675 2947 praefatus
1694 2849 1844 2941 Spitko

290 2973 333 3045 de
359 2972 587 3049 Melstbin
624 2973 800 3063 palatinus
831 2971 1090 3061 cracoviensis,
1126 2973 1376 3044 monasterium
1404 2973 1439 3043 in
1468 2972 1648 3045 llanscb
1683 2975 1841 3063 egestate

288 3094 388 3183 gravi
424 3113 583 3184 pressum
619 3113 715 3183 esse,
751 3094 937 3184 volensque
974 3092 1060 3165 illud
1087 3098 1124 3165 et
1149 3093 1276 3166 fratres
1314 3093 1388 3167 eius
1415 3094 1574 3184 ampliori
1610 3093 1842 3185 eleemosyna,

288 3235 352 3306 pro
392 3215 467 3287 eius
503 3215 754 3288 sustentatione
789 3213 948 3304 reficere,
988 3214 1175 3287 molendini
1212 3214 1266 3287 sui
1292 3208 1516 3289 haereditarii
1560 3221 1597 3289 et
1636 3215 1772 3306 paterni
1804 3214 1841 3287 iu

290 3332 417 3424 oppido
446 3333 630 3405 llansch
656 3339 692 3406 et
711 3316 754 3405 ¹in
781 3334 920 3406 flumine
938 3388 1053 3405 .....
1080 3335 1141 3407 siti
1167 3334 1391 3407 medietatem
1418 3341 1454 3407 et
1481 3337 1684 3426 portionem,
1712 3335 1841 3406 medie·

161 3542 163 3549 Ι
234 3480 246 3507 ·
289 3459 364 3525 tate
392 3454 459 3526 sibi
486 3461 683 3542 reservata,
719 3455 930 3526 monasterio
957 3456 992 3526 in
1020 3455 1203 3527 Xansch
1239 3455 1385 3527 fratrum
1422 3457 1645 3529 eremitarum
1682 3455 1840 3539 contulit,

290 3574 450 3666 donavit,
486 3575 744 3666 appropriavit,
779 3580 819 3647 nt
845 3575 1015 3649 haberent
1040 3574 1168 3649 fratres
1195 3576 1396 3649 monasterii
1433 3575 1600 3667 praefati,
1636 3597 1706 3667 quo
1732 3576 1842 3649 vitam

290 3694 524 3768 defenderent

396 3814 555 3889 llortue.
584 3815 765 3889 Praefatus
784 3817 888 3887 etiam
916 3816 1084 3906 Spitko
1110 3816 1154 3889 de
1172 3817 1367 3891 Melstiu
1393 3798 1569 3910 palatinus
1588 3816 1840 3908 Cracovieusis,

291 3936 431 4024 pietatis
458 3956 543 4007 suae
567 3935 812 4008 liberalitatem
839 3942 876 4007 et
902 3935 1062 4008 ardorem
1089 3943 1291 4012 ostensums
1309 3940 1343 4011 in
1364 3941 1608 4012 monasterium
1637 3938 1842 4030 praefatum,

292 4055 399 4126 donat
425 4056 537 4131 eidem
564 4056 774 4127 monasterio
800 4056 941 4129 hortum
967 4056 1182 4146 foecundum,
1209 4060 1273 4131 sub
1297 4060 1507 4133 monasterio
1533 4066 1570 4133 et
1587 4081 1721 4132 versus·
1736 4080 1842 4150 agros

292 4177 489 4266 superiores
523 4177 726 4249 monasterii
754 4177 868 4251 situm.
904 4177 943 4249 ln
971 4199 1038 4270 quo
1067 4181 1313 4253 monasterium
1350 4181 1545 4255 huiusmodi
1581 4181 1677 4254 olera
1703 4180 1842 4272 singula

292 4319 420 4388 serens,
447 4299 579 4389 frugem
607 4286 835 4371 necessariam
863 4300 1013 4390 percipit
1039 4319 1082 4372 ex
1109 4298 1239 4373 eodem.

80 2334 97 2387 «l
