4217 8059
414 1433 489 1504 402

415 1638 459 1710 de
495 1639 568 1709 suis
603 1635 875 1727 priucipatibus,
911 1635 947 1727 in
984 1633 1262 1724 supplementum
1297 1635 1518 1723 monasterii,
1552 1634 1670 1725 eliqua
1702 1636 1797 1731 hona
1830 1642 1869 1709 et
1902 1635 1976 1709 vii·

415 1761 486 1849 las,
522 1768 559 1830 et
587 1756 679 1850 qnod
706 1778 773 1848 ego
798 1755 957 1827 omnihus
987 1755 1088 1827 donis
1114 1755 1226 1826 mains
1253 1760 1394 1846 reputo,
1427 1756 1588 1827 omnihus
1623 1755 1715 1833 villis
1740 1756 1976 1831 haereditati-

414 1881 480 1953 bus
516 1886 554 1951 et
580 1878 680 1950 bouis
716 1879 749 1949 in
778 1877 1025 1949 monasterium
1062 1875 1360 1966 Wanchoczense,
1394 1885 1431 1947 et
1456 1897 1480 1948 a
1504 1897 1543 1947 se
1578 1885 1614 1946 et
1641 1877 1686 1947 ah
1712 1876 1791 1949 aliis
1820 1877 1974 1969 cedatis,

415 2001 552 2091 plenam
579 1998 775 2069 libertatem
804 2020 827 2068 a
852 1997 999 2088 singulis
1026 1996 1201 2086 oneribus,
1226 1996 1379 2087 tributis,
1404 1997 1519 2085 datiis,
1544 1997 1834 2087 expeditionibus,
1859 2020 1973 2089 anga-

423 2122 487 2193 riis
514 2129 550 2190 et
578 2118 826 2211 praeaugariis,
852 2118 1019 2207 collectis,
1044 2117 1220 2208 suffragiis
1245 2127 1283 2188 et
1303 2117 1575 2209 quibuscumque
1600 2117 1680 2189 aliis
1705 2118 1976 2193 contributioni·
2003 2164 2006 2169 -

415 2243 490 2331 bus,
517 2239 705 2312 ordinariis
730 2244 767 2311 et
793 2236 1095 2327 extraordinariis,
1122 2238 1165 2309 de
1192 2245 1290 2309 certa
1315 2237 1463 2309 scientia
1488 2239 1582 2311 circa
1608 2239 1865 2311 innovationem
1890 2239 1973 2311 lun·

417 2360 578 2450 dationis,
606 2358 804 2432 contulisse.
831 2358 924 2447 Quas
943 2357 1081 2449 quidem
1100 2357 1305 2430 donationes
1322 2366 1365 2465 et
1376 2358 1572 2447 donatores,
1589 2359 1683 2431 circa
1699 2359 1973 2450 descriptionem

417 2481 520 2553 villae
556 2479 760 2569 cuiuslibet,
795 2501 839 2551 ne
875 2479 931 2550 cni
966 2499 1134 2570 praeseus
1167 2479 1342 2570 scriptura
1376 2479 1422 2551 ad
1457 2478 1735 2553 incredulitatem
1769 2480 1973 2571 scrupulum

417 2607 566 2692 moveat,
592 2600 790 2675 curabimus
815 2604 997 2673 annotare.

523 2836 777 2917 Monasterium
805 2842 840 2915 in
868 2841 1232 2932 wanchoczsko,
1267 2842 1312 2914 ad
1338 2843 1479 2917 fluvium
1506 2842 1739 2936 Kamyoua
1774 2845 1880 2919 situm
1905 2849 1972 2941 est,
2014 2842 2017 2848 ’

419 2968 465 3039 ab
491 2965 619 3059 oppido
648 2964 990 3039 Wanchoczsko
1025 2964 1143 3057 aliqua
1176 2963 1345 3055 dicuntia
1378 2944 1600 3055 distinctum,
1625 2972 1662 3037 et
1687 2973 1903 3057 separatum,
1933 2973 1973 3039 et

420 3091 501 3163 albu
525 3088 732 3163 fabricatum
758 3094 870 3179 petra,
896 3086 996 3159 cuins
1021 3086 1128 3159 etiam
1144 3085 1281 3176 ¹cellae,
1320 3086 1507 3161 retecwriu
1531 3095 1569 3161 et
1592 3088 1683 3161 uliae
1708 3087 1867 3161 officinae
1893 3109 1973 3161 coe·

421 3209 595 3299 nobiales,
630 3209 759 3301 purtim
785 3229 828 3281 ex
854 3214 972 3300 petra,
1008 3207 1137 3299 partim
1164 3230 1208 3280 ex
1235 3214 1334 3281 uocato
1366 3208 1478 3281 latere
1513 3216 1673 3283 muratae
1705 3215 1788 3283 sunt
1818 3210 1909 3281 serie
1935 3215 1975 3283 uc

421 3330 522 3404 modo
548 3329 679 3420 humili,
706 3335 742 3403 et
767 3328 954 3421 pleraeque
979 3329 1087 3400 etiam
1105 3334 1187 3401 surrt
1203 3327 1445 3418 testudinatae,
1471 3335 1508 3403 et
1533 3329 1646 3403 omnis
1669 3328 1804 3403 {abrica
1829 3328 1976 3403 modu

421 3451 568 3544 praefati
595 3449 798 3523 monasterii
834 3470 939 3540 opere
965 3447 1084 3521 italico
1118 3434 1273 3539 perlecta
1311 3456 1375 3521 est
1414 3449 1448 3519 A
1474 3449 1652 3541 primaeva
1677 3450 1769 3523 enim
1795 3450 1871 3523 eius
1895 3449 1974 3523 lun·

421 3573 562 3645 datione
595 3576 633 3642 et
666 3570 864 3658 dotatione,
902 3590 1007 3661 quam
1047 3567 1234 3643 Gedeon
1272 3570 1455 3661 episcopus
1489 3568 1730 3667 Gracovieusis
1763 3569 1808 3642 de
1842 3569 1976 3645 familia

422 3691 706 3780 Griiionum,
733 3691 769 3764 in
795 3689 901 3767 fundo
928 3690 1098 3763 bonorum
1124 3689 1372 3781 episcopalium
1397 3686 1579 3780 mudmse,
1618 3684 1728 3765 stus
1752 3690 1853 3764 bonis
1878 3711 1975 3763 men—

376 3831 380 3839 ·
422 3834 482 3883 sae
509 3810 716 3903 episcopalis
742 3810 983 3884 Gracoviensis
1017 3810 1127 3885 scitm
1152 3810 1312 3900 dotasse,
1346 3832 1414 3884 non
1441 3809 1503 3883 ulii
1528 3831 1632 3903 quam
1664 3810 1862 3904 degenere
1887 3810 1975 3883 italo

423 3933 549 4005 iratres
575 3937 612 4003 et
637 3931 796 4004 monachi
823 3930 1045 4021 habitabant,
1081 3930 1149 4003 sihi
1180 3930 1328 4004 invicem
1362 3929 1606 4021 succedentes,
1641 3930 1822 4023 usquead
1847 3923 1975 4005 annum

425 4052 564 4125 Domini
595 4053 703 4143 1420,
743 4073 846 4144 quum
874 4050 997 4124 Poloni
1024 4050 1078 4123 vel
1105 4051 1316 4143 nesciebant,
1343 4051 1396 4124 vel
1424 4051 1591 4126 uolebant
1615 4072 1792 4125 msumere
1817 4050 1976 4126 habitum

426 4182 462 4247 et
487 4154 645 4248 ordinem
684 4173 938 4265 monachalem,
977 4173 1200 4249 observantia
1238 4174 1330 4247 enim
1370 4173 1542 4283 mutarn
1580 4173 1779 4266 apparebat
1811 4173 1882 4249 illis
1910 4172 1978 4247 dil·

425 4296 526 4372 ciuilis
552 4302 589 4368 et
615 4295 714 4385 doru
741 4294 867 4368 unde
858 4317 894 4367 ιιι
920 4295 1058 4386 signum
1084 4295 1197 4386 huius,
1223 4294 1341 4387 plures
1372 4293 1482 4368 libros
1507 4275 1610 4369 italos
1635 4315 1658 4368 a
1682 4293 1851 4369 iratribus
1876 4294 1977 4369 ltalia

425 4418 470 4490 ad
495 4417 746 4491 monasterium
773 4417 980 4508 importatos
1007 4415 1172 4507 reperies

528 4537 701 4630 Oppidum
728 4537 1095 4631 Wanchoczsko,
1127 4536 1296 4609 habeus
1286 4556 1323 4609 uu
1350 4557 1388 4609 se
1415 4486 1648 4627 parochialem
1683 4537 1863 4610 mdesiam
1888 4536 1977 4611 San·

425 4666 502 4733 ctae
529 4658 754 4749 Helizaheth,
791 4657 888 4731 iuxta
914 4656 1055 4729 fluvium
1074 4655 1315 4748 Kamyona
1349 4656 1475 4746 situm,
1501 4677 1564 4747 per
1589 4655 1850 4731 Gedeouem
1888 4657 1979 4731 alias

426 4781 617 4856 Geticam
644 4780 842 4873 episcopum
879 4777 1161 4868 cracoviensem,
1195 4800 1239 4850 ex
1267 4777 1482 4869 proprietate
1508 4785 1545 4850 et
1570 4777 1723 4853 dominio
1757 4780 1979 4870 episcopatus

338 4968 342 4976 .
427 4901 667 4975 cracoviensis
693 4901 867 4975 donatum.
894 4899 933 4972 lu
961 4921 1030 4992 quo
1057 4920 1125 4972 uon
1153 4904 1235 4972 sunt
1260 4890 1370 4991 aliqud
1396 4898 1484 4973 certi
1509 4899 1602 4973 lanei
1628 4897 1890 4991 oppidanorum,
1915 4899 1979 4972 sed

428 5023 543 5115 pecies
569 5043 742 5113 agrorum,
769 5029 805 5094 et
831 5021 1018 5119 secundum
1044 5019 1275 5112 quantitatem
1302 5021 1652 5111 agrorum„solvunt
1677 5026 1890 5109 consumet
1915 5019 1979 5091 uli·

429 5143 488 5234 qui
514 5142 654 5214 solvunt
679 5161 743 5230 pro
770 5162 876 5214 censu
901 5161 965 5232 per
991 5140 1138 5215 mediam
1164 5160 1325 5230 marcam,
1352 5140 1460 5233 aliqui
1486 5161 1552 5232 per
1576 5140 1756 5232 fertonem,
1781 5139 1890 5231 aliqui
1916 5159 1981 5230 per

428 5261 544 5335 ducem
571 5281 722 5353 grossos,
749 5261 855 5352 aliqui
883 5282 945 5352 per
972 5281 1033 5334 sex
1059 5282 1211 5353 grossos.
1237 5260 1325 5334 Item
1352 5269 1408 5335 est
1433 5262 1469 5334 in
1496 5262 1617 5336 eodem
1644 5261 1772 5354 oppido
1798 5260 1979 5352 praedium

428 5382 638 5473 coenobiale,
664 5382 707 5455 de
733 5382 831 5455 cuius
857 5382 951 5473 agris
978 5384 1224 5457 monasterium
1251 5404 1316 5476 pro
1335 5405 1373 5456 se
1391 5383 1484 5459 tollit
1502 5383 1678 5456 decimam.
1705 5383 1793 5456 item
1810 5381 1855 5454 de
1872 5402 1979 5457 censu

429 5505 638 5598 proveniunt
665 5503 874 5578 monasterie
901 5524 962 5577 sex
990 5524 1126 5577 marcae
1152 5510 1190 5578 et
1214 5525 1275 5577 sex
1302 5505 1431 5596 grossi,
1458 5504 1540 5578 item
1567 5504 1662 5577 ultra
1687 5503 1783 5593 haec,
1810 5502 1980 5577 adsumto

431 5649 500 5700 una
527 5648 643 5700 marca
668 5626 738 5700 dno
763 5625 887 5717 possi.
931 5625 1019 5697 Item
1046 5624 1091 5697 de
1117 5626 1212 5716 egris
1247 5626 1498 5719 oppidanorum
1534 5625 1677 5699 decima·
1693 5623 1919 5716 manipularis
1945 5627 1982 5697 et

318 5794 321 5799 -
432 5748 608 5839 canapalis
636 5747 792 5839 solvitur,
819 5753 855 5819 et
880 5745 1087 5820 conducitur
1111 5766 1175 5836 pro
1202 5746 1413 5835 monasterio
1426 5745 1709 5836 Wanchocueusi,
1734 5751 1773 5819 et
1790 5744 1888 5819 valor
1904 5745 1981 5819 eius

431 5870 636 5942 aestimetur
662 5868 707 5940 ad
734 5867 914 5941 duodecim
942 5887 1087 5941 marem.
1113 5866 1200 5940 item
1219 5875 1302 5942 sunt
1326 5868 1423 5941 iuxta
1440 5869 1687 5941 monasterium
1713 5866 1802 5940 duae
1828 5866 1983 5958 puuuss

433 5991 553 6079 bonae,
580 5990 615 6061 iu
642 5988 778 6060 flumine
806 5988 1057 6081 Kamyona,
1088 5987 1254 6063 fundatae
1280 6010 1343 6081 per
1370 5988 1552 6062 Nicolaum
1578 5988 1722 6078 litiga
1748 5986 1919 6077 abbatem,
1944 5986 1981 6061 iu

434 6133 578 6202 quarum
614 6130 686 6197 uua,
718 6108 949 6183 molendinum
985 6111 1130 6202 bouum
1166 6110 1210 6183 de
1237 6132 1305 6202 quo
1332 6116 1501 6184 metretae
1537 6109 1737 6183 braseoruru
1773 6115 1810 6185 et
1844 6106 1981 6199 humum

434 6232 563 6305 dautur
589 6229 808 6305 moumterio.
843 6229 930 6304 Item
958 6237 1039 6305 suut
1066 6230 1156 6305 uliae
1183 6237 1257 6305 tres
1283 6231 1436 6323 piscinae
1462 6229 1665 6305 monasterii
1691 6230 1789 6329 iuxta
1815 6227 1983 6331 wolva

435 6352 524 6427 Item
551 6352 587 6425 iu
614 6350 888 6451 eodqqugpido
915 6358 971 6435 est
996 6352 1199 6443 advocatis,
1233 6371 1322 6444 quae
1348 6351 1455 6433 hebet
1480 6352 1567 6427 duos
1593 6351 1714 6427 iuncos
1738 6348 1984 6455 surorumde
