4217 8059
1680 1560 1689 1569 .
1727 1500 1797 1571 129

246 1722 317 1773 non
344 1708 397 1773 ast
423 1701 540 1839 “livi
564 1701 725 1788 taberna,
750 1703 833 1771 item
862 1722 930 1771 non
958 1707 1039 1771 sunt
1065 1702 1296 1789 hortulanus,
1323 1703 1405 1771 item
1434 1723 1501 1772 non
1529 1708 1584 1772 est
1610 1704 1799 1803 praedium.

246 1823 334 1895 Item
368 1829 448 1913 post
483 1842 601 1895 omnes
628 1842 750 1912 agroS,
784 1826 853 1890 tam
891 1822 1141 1910 unretlronales²
1178 1843 1280 1911 quam
1313 1822 1615 1911 molendinatoris‚
1652 1825 1800 1896 solvitur

246 1943 380 2015 decima
414 1943 639 2032 manipularis
675 1943 840 2012 eeclesiae
876 1949 911 2011 et
937 1944 1148 2013 monasterio
1176 1943 1210 2012 in
1239 1943 1542 2031 Bansehowa‚
1570 1949 1605 2013 et
1631 1945 1799 2015 inducunt

246 2084 323 2135 eam
350 2064 502 2154 propriis
529 2064 688 2135 curribus
715 2065 750 2133 in
769 2063 933 2134 horreum
960 2064 1116 2152 apriore
1143 2063 1334 2153 locandum,
1362 2065 1460 2134 euius
1479 2064 1578 2135 valor
1596 2065 1799 2136 aestimatur

246 2184 290 2255 ad
317 2204 420 2256 unam
447 2204 607 2255 maroam.

351 2304 472 2394 Banu,
499 2304 583 2375 villa
610 2305 673 2375 sub
694 2306 857 2394 parochia
885 2305 1049 2375 eeclesiae
1078 2306 1120 2374 de
1147 2305 1348 2395 Czyrnin
1376 2305 1462 2393 sita,
1490 2305 1585 2375 euius
1603 2307 1798 2394 proprietas

248 2434 286 2496 ct
312 2426 499 2496 dominium
528 2425 571 2495 ud
599 2425 774 2496 dominum
803 2425 983 2514 aegidium
1021 2427 1064 2495 de
1093 2426 1250 2513 Sudol,
1289 2426 1438 2495 nobilem
1475 2426 1517 2496 de
1545 2427 1650 2496 armis
1686 2426 1798 2497 Hab·
1907 2448 1921 2473 ·

209 2551 212 2556 '
245 2546 418 2617 dancze
445 2547 607 2635 pertinet.
648 2547 686 2615 ln
715 2568 783 2635 qua
810 2553 891 2616 sunt
919 2549 1070 2636 quinque
1097 2547 1187 2616 lanei
1215 2546 1466 2635 enretlronales3
1503 2548 1585 2616 item
1622 2568 1689 2617 non
1717 2554 1798 2619 sunt

245 2666 480 2756 hadrianiae,
509 2666 591 2736 item
610 2688 677 2737 non
697 2675 778 2737 sunt
805 2669 979 2754 tabernae,
1007 2669 1090 2737 item
1108 2689 1176 2737 non
1204 2676 1257 2738 est
1284 2667 1472 2756 praedium.
1512 2667 1600 2737 item
1628 2668 1670 2736 de
1688 2667 1798 2737 omni·

244 2789 311 2859 bus
337 2789 431 2877 agris
458 2788 604 2858 solvitur
632 2788 763 2859 decima
800 2789 1024 2876 manipularis
1051 2788 1216 2858 ecelesiae
1245 2789 1279 2857 in
1308 2788 1609 2878 Bansehowa‚
1637 2795 1672 2858 et
1699 2788 1798 2858 indu-

244 2915 330 2980 cunt
354 2930 430 2979 eam
458 2910 658 2980 emethones
681 2909 844 2998 propriis
881 2909 1040 2979 eurrilms
1074 2910 1107 2978 in
1146 2911 1306 2979 horreum
1344 2910 1508 2998 aprioro
1535 2909 1734 2998 locandum,
1761 2913 1798 2979 et

243 3030 346 3101 valor
371 3031 575 3100 aestimatur
602 3030 644 3100 ad
672 3030 757 3100 duas
784 3050 928 3099 marcas.

717 3510 1311 3635 ‚rrauuauenourunsn

293 3739 498 3841 Quartum
532 3743 835 3820 monasterium
869 3739 1029 3819 ordinis
1065 3742 1178 3820 Beati
1205 3741 1317 3818 Pauli
1352 3743 1471 3841 primi
1505 3674 1750 3837 deremitae,

725 3897 763 3972 in
797 3894 986 3975 dioecesi
1030 3895 1320 3976 cracoviensi.

348 4114 547 4204 Sbigneus
567 4114 609 4185 de
628 4114 895 4204 Olyesznieaa
912 4137 1040 4205 genere
1055 4118 1191 4206 nobilis,
1211 4118 1253 4186 de
1268 4117 1368 4187 domo
1384 4122 1419 4186 et
1433 4114 1563 4185 familia
1578 4114 1796 4202 Polonorum,

241 4254 333 4326 quae
359 4256 397 4306 se
417 4232 619 4306 Dambno
649 4237 813 4325 appellat,
841 4242 877 4307 et
901 4258 1037 4307 crucem
1064 4238 1176 4307 alliam
1206 4258 1280 4307 curn
1301 4237 1543 4307 circumlatum
1562 4237 1704 4325 triplici,
1733 4236 1796 4307 sub
1891 4284 1894 4289 -

243 4357 356 4427 latere
375 4356 520 4427 sinistro
539 4357 666 4444 erneis,
686 4359 720 4427 in
735 4378 854 4447 eampo
874 4359 982 4428 rubeo
1001 4379 1064 4446 pro
1084 4359 1210 4446 insigni
1231 4357 1351 4445 desert
1371 4360 1404 4427 in
1425 4357 1687 4428 Granouiensem
1707 4357 1797 4446 epis-

241 4498 383 4567 copum,
402 4478 548 4548 Alberto
567 4478 589 4548 J
596 4480 902 4569 astrzamayecz
920 4479 955 4547 in
972 4478 1207 4549 Gneznensern
1224 4479 1408 4566 translato,
1427 4500 1517 4548 anno
1532 4478 1670 4548 Domini
1689 4479 1796 4568 1423,

243 4602 281 4668 et
306 4590 432 4669 deinde
463 4600 717 4687 obviantem,
754 4600 1000 4687 praestantiam
1036 4601 1072 4669 in
1105 4599 1250 4670 Sanctae
1287 4600 1464 4668 Romanoa
1500 4599 1665 4668 ecclesiae
1701 4599 1796 4668 tituli

240 4716 390 4791 Sanctae
417 4719 557 4790 Priscae
585 4721 825 4809 presbyterum
854 4720 1063 4789 cardinalem
1092 4742 1181 4791 anno
1201 4721 1330 4791 domini
1355 4721 1449 4791 1439
1479 4726 1686 4808 assumptus,
1714 4720 1796 4790 stir-

243 4858 321 4928 pem
350 4846 386 4913 et
404 4839 541 4910 domurn
560 4860 656 4910 suam
683 4840 980 4929 magnificaturus,
1008 4847 1158 4911 castrum
1188 4847 1223 4910 et
1240 4842 1355 4910 villam
1385 4841 1724 4931 Pyandziczow‚
1752 4839 1796 4911 ad

243 4960 384 5032 flavium
404 4958 538 5050 Nida,
566 4983 642 5031 enm
666 4961 757 5030 villis
780 4962 1076 5052 Koporyny-a,
1104 4962 1460 5053 Wyerczyczow,
1488 4962 1795 5050 Parselriwlra,

242 5087 279 5153 et
305 5082 497 5153 successive
535 5083 620 5153 alias
647 5078 748 5152 villas
776 5083 810 5152 in
838 5085 963 5154 vicinio
999 5106 1063 5172 pro
1091 5085 1199 5154 fratre
1227 5106 1288 5154 suo
1316 5104 1481 5172 germano
1508 5082 1667 5154 Johanne
1696 5081 1797 5153 Glo-

245 5222 364 5275 wacz
391 5202 435 5275 de
462 5200 803 5294 Olyesehnieza
830 5212 866 5274 et
884 5205 1141 5276 successoribus
1166 5207 1256 5293 suis,
1284 5226 1347 5293 pro
1367 5212 1462 5274 certa
1480 5205 1646 5293 pecuniae
1665 5224 1798 5275 summa

190 5356 194 5365 ·
243 5328 280 5394 et
305 5324 500 5414 quandtate
528 5326 672 5413 coemit,
705 5331 740 5395 et
758 5315 866 5395 veteri
894 5331 1022 5414 castro,
1052 5328 1214 5416 quoniam
1252 5327 1318 5396 sibi
1347 5327 1476 5396 humile
1504 5331 1540 5396 et
1567 5327 1733 5395 reseisum
1762 5332 1797 5396 et

247 5443 445 5515 indecorum
482 5445 683 5534 videbatur,
710 5448 746 5516 in
769 5453 880 5517 totum
908 5448 1089 5536 demolito,
1126 5447 1218 5517 aliud
1247 5448 1423 5516 extensius
1451 5468 1492 5516 ex
1527 5447 1658 5534 qrradro
1681 5445 1796 5533 lapide

241 5571 443 5655 sumptuoso
480 5572 515 5637 et
542 5567 722 5655 magnifico
750 5589 868 5656 opere,
906 5576 975 5638 tam
1003 5568 1169 5638 nobiliter
1204 5589 1266 5656 per
1294 5588 1402 5637 anuos
1430 5568 1577 5657 triginta
1603 5566 1797 5657 fabricavit

241 5692 281 5755 nt
298 5705 360 5757 arx
388 5690 460 5759 tam
486 5688 700 5758 nobilissima
727 5695 763 5757 et
781 5689 1001 5758 amatissima
1026 5710 1144 5777 parem
1174 5710 1241 5759 non
1270 5689 1398 5758 lrabeat
1424 5690 1458 5758 in
1478 5688 1642 5783 Poloniae
1668 5706 1797 5776 regn03

227 5806 286 5880 ad
312 5807 411 5879 cuius
437 5806 603 5879 fabricam
631 5818 667 5879 et
689 5817 868 5897 ornatum,
896 5817 935 5879 ut
950 5818 1020 5880 tam
1047 5810 1207 5900 grandis,
1236 5816 1374 5900 taurqne
1402 5809 1547 5882 illustris
1574 5810 1682 5880 moles
1710 5828 1795 5881 aevo

241 5933 360 5999 nostro
388 5936 507 6019 posset
538 5931 676 6016 extolli,
712 5937 748 6000 et
780 5932 928 6019 inopus
966 5933 1116 6020 amplum
1153 5933 1294 6020 deduci,
1330 5933 1479 6021 plurima
1512 5931 1724 6002 laternorum
1761 5935 1797 6000 et
1860 5951 1864 5957 ·

239 6050 509 6122 architectorum
545 6052 714 6123 sudarunt
750 6053 904 6140 ingenia,
940 6058 977 6122 et
1012 6053 1045 6122 in
1080 6055 1153 6123 eius
1190 6061 1346 6143 sumptus
1382 6055 1475 6124 haurd
1513 6073 1639 6141 pauca·
1659 6052 1796 6140 argenti

239 6170 394 6260 pondcra
421 6180 574 6262 erogata.
619 6173 673 6244 Ex
692 6175 768 6245 vico
787 6180 902 6244 autern
930 6174 1074 6261 ignobili
1102 6176 1264 6263 oppidum
1293 6177 1516 6261 excitaturus
1544 6173 1626 6242 villa
1645 6173 1689 6241 W
1697 6194 1796 6264 yer-

239 6312 446 6383 azyezow
472 6295 505 6366 ei
524 6296 704 6385 contigua,
732 6296 767 6364 in
787 6317 856 6385 qua
875 6296 1043 6385 quadrato
1071 6316 1156 6365 saxo
1185 6297 1399 6366 auctoribus
1428 6299 1625 6365 constructo
1650 6290 1797 6369 eeclesia

243 6413 360 6487 iuerat
379 6415 547 6541 deposita,
575 6417 748 6489 civitatem
766 6417 944 6507 fundavit,
961 6418 996 6488 in
1015 6438 1083 6508 qua
1101 6424 1136 6487 et
1153 6417 1332 6488 ecelesiam
1350 6416 1567 6505 collegiatam
1584 6412 1792 6490 fundaturus

272 6634 282 6645 .
344 6583 393 6625 ΙΔΙ).
407 6583 554 6626 Emonam.
1605 6569 1637 6615 li
