4217 8059
267 1505 338 1605 ίίθ

198 1708 508 1815 ,,μωριιίειίε,
533 1718 570 1784 et
596 1730 659 1801 per
683 1718 758 1782 tres
785 1708 925 1801 ierugas
951 1706 1145 1802 canapalis,
1180 1706 1381 1783 ecclesiae
1371 1730 1408 1781 m
1435 1704 1749 1799 Globuczsko,
1774 1716 1814 1783 et
1929 1795 1932 1799 ,

178 1888 187 1929 .:
222 1834 427 1909 uterentur
452 1852 528 1903 eam
555 1831 755 1929 omethones
791 1830 942 1921 propriis
969 1831 1130 1903 curribus
1156 1830 1318 1903 nocere
1307 1852 1344 1903 m
1370 1830 1536 1902 horreum
1561 1850 1584 1902 a
1609 1830 1812 1921 praeposito

211 1940 226 1987 ί
255 1938 486 2059 ᾳθθεωθεεί
513 1950 705 2042 locan·‚dum
732 1957 769 2023 et
795 1952 894 2023 valor
920 1950 995 2023 eins
1021 1951 1226 2023 acsdmatur
1252 1951 1299 2025 ad
1324 1950 1443 2023 decem
1457 1969 1606 2038 marcu,
1623 1950 1812 2041 aliquando

262 2042 524 2161 adduodecim,
549 2076 612 2143 aut
638 2069 844 2163 quindecim.
868 2069 958 2143 ίίθιιι
985 2091 1054 2142 non
1081 2077 1135 2143 est
1161 2070 1210 2143 ibi
1236 2069 1427 2162 praedium,
1452 2090 1523 2141 nou
1548 2077 1631 2141 snut
1656 2070 1815 2177 hortula-

261 2192 349 2283 niae‚
375 2212 445 2265 non
472 2198 554 2265 sunt
579 2191 758 2282 tabernae,
785 2211 853 2263 non
881 2197 936 2263 est
962 2190 1131 2263 scoltetia

364 2311 553 2403 Lun1nzn,
589 2312 673 2385 uilla
707 2312 773 2383 snb
808 2311 974 2401 parochia
1009 2310 1176 2383 eeclesiae
1211 2310 1254 2382 de
1281 2308 1576 2409 Globuczsko
1601 2311 1687 2399 sita,
1713 2311 1814 2385 cuius

260 2418 385 2531 haeres
411 2432 653 2524 sigismundus
680 2431 723 2504 de
750 2431 949 2503 Bleszno
976 2432 1089 2503 dimus
1116 2430 1239 2522 Byel,
1265 2428 1391 2505 nobilis
1418 2418 1462 2503 de
1488 2430 1599 2503 armis
1623 2428 1814 2523 Osto'ya.

260 2552 302 2625 In
329 2574 398 2646 qua
433 2559 514 2625 sunt
539 2553 656 2635 decem
695 2558 731 2625 et
766 2559 845 2625 octo
881 2552 974 2623 lanei
1000 2551 1255 2642 ometluouuleu
1282 2550 1478 2642 dequibus
1504 2550 1654 2639 soluitur
1678 2542 1815 2625 decima

190 2757 192 2763 ,
261 2673 486 2765 manipularis
514 2673 715 2745 εθθίθείω
705 2694 742 2744 ιιι
769 2670 1073 2762 Globuczsko,
1094 2670 1422 2745 etdnntdecimam
1440 2670 1639 2763 canapalem
1657 2678 1842 2763 pertras-

261 2795 419 2885 iungas,
445 2800 482 2865 et
508 2793 678 2893 inducunt
712 2813 788 2865 eam
817 2793 1017 2877 umethones
1044 2792 1198 2883 propriis
1223 2792 1420 2893 curribus
1411 2812 1447 2863 ιε
1472 2792 1635 2879 horreum
1662 2813 1684 2865 a
1709 2812 1812 2883 prac-

259 2916 373 3007 posito
400 2913 625 2993 Globucueusi
645 2885 841 3004 Iucundum,
869 2918 904 2985 et
929 2913 1028 2987 valor
1054 2914 1130 2991 eius
1156 2914 1361 2985 destinatur
1386 2912 1431 2985 ad
1453 2912 1648 3004 quindecim
1665 2933 1814 2995 marcas.

260 3034 347 3113 item
374 3042 430 3109 est
455 3036 514 3119 ibi
530 3034 774 3131 molendinum,
801 3033 874 3127 aad
889 3054 960 3106 non
985 3034 1093 3106 habet
1119 3053 1232 3125 agros.
1258 3033 1345 3109 Item
1372 3041 1428 3105 est
1453 3033 1502 3105 ibi
1524 3033 1704 3124 praedium
1721 3034 1812 3107 mili·

259 3161 355 3249 tare,
385 3146 520 3253 ὤθεε
555 3155 722 3247 speciales
757 3175 870 3247 agros
909 3153 996 3227 Item
1032 3153 1122 3227 duae
1149 3161 1231 3227 suut
1265 3152 1520 3226 hortulaniue
1510 3175 1546 3225 ιιι
1572 3155 1691 3227 eadem
1719 3154 1814 3263 uilla

258 3276 427 3351 nubentes
454 3296 567 3371 agros
593 3276 683 3349 Item
709 3297 778 3348 una
804 3282 860 3350 est
885 3275 1097 3359 tabernam
1124 3275 1245 3348 eadem
1272 3274 1365 3365 villa,
1382 3275 1516 3347 habam
1534 3275 1684 3367 speciale
1702 3298 1809 3349 unum

258 3396 413 3488 laneum
448 3402 486 3470 et
513 3403 585 3470 tam
621 3397 665 3469 de
699 3395 954 3491 praedialibns,
982 3417 1086 3487 quam
1120 3396 1363 3509 tabernarum,
1397 3400 1504 3503 atoue
1534 3395 1811 3471 hortulaniarum

259 3518 372 3609 agris,
399 3517 546 3590 solvitur
571 3516 706 3599 decima
740 3516 967 3607 manipularis
993 3537 1058 3607 pro
1084 3515 1332 3588 monastario
1322 3500 1359 3587 ιιι
1362 3510 1686 3588 Olobuczslro.
1722 3516 1810 3589 Item

258 3641 315 3709 est
347 3639 396 3711 ibi
423 3638 557 3729 piscina
591 3637 794 3710 monasterii
829 3633 1073 3710 Olobuczensis
1100 3637 1248 3727 optima,
1274 3642 1400 3709 uocuta
1424 3633 1677 3737 sordowslr
1690 3658 1731 3728 a,
1765 3638 1811 3711 ad

258 3777 361 3829 unam
395 3759 508 3851 ripam
535 3758 669 3850 regiam
693 3756 887 3849 applicata,
914 3756 1030 3848 empta
1055 3777 1119 3848 per
1146 3756 1321 3829 Andrean
1339 3756 1391 3828 de
1417 3755 1638 3848 schedel,
1664 3759 1809 3831 tertium

175 3911 177 3915 ·
257 3878 492 3979 praepositum
528 3860 821 3969 Olobuuzensem,
850 3882 1016 3969 perpetue
1050 3898 1115 3970 pro
1151 3878 1363 3951 monasterio
1381 3874 1623 3968 Klobucuensi,
1650 3899 1715 3971 pro
1742 3879 1807 3951 tri·

257 3997 355 4089 ginta
380 3998 516 4071 marcis

362 4116 577 4209 Passurus,
601 4119 688 4193 villa
723 4119 787 4192 sub
824 4119 988 4211 parochia
1015 4118 1181 4193 ecclesiae
1208 4119 1251 4192 de
1278 4117 1572 4217 Olobucuslro
1598 4092 1686 4210 sita,
1711 4121 1809 4193 cuius

258 4216 455 4332 proprietas
482 4246 519 4314 et
544 4235 732 4339 dominium
759 4239 927 4313 medietas
955 4238 1058 4315 villae
1085 4240 1130 4313 ud
1156 4241 1414 4313 serenissimum
1441 4241 1617 4317 dominum
1645 4239 1811 4315 Poloniae

255 4380 372 4453 regem
399 4361 560 4453 pertinet,
578 4367 615 4433 et
633 4334 703 4435 aliu
728 4360 896 4433 medietas
914 4358 1018 4435 villae
1036 4361 1083 4433 ad
1099 4361 1233 4434 nobiles
1250 4359 1454 4452 lohannem,
1477 4360 1657 4437 Nicolaum
1676 4369 1714 4435 et
1730 4360 1808 4435 Ma-

256 4482 398 4558 thueum
426 4482 469 4555 de
496 4484 602 4555 armis
628 4480 803 4575 Ostoyu
829 4482 991 4573 pertinet
1017 4482 1058 4555 In
1086 4489 1252 4574 quaeunt
1270 4481 1418 4555 sedecim
1436 4483 1525 4579 regii
1544 4481 1807 4559 laneicmetho·

256 4603 363 4697 nales,
390 4604 586 4699 dequibus
612 4603 759 4677 solvitur
785 4604 919 4676 decima
945 4604 1171 4694 manipularis
1197 4603 1361 4685 ecclesiae
1388 4604 1424 4675 iu
1451 4602 1753 4694 (llobnczsko,
1772 4613 1808 4676 et

257 4746 320 4817 per
347 4732 421 4798 tres
449 4727 587 4817 ierugas
614 4716 810 4817 canapalis{
836 4731 873 4797 et
899 4724 1068 4819 ¹inducunt
1094 4745 1169 4797 eam
1197 4725 1397 4798 curculiones
1423 4726 1574 4817 propriis
1591 4725 1753 4797 curribus
1770 4727 1806 4799 in

257 4849 419 4920 horreum
447 4869 470 4920 a
495 4847 694 4938 praeposito
720 4845 913 4936 locandum,
940 4854 977 4916 ct
1003 4847 1102 4917 valor
1129 4847 1205 4919 eius
1231 4846 1437 4918 aestimatur
1454 4834 1503 4918 ad‘
1517 4845 1698 4941 duodecim
1716 4868 1807 4918 mar·

256 4989 323 5041 cas
358 4968 446 5041 Item
473 4974 554 5041 snut
581 4968 629 5041 ibi
656 4966 800 5059 praedia
835 4967 905 5039 tria
932 4966 1117 5057 militaria,
1143 4958 1339 5059 dequibus
1365 4967 1512 5041 soluitur
1538 4967 1671 5040 decima
1697 4969 1807 5041 mani·

255 5089 387 5180 puluris
413 5089 623 5161 monasterio
650 5086 883 5179 Olobuczensi,
912 5087 1072 5159 videlicet
1097 5085 1268 5161 Johuunis
1295 5096 1331 5161 et
1358 5071 1494 5161 Nicolai
1510 5089 1579 5162 duo
1598 5109 1674 5161 cum
1694 5088 1806 5163 medio

256 5209 421 5301 inmeiat
446 5208 604 5285 Mathaei
631 5210 699 5297 duo
726 5229 801 5283 oum
830 5182 944 5283 medio
971 5208 1071 5301 lanei,
1094 5214 1130 5281 ot
1147 5209 1306 5287 scultetis
1323 5210 1456 5282 habens
1473 5217 1547 5283 tres
1564 5209 1692 5282 laneos.
1719 5210 1834 5307 lton,
1934 5228 1937 5232 ’

256 5352 325 5404 una
351 5338 407 5406 ast
432 5332 580 5405 taberna
605 5330 737 5413 habeus
765 5350 878 5421 agros,
904 5329 947 5403 de
976 5331 1102 5422 quibus
1129 5308 1276 5409 uoluitur
1294 5331 1427 5421 decima
1444 5330 1670 5424 manipularis
1689 5352 1807 5404 monu-

254 5453 399 5527 sterio
389 5475 425 5526 m
453 5452 759 5527 Globuczsko.
785 5452 874 5525 Item
900 5472 969 5524 non
997 5451 1440 5527 sunthortnlaniaa.lte1u
1458 5462 1513 5527 est
1530 5454 1565 5583 in
1584 5452 1705 5526 eadem
1724 5452 1808 5525 uilla

254 5572 487 5649 molendinum
513 5574 674 5665 militare,
702 5571 763 5646 sed
791 5594 861 5646 non
888 5573 994 5645 habet
1019 5593 1132 5663 agros.
1616 5590 1622 5605 ²

358 5694 499 5785 linum,
527 5686 610 5767 villa
636 5697 700 5767 sub
727 5695 893 5787 parochia
919 5693 1084 5766 eeclesiae
1111 5695 1154 5766 de
1181 5692 1475 5767 Olobuczsko
1503 5695 1582 5785 sita,
1599 5695 1697 5767 ouius
1723 5695 1806 5767 hae-

229 5838 311 5891 res
337 5815 577 5915 sigismundus
604 5815 719 5908 Byel
747 5815 874 5889 nobilis
902 5816 945 5887 de
972 5817 1083 5887 armis·
1105 5813 1285 5906 Ostoya
1311 5816 1350 5887 ln
1378 5837 1447 5907 qua
1474 5822 1556 5888 snut
1581 5816 1704 5907 uiginti
1723 5837 1806 5905 qna·

253 5946 335 6011 tuor
362 5937 454 6011 lanei
489 5936 741 6035 emethonales,
769 5936 811 6007 de
839 5936 964 6026 quibus
991 5936 1151 6017 omnibus
1178 5936 1326 6012 solvitur
1352 5935 1485 6017 decima
1510 5937 1745 6029 manipularis,
1771 5943 1806 6008 et

254 6080 316 6150 per
341 6066 416 6131 tres
443 6059 582 6147 ierugas
618 6056 794 6146 canapulis
833 6057 1043 6129 monasterio
1072 6056 1315 6150 Globucuensi,
1342 6065 1379 6129 et
1404 6064 1570 6131 tenentur
1596 6057 1689 6131 illam
1716 6079 1807 6131 cme-

251 6181 376 6253 thonos
395 6179 548 6271 propriis
566 6176 692 6251 ducere
711 6178 869 6265 curribus
889 6178 923 6257 in
943 6179 1106 6251 horreum
1124 6180 1358 6270 upuaeposito
1372 6158 1597 6252 Olobucueusi
1615 6178 1806 6267 locandum,
1855 6218 1860 6225 ·

252 6307 288 6372 at
315 6302 412 6373 valor
439 6302 514 6374 eius
540 6301 746 6373 aestimatur
765 6299 809 6371 ad
828 6300 1007 6377 duodecim
1026 6320 1169 6371 marcas
1197 6298 1283 6371 Item
1301 6301 1481 6391 praedium
1500 6296 1637 6375 unicum
1655 6302 1806 6398 militare

256 6442 299 6493 eu
335 6422 494 6494 scultetis
526 6421 673 6513 ίεθθιιιιι,
713 6421 756 6493 de
797 6443 865 6513 quo
900 6420 1033 6493 decima
1068 6420 1292 6511 manipularis
1322 6410 1534 6497 monastario
1573 6419 1808 6499 mosomensi
