4217 8059
304 1474 375 1545 158

300 1678 524 1767 scholastico,
552 1677 808 1768 Laurentio
825 1684 998 1787 cantore,
1025 1676 1279 1774 Paczslavo
1315 1678 1476 1767 custode,
1507 1678 1648 1749 stallis
1675 1678 1848 1749 mnonicis

229 1791 232 1794 ’
302 1797 476 1887 acclesiae,
505 1798 685 1869 videlicet:
712 1797 964 1889 Woykone‚
990 1797 1222 1885 Jobanne,
1249 1796 1468 1886 Domano,
1495 1796 1755 1888 Stephano,
1781 1796 1851 1871 Jo

300 1919 449 1990 hanue
477 1916 755 2006 Oruszvycziensi
783 1918 932 2006 decano,
959 1915 1192 2008 Gregorio
1220 1917 1351 1991 decano
1378 1917 1496 1989 Sancti
1523 1917 1696 2007 Floriani,
1722 1918 1852 2005 Vito,
1918 1973 1920 1977 .

302 2037 514 2126 Nicolao,
551 2036 783 2126 Gozvvino,
819 2044 855 2108 et
884 2037 1073 2127 capellanis
1100 2037 1230 2109 nostris
1256 2035 1560 2129 Hieronymo,
1597 2037 1857 2129 Stephano,¹

303 2154 507 2246 Gonyko,
535 2157 1054 2291 Sybretblro,..lerando
1081 2163 1117 2228 et
1143 2157 1221 2228 aliis
1249 2179 1351 2248 quarn
1379 2158 1547 2248 plurimis.

318 2490 322 2499 Ι
408 2397 447 2475 ln
476 2397 632 2469 nomine
661 2395 813 2469 Domini
842 2396 980 2469 Amen.
1024 2397 1111 2469 Cum
1137 2418 1200 2486 ea,
1235 2416 1329 2487 >quae
1354 2395 1558 2487 frequenter
1592 2398 1746 2488 legitime
1773 2404 1852 2469 acta
1896 2435 1898 2441 ·

302 2525 394 2607 sunt,
420 2518 587 2607 longitate
613 2518 779 2606 temporis
806 2519 1066 2606 interveniente,
1095 2537 1182 2606 quae
1209 2522 1321 2588 mater
1338 2523 1393 2588 est
1410 2517 1595 2589 oblivionis
1622 2518 1739 2588 multis
1766 2519 1852 2588 mul-

301 2639 405 2708 toties
432 2639 466 2708 in
493 2637 633 2708 dubium
660 2643 876 2725 revocantur,
903 2636 1049 2726 ideoque
1075 2657 1138 2708 nos
1165 2636 1442 2708 vladislaus
1469 2636 1525 2708 dei
1550 2637 1667 2726 gratia
1692 2656 1755 2708 rex
1781 2636 1848 2708 Po-

302 2758 426 2847 loniae,
453 2778 515 2828 nec
542 2779 610 2828 non
637 2764 810 2827 terrarum
828 2742 1024 2847 Cracoviae,
1052 2756 1299 2846 Sandomiriae,
1326 2757 1519 2847 Lanciciae,
1547 2756 1719 2847 Ouiaviae,
1746 2756 1852 2848 Syra-

298 2877 450 2971 -diaeque
476 2878 546 2949 dux
572 2886 608 2948 et
634 2877 810 2967 dominus,
847 2879 936 2953 scire
973 2877 1130 2980 volumus
1167 2879 1367 2966 universos,
1402 2886 1473 2949 tam
1511 2865 1711 2967 praesentes
1747 2898 1849 2967 quam

287 3004 472 3087 posteros,
499 2998 732 3088 praesentium
750 2978 911 3071 notitiam
929 2999 1120 3086 habituros,
1147 2999 1229 3087 quia
1247 2997 1465 3071 intendentes
1483 2998 1693 3069 utilitatibus
1711 2998 1853 3085 nostris,

305 3117 397 3189 bona
423 3119 495 3190 sive
522 3118 757 3190 haereditates
793 3125 931 3191 nostras
966 3117 1104 3189 insimul
1142 3117 1297 3189 volentes
1323 3138 1531 3207 aggregare,
1570 3137 1649 3189 cum
1680 3118 1852 3208 religiosis

306 3238 392 3309 viris
423 3239 561 3310 domino
597 3238 620 3310 J
630 3240 808 3311 ohanne
843 3239 1043 3330 praeposito
1080 3244 1116 3308 et
1143 3243 1313 3308 conventu
1350 3236 1393 3308 de
1429 3237 1626 3310 Msthov
1661 3237 1853 3328 vulgariter

305 3357 409 3447 dictu
436 3360 736 3431 commutationem
763 3359 885 3430 lesisse
912 3358 1134 3449 profitemur,
1171 3358 1294 3429 dantes
1320 3358 1370 3428 eis
1393 3357 1656 3448 haereditates,
1691 3357 1855 3430 videlicet

305 3476 602 3570 Kumornyky
629 3482 665 3550 in
692 3480 906 3552 Morszko
933 3485 970 3550 et
996 3477 1211 3549 Scaricze
1239 3477 1429 3567 vulgariter
1453 3477 1575 3567 ,dictas
1604 3498 1668 3567 pro
1695 3477 1854 3568 partibus

306 3598 560 3670 haereditatum
596 3599 914 3689 Wlodovycze
949 3606 985 3670 et
1021 3597 1406 3670 Parlrossovvicze
1442 3596 1637 3687 vulgariter
1671 3597 1852 3684 dietarnm3

307 3738 395 3807 qnae
422 3719 560 3807 quidem
585 3726 703 3807 partes
730 3720 900 3792 dictarum
926 3719 1182 3790 haereditatum
1208 3718 1324 3808 ipsos,
1363 3737 1425 3789 seu
1451 3717 1653 3790 claustrum*
1667 3716 1854 3815 eorundem

306 3838 351 3909 ab
378 3838 518 3910 exordio
537 3860 620 3923 suae
638 3840 819 3911 locationis
846 3839 1102 3912 haereditariae
1129 3838 1328 3928 contingere
1351 3838 1566 3928 videbantur,
1594 3858 1671 3909 cum
1698 3837 1856 3910 omnibus

308 3956 536 4047 utilitatibus,
571 3959 826 4050 amfractibus,
862 3961 899 4031 in
933 3960 1122 4031 dominium
1159 3965 1317 4031 nostrum
1352 3978 1416 4048 per
1452 3957 1755 4030 commutationem
1791 3977 1856 4047 pu·

306 4095 379 4147 ram
406 4079 571 4150 recitatas
597 4079 683 4149 dieti
714 4079 858 4150 claustri
890 4080 1145 4152 haereditatum
1175 4084 1302 4169 partes,
1344 4098 1386 4149 ex
1404 4097 1496 4149 nuuc
1532 4078 1730 4166 accipimus
1757 4097 1857 4167 prae·
1954 4170 1962 4187 .

98 4192 108 4211 ’
218 4230 220 4235 v
308 4193 382 4268 fato
409 4199 591 4269 conventui
618 4220 680 4271 seu
711 4201 863 4271 claustro
882 4201 1115 4290 praescriptas
1134 4198 1379 4287 haereditates,
1407 4198 1512 4281 simili
1531 4198 1633 4270 modo
1652 4217 1728 4268 cum
1748 4199 1856 4267 omni-

309 4317 374 4388 bus
401 4313 620 4408 utilitatibus,
647 4319 892 4411 nauh-uatibus,
920 4322 1035 4412 sylvis,
1064 4321 1192 4411 pratis,
1220 4320 1361 4409 piscinis
1388 4319 1604 4408 caeterisque
1631 4312 1857 4407 proventibus
1922 4331 1931 4339 ’

270 4477 275 4487 -
311 4439 370 4527 qui
397 4459 486 4510 nunc
514 4447 614 4528 sunt,
649 4449 710 4512 aut
753 4441 829 4512 fieri
864 4449 1029 4532 poterunt
1055 4444 1092 4514 iu
1119 4441 1283 4528 futurum,
1318 4438 1505 4510 secundum
1533 4437 1625 4528 qnod
1656 4443 1855 4527 praetactae

309 4558 543 4631 haereditates
571 4563 680 4633 certis
703 4563 777 4634 suis
804 4563 956 4653 antiquis
981 4563 1140 4635 terminis
1167 4562 1528 4634 circumferentialiter
1553 4568 1635 4634 sunt
1661 4561 1859 4633 distinctae.

308 4679 455 4769 hauper
480 4683 709 4772 attendentes,
749 4691 880 4772 quanta
915 4684 1057 4773 speciali
1094 4684 1338 4772 praerogativa
1364 4682 1474 4753 felicis
1501 4682 1752 4756 recordationis
1780 4701 1860 4771 pro-

149 4854 151 4858 >
181 4854 183 4859 .
222 4776 486 4901 fgfflenitorcs
521 4803 633 4873 nostri
668 4803 869 4874 fundatione
904 4824 967 4873 sua
1005 4803 1195 4873 claustrum
1214 4801 1445 4891 praedictum
1493 4801 1707 4893 fratresque·
1731 4800 1860 4873 ibidem
1993 4884 1998 4892 Ι

121 4950 124 4957 ·
195 5000 198 5009 ,
247 4900 396 5003 Μ
411 4914 667 5010 deservientes,
704 4921 918 5026 dilexerunt,
945 4942 1064 4993 eorum
1092 4923 1250 5011 vestigiis
1281 4923 1464 4994 inhaerere
1491 4923 1679 5012 cupientes,
1706 4942 1857 4993 marcam

276 5040 395 5129 ¹muri,
422 5063 525 5130 quam
552 5043 654 5113 nohis
681 5043 816 5113 solvere
844 5044 989 5133 singulis
1016 5043 1117 5115 annis
1155 5050 1239 5114 sunt
1279 5043 1433 5132 astricti,
1470 5044 1514 5114 ob
1542 5063 1693 5113 amorem
1721 5042 1860 5114 divium

309 5160 549 5232 retributionis
576 5163 800 5251 dimittimus,
827 5163 921 5253 ipsos
948 5171 1130 5236 eteorum
1158 5182 1375 5234 successores
1402 5183 1423 5233 a
1449 5152 1629 5251 praedicta
1654 5182 1772 5233 marca
1797 5162 1859 5231 ah-

218 5320 229 5328 -
311 5280 474 5354 solvimus
500 5289 536 5352 et
562 5282 752 5371 eximimus,
779 5288 947 5373 perpetuo
974 5284 1165 5372 liberaud03
1192 5285 1313 5355 damus
1336 5284 1439 5354 etiam
1467 5282 1649 5372 praedicto
1677 5282 1861 5353 conventui

312 5423 374 5474 seu
392 5401 543 5474 clanstro
561 5408 750 5475 memorato
769 5410 978 5492 potestatem
1005 5404 1140 5474 locandi
1159 5403 1234 5474 iure
1252 5404 1465 5493 theutonico,
1484 5403 1559 5474 iure
1577 5403 1711 5474 scilicet
1729 5401 1861 5472 Novi-

311 5523 422 5615 iori,
449 5524 541 5614 quod
569 5522 713 5594 Sroda
739 5522 886 5613 dicitur,
913 5543 1031 5594 omnes
1059 5523 1294 5595 haereditates
1321 5523 1504 5612 adipsum
1532 5524 1728 5595 claustrum
1749 5522 1857 5612 perti·

313 5650 443 5731 nentes,
470 5645 549 5714 iura
574 5638 783 5732 polonicalit
808 5644 924 5714 omnia
950 5651 986 5714 et
1013 5643 1158 5732 singula,
1185 5644 1220 5713 in
1248 5643 1488 5728 solutionibus,
1516 5643 1765 5730 exactionibus,
1788 5661 1861 5712 ser·
1904 5736 1906 5740 Α

313 5764 416 5852 vitiis,
443 5765 656 5853 caeterisque
675 5765 925 5852 vexationibus,
944 5765 1106 5854 angariis,
1124 5763 1354 5854 perangariis,
1374 5764 1644 5853 quibuscumque
1666 5746 1862 5834 nominibus

315 5893 530 5972 censeantur,
557 5868 688 5955 necnon
717 5884 845 5955 iudicia
871 5884 1148 5973 castellanorum,
1174 5883 1420 5973 palatinorum,
1447 5882 1608 5972 iudicum,
1636 5881 1861 5967 subindicum,

316 6027 356 6078 aa
382 6005 810 6095 iurisdictiones-ipsorum
829 5992 1276 6101 mimatenalaa*·officiales
1295 6024 1431 6093 quoque
1450 6004 1645 6092 eorundem,
1672 6001 1863 6092 apraelati

315 6126 459 6198 claustri
486 6125 761 6197 haereditatibus
788 6132 849 6197 se‘u
877 6125 967 6197 villis
994 6106 1169 6225 perpetua
1192 6123 1401 6211 removendi
1428 6123 1489 6195 sed
1507 6122 1747 6195 tantummodo
1774 6121 1862 6197 scol-

287 6247 380 6355 ⁸tati
407 6246 566 6318 villarum
593 6251 783 6319 conventus
809 6220 1181 6405 nomnanrbsguiu
1203 6243 1357 6316 eiusdem
1383 6265 1504 6317 causas
1522 6250 1594 6317 tam
1621 6244 1730 6333 laves,
1758 6261 1861 6333 quam
