4217 8059
265 1495 339 1565 422

262 1699 402 1788 fundat,
442 1696 692 1787 nonnullasque
733 1696 882 1768 decimas
922 1695 1156 1786 manipulares
1193 1703 1329 1766 mensae
1355 1693 1571 1784 episcopalis
1609 1694 1644 1765 in
1682 1693 1809 1785 oppido

263 1820 561 1907 Dobschicze,
590 1820 672 1889 item
699 1819 735 1888 in
762 1818 845 1888 villa
870 1816 1058 1905 Winari,
1087 1808 1245 1907 villisque
1273 1816 1350 1886 aliis
1368 1817 1496 1886 circum
1516 1815 1812 1887 Dobscbicze

263 1941 415 2028 situatis,
444 1961 528 2030 quas
556 1939 698 2010 inferius
726 1938 978 2028 describemus,
1006 1938 1158 2027 capitulo
1186 1936 1404 2008 Cracoviensi
1434 1936 1672 2008 consentiente
1699 1936 1815 2021 donat,

261 2060 508 2149 ecclesiamque
536 2059 663 2149 partim
691 2080 733 2129 ex
761 2058 878 2129 dolata
905 2064 1014 2149 petra,
1041 2059 1168 2157 partim
1196 2079 1239 2128 en
1267 2064 1364 2127 cocto
1392 2057 1502 2128 latere
1529 2077 1610 2129 rara
1628 2064 1812 2128 venustate

185 2188 192 2201 '
262 2180 418 2253 fabricat.
445 2181 532 2252 Item
560 2186 596 2251 et
622 2180 732 2251 cidem
761 2180 972 2276 monasterio
1000 2181 1034 2249 in
1063 2178 1241 2269 Mogila
1267 2178 1447 2249 ecclesiam
1475 2179 1707 2269 parochialem
1727 2179 1814 2249 San-

262 2303 310 2373 cti
337 2300 593 2374 Bartholomaei
630 2302 673 2371 de
709 2298 900 2389 Mugila,
935 2301 1089 2372 extincto
1124 2300 1198 2371 eius
1233 2299 1352 2389 titulo,
1380 2305 1417 2370 et
1443 2319 1527 2371 cura
1554 2301 1743 2371 animarum
1776 2301 1810 2369 in

262 2422 439 2494 ecclesiam
467 2421 700 2512 parochialem
737 2421 771 2491 in
808 2420 1047 2492 Pleschow
1075 2421 1150 2497 sibi.
1168 2421 1313 2491 vicinam
1342 2441 1411 2491 una
1438 2441 1513 2491 curn
1542 2421 1707 2511 parochia
1735 2419 1813 2489 Mo-

262 2543 410 2633 gilnensi
437 2541 623 2631 transfusa,
651 2542 817 2632 adiungit,
846 2548 882 2612 et
909 2562 1026 2613 omnes
1055 2541 1208 2612 eiusdem
1236 2541 1401 2613 ecclesiae
1420 2540 1535 2612 Sancti
1555 2541 1814 2612 Bartholomaei
1844 2571 1846 2577 v
1917 2613 1923 2625 ,

263 2670 453 2753 proventus
480 2669 515 2733 et
541 2662 690 2733 decimas
717 2664 926 2735 monasterio
954 2660 1140 2752 Mogilensi
1168 2663 1243 2733 unit
1271 2646 1305 2731 et
1332 2663 1541 2753 incorporat.
1568 2662 1655 2733 ltem
1683 2668 1718 2734 et
1737 2682 1814 2731 coe-

264 2784 403 2856 nobium
432 2805 494 2874 pro
521 2783 689 2855 fratribus
717 2791 753 2854 et
780 2784 875 2855 cellis
902 2803 942 2854 ac
971 2784 1206 2855 mansionibus
1233 2781 1392 2875 fabricat,
1420 2783 1604 2873 villamque
1634 2791 1814 2873 paternam

265 2924 361 2976 snam
388 2911 425 2976 et
452 2905 578 2976 avitam
607 2904 852 2976 Micbalow
880 2904 990 2975 eidem
1019 2905 1229 2975 monasterio
1257 2903 1432 2993 adiungitg
1459 2911 1496 2974 et
1514 2905 1671 2993 quamvis
1690 2905 1816 2993 patrui,

264 3025 399 3114 fratres,
426 3032 569 3116 nepotes
596 3032 632 3097 et
650 3026 895 3115 consanguinei
914 3025 1061 3117 praefati
1080 3024 1253 3097 l'ronis
1280 3025 1432 3115 episcopi
1451 3024 1700 3115 Cracoviensia
1720 3023 1815 3095 ride·

265 3147 345 3217 licet
371 3145 603 3218 Saulus'et
626 3146 780 3219 ¹Sando
807 3146 868 3216 lilii
906 3147 1040 3217 comitis
1077 3146 1303 3217 Dobeslai
1331 3153 1367 3217 et
1394 3145 1561 3236 patruelis
1588 3165 1705 3217 eornm
1734 3145 1814 3216 Do-

155 3242 161 3253 ’
265 3260 1816 3371 bealausfiliusVislaihaeredesdePrandoczin,etCrzeslauS,Pr'tn-

264 3387 429 3475 dotba,
465 3387 656 3478 PetruS,
693 3386 865 3460 Paulus
901 3387 962 3458 filii
999 3388 1134 3459 comitis
1174 3388 1406 3459 Sandonis
1446 3396 1482 3460 ot
1523 3388 1816 3477 Matthaeus,

264 3508 531 3599 Jaroslaus,
558 3507 727 3596 Saudo,
755 3509 925 3600 Mykul,
954 3509 1073 3581 lwan
1101 3509 1162 3579 filii
1197 3509 1333 3580 comitis
1367 3509 1484 3580 luan
1513 3517 1548 3580 et
1575 3510 1711 3581 comitis
1738 3509 1817 3580 Mi·

264 3628 458 3719 loalawi
484 3628 611 3701 fratres
639 3628 815 3721 Inonis,
831 3627 1078 3719 fundationem,
1098 3630 1306 3701 erectionem
1329 3636 1364 3700 et
1382 3629 1593 3701 dotationem
1614 3630 1817 3700 monasterii
1887 3672 1892 3679 ·

265 3748 412 3839 praefati
440 3751 475 3820 in
503 3749 677 3839 Mogila
704 3771 767 3840 per
785 3750 862 3822 lvo
875 3729 969 3822 nem
997 3752 1194 3848 episcopum
1214 3747 1350 3838 iactam,
1368 3769 1536 3821 enervare
1555 3771 1679 3839 magno
1698 3749 1836 3821 studio.

265 3875 484 3958 conarentur,
511 3875 546 3940 et
572 3870 608 3940 in
635 3870 822 3941 laesionem
850 3871 924 3943 eius
952 3870 1099 3941 diversis
1126 3876 1310 3942 uterentur
1336 3872 1631 3961 machinamentis,
1659 3868 1842 3943 asseren·'

265 3993 318 4059 tes
345 3989 579 4061 haereditates
607 3997 643 4061 et
669 3990 771 4061 villas
797 3991 907 4063 eidem
937 3992 1147 4063 monasterio
1175 3994 1219 4064 ab
1246 3992 1386 4064 Irone
1413 3994 1574 4084 episcopo
1593 3992 1815 4064 Gracoviensi

267 4112 301 4180 in
329 4110 445 4182 dotem
481 4131 661 4182 concessas
698 4117 733 4183 et
759 4112 964 4203 inscriptas,
991 4113 1190 4202 veluteas,
1218 4133 1307 4203 quae
1334 4120 1446 4184 morte
1473 4112 1634 4186 lvonis
1662 4114 1840 4203 episcopi

266 4240 429 4322 sequuta,
458 4232 501 4303 ad
538 4252 575 4304 se
611 4234 685 4304 iure
722 4235 948 4305 ‘successionis
985 4233 1220 4306 devolvendae
1247 4241 1366 4325 erant,
1394 4236 1429 4306 in
1456 4240 1584 4306 sortem
1614 4235 1816 4306 monasterii

264 4352 447 4424 transferri
475 4360 510 4424 et
536 4355 679 4426 inscribi
715 4355 789 4425 iure
826 4356 982 4445 polonico
1010 4376 1078 4427 non
1106 4375 1227 4445 posse,
1255 4376 1345 4426 anno
1371 4363 1487 4426 tamen
1525 4355 1663 4426 Domini
1705 4357 1814 4427 1231.

268 4473 387 4562 quinto
406 4473 640 4545 Kalendarum
669 4473 840 4569 Octobris
867 4476 910 4547 ab
938 4476 1030 4546 omni
1058 4474 1343 4565 lite,·differentia
1369 4485 1404 4548 et
1432 4478 1671 4548 controversia
1697 4497 1813 4576 cessa·

266 4574 358 4683 ruunt,
385 4594 585 4666 abdicantes
611 4615 649 4666 se
676 4603 713 4668 et
739 4597 980 4668 renuntiantes
1008 4596 1114 4667 omni'
1128 4598 1347 4688 proprietati,
1366 4597 1469 4668 titulo
1488 4603 1524 4668 et
1541 4598 1664 4670 ditioni
1685 4605 1719 4668 et
1738 4599 1819 4686 iuri,

143 4778 156 4794 ,
265 4714 295 4785 si
323 4714 413 4810 quod
441 4715 510 4784 illis
537 4716 571 4786 in
600 4715 691 4787 villis
719 4723 755 4788 et
782 4717 1054 4803 haereditatibus
1092 4708 1259 4807 praefatis
1296 4717 1550 4809 quomodolibet
1589 4719 1818 4808 competebat,

253 4834 494 4925 suscipientes
522 4838 612 4907 bona
649 4837 805 4927 praefata
841 4846 877 4909 et
904 4837 1005 4909 villas
1032 4839 1067 4908 in
1096 4859 1213 4909 eorum
1242 4839 1511 4928 protectionem,
1538 4840 1682 4910 tutelaui
1710 4845 1816 4929 atque

266 4954 448 5025 defensam.
477 4955 680 5028 Monasterii
709 4964 825 5029 autem
853 4957 998 5048 praefati
1027 4959 1071 5029 de
1098 4953 1274 5048 Mogila
1300 4961 1445 5030 caeteris
1472 4961 1659 5031 abstractis
1678 4966 1714 5030 et
1731 4960 1817 5031 alic·

267 5075 366 5164 natis,
393 5076 458 5145 hae
485 5077 659 5149 habentur
686 5079 807 5168 villae,
834 5080 939 5169 hique
966 5081 1149 5169 introitus,
1176 5080 1334 5151 redditus
1362 5086 1397 5150 et
1423 5087 1631 5179 proventus,
1660 5102 1817 5172 quaeque

267 5217 309 5266 ue
338 5216 360 5265 a
386 5200 598 5270 monasterio
635 5199 678 5270 de
704 5199 879 5289 Mogila
905 5201 1040 5289 possint
1066 5182 1231 5289 processu
1259 5203 1425 5291 temporis
1453 5203 1627 5290 abstrahi,
1656 5202 1816 5292 abrumpi

265 5324 301 5387 ct
327 5318 482 5408 alienari,
509 5340 567 5390 aas
595 5321 630 5390 in
657 5322 806 5408 registro
834 5321 1020 5409 praesenti,
1047 5342 1116 5410 qua
1143 5323 1316 5411 potuimus
1343 5321 1544 5394 studiosiori
1564 5344 1647 5393 cura
1664 5323 1817 5393 conscri-

266 5439 404 5529 psimus
431 5460 495 5529 pro
522 5440 688 5511 memoria
715 5441 935 5528 sempiterna.

369 5559 622 5632 Monasterium
659 5560 836 5651 Mogila
864 5582 884 5632 a
912 5562 987 5632 vico
1015 5562 1193 5653 Mogila
1228 5585 1295 5635 non
1324 5565 1425 5655 longe
1453 5587 1473 5634 a
1500 5566 1711 5637 monasterio
1738 5567 1817 5657 sito,

162 5713 170 5728 ι
266 5681 468 5752 vocabulum
496 5684 656 5771 trabenS,
685 5694 872 5773 cognomen
910 5689 1023 5754 autem
1052 5685 1128 5755 vico
1153 5685 1311 5775 praefato
1338 5687 1433 5757 dedit
1461 5708 1558 5757 mons
1585 5687 1819 5759 artificialiter

265 5803 299 5872 in
336 5800 517 5891 piramidis
554 5803 691 5873 modum
727 5802 858 5892 factus,
896 5803 998 5875 villae
1033 5805 1082 5876 illi
1121 5807 1319 5897 imminens,
1346 5809 1380 5877 in
1415 5829 1481 5897 quo
1511 5808 1670 5879 Vanda
1695 5811 1818 5898 regina

265 5921 429 5992 Polouiae
455 5922 526 5992 filia
553 5921 719 5994 Gracci
747 5945 769 5993 a
795 5946 863 6014 quo
890 5924 1121 5997 Gracovia
1149 5927 1413 6019 appellationem
1434 5929 1566 6009 sortita
1592 5935 1664 6007 est,
1691 5931 1817 6000 asseri

166 6044 172 6048 ’
266 6049 325 6113 tur
352 6064 373 6112 a
401 6044 586 6132 veteribus,
613 6028 794 6134 postquam
824 6066 861 6115 se
890 6046 963 6117 Diis
984 6048 1194 6122 immolando
1214 6050 1248 6118 in
1266 6048 1405 6120 flurium
1426 6049 1619 6121 lstulam
1647 6051 1818 6141 praecipi·
1854 6043 1856 6046 ’

263 6169 382 6250 tasset,
409 6165 453 6234 ab
481 6165 582 6235 undis
610 6165 776 6237 suffocata
803 6168 884 6239 illuc
911 6188 1019 6258 usque
1045 6169 1179 6239 lubrico
1206 6174 1305 6241 amne
1333 6168 1485 6257 derecta,
1512 6158 1634 6243 fnisset
1661 6171 1817 6262 sepulta3

266 6281 387 6354 Poloni
414 6287 504 6356 enim
533 6287 700 6359 tumulum
728 6293 942 6359 mortuorum
970 6286 1132 6383 mopilarn
1160 6310 1222 6359 suo
1250 6289 1413 6361 idiomate
1440 6293 1624 6382 appellant.
1652 6292 1818 6383 Appella-

270 6406 323 6472 'rr
349 6406 452 6483 etiam
478 6411 727 6481 monasterium
753 6408 949 6498 praefatum
985 6407 1126 6485 Clara
1152 6408 1333 6500 Tnmba,
1361 6412 1454 6503 qnod
1479 6411 1532 6484 illi
1558 6433 1682 6485 nomen
1708 6414 1843 6490 latina.

1409 6548 1658 6623 ,¹⁸4·'

1428 6598 1544 6655 1⁴¹¹...

1378 6656 1402 6703 s
1448 6678 1450 6683 Ι

1375 6718 1561 6823 Η·
