4217 8059
1592 1548 1596 1553 ·
1712 1507 1786 1578 439

237 1718 485 1791 trauslocatum
513 1724 575 1807 est,
603 1724 639 1789 et
666 1714 765 1790 s'ecus
792 1716 911 1788 villam
937 1716 1129 1807 praefatam
1157 1715 1378 1804 Ozirzicz,
1405 1735 1492 1805 quae
1520 1721 1556 1786 et
1581 1712 1702 1786 Gora
1729 1735 1789 1803 ap-

239 1839 398 1930 pellatur,
426 1846 462 1911 et
489 1841 524 1910 in
552 1844 682 1910 sortem
710 1838 827 1928 oppidi
855 1838 998 1909 redacta
1024 1844 1080 1912 est
1102 1838 1262 1926 positum,
1280 1857 1437 1926 novaque
1455 1836 1600 1907 eeclesia
1618 1856 1683 1924 pro
1700 1818 1790 1906 nouo

238 1960 451 2032 monasterio
478 1982 554 2031 cum
583 1960 655 2031 suis
683 1958 848 2048 officinis,
875 1959 1069 2050 sumptibus
1096 1962 1131 2028 et
1158 1958 1321 2047 impensis
1348 1957 1494 2048 praefati
1523 1956 1667 2027 Marci
1694 1957 1791 2047 pala-

238 2082 304 2153 tini
331 2081 571 2153 Gracoriensis
598 2080 776 2154 fabricata.
845 2129 847 2132 ι
882 2063 885 2072 ’
1708 2066 1718 2081 ”

276 2228 278 2235 ·
343 2202 533 2275 Garazucz
559 2203 648 2273 alias
675 2200 794 2290 Gonu,
822 2201 905 2274 villa
930 2201 1064 2272 babens
1082 2201 1118 2272 in
1146 2222 1183 2271 sc
1210 2199 1443 2289 parochialem
1472 2199 1663 2288 ecclesiam,
1695 2199 1791 2269 cuius

240 2324 435 2415 proprietas
461 2322 504 2392 ad
533 2323 782 2393 monasterium
809 2321 1043 2393 Gzirziczeuaa
1071 2321 1231 2411 pertinet
1258 2320 1297 2391 In
1319 2341 1386 2410 qua
1403 2326 1485 2391 sunt
1504 2320 1573 2392 duo
1591 2320 1681 2390 lanei
1701 2340 1791 2389 crue·

198 2454 204 2460 “
239 2444 410 2533 thonales,
437 2450 474 2515 et
501 2444 646 2534 quilibet
672 2444 777 2515 solvit
797 2498 955 2533 .......
982 2442 1065 2514 item
1094 2463 1179 2530 ova,
1206 2441 1288 2512 item
1315 2441 1426 2531 gallos
1453 2442 1535 2511 item
1563 2462 1681 2512 caseos
1707 2440 1791 2510 item

239 2565 347 2652 labor,
374 2565 456 2634 item
483 2563 637 2659 woodo,
663 2565 745 2636 Item
773 2586 928 2660 oaczyep,
956 2564 1040 2634 item
1068 2564 1227 2652 taberna,
1255 2563 1337 2633 item
1365 2562 1554 2651 hortulani,
1581 2563 1662 2633 item
1691 2581 1791 2651 prae-

243 2686 346 2775 dium,
374 2686 455 2756 item
482 2684 725 2759 molendinum.
761 2685 849 2756 Item
876 2685 953 2774 agri
980 2684 1084 2755 villae
1119 2684 1259 2757 solvunt
1285 2684 1452 2755 decimam
1480 2683 1730 2774 manipularem
1757 2689 1793 2753 et

241 2807 450 2898 canapalem,
477 2811 514 2877 et
540 2806 736 2878 conducunt
763 2827 826 2896 pro
847 2862 854 2874 .
873 2861 880 2876 .
899 2861 907 2874 .
925 2804 1085 2877 Confimt
1103 2861 1110 2874 .
1130 2860 1163 2875 ..

262 2966 267 2973 ·
345 2926 600 3014 Posazaczru,
635 2928 716 2998 villa
753 2928 817 3000 sub
852 2925 1019 3018 parocbia
1054 2927 1098 2997 de
1133 2925 1255 2998 Gora
1290 2927 1375 3015 sita,
1403 2925 1500 2998 cuius
1527 2926 1724 3016 proprietas
1750 2924 1795 2996 ad

241 3049 489 3120 monasterium
526 3038 760 3121 Onlrziczense
796 3049 957 3139 pertinet.
993 3046 1033 3119 In
1062 3068 1130 3137 qua
1157 3053 1238 3119 sunt
1264 3047 1333 3118 duo
1360 3047 1451 3118 lanei
1478 3045 1732 3130 emethoualeS,
1759 3052 1795 3116 et

241 3170 346 3242 solvit
372 3169 570 3260 quilibet..
590 3225 616 3260 .,
644 3172 724 3241 item
754 3191 829 3259 ova,
856 3169 938 3240 item
966 3169 1087 3259 gallos,
1115 3167 1206 3271 rtem¹
1225 3144 1363 3256 caseos3
1389 3167 1472 3240 item
1498 3168 1606 3257 labor,
1633 3168 1716 3239 Item
1730 3163 1794 3262 po-

241 3288 347 3380 rcubu,
372 3291 457 3361 item
483 3314 629 3386 ‹rmqqqq
656 3292 738 3362 item
766 3292 922 3380 taberna,
949 3291 1032 3361 item
1060 3286 1246 3377 hortulani,
1273 3289 1357 3361 item
1384 3286 1573 3380 praedium.
1601 3288 1688 3360 Item
1717 3288 1793 3378 agri

240 3409 344 3481 villae
370 3410 509 3481 solvunt
536 3415 573 3481 et
599 3411 795 3483 conducunt
821 3411 988 3482 decimam
1015 3409 1266 3500 manipularem
1294 3416 1330 3481 et
1356 3409 1557 3500 canapalem
1584 3430 1648 3500 pro
1676 3429 1794 3481 mona-

243 3530 350 3602 sterio
378 3529 623 3621 Ozirziczensi,
651 3540 688 3604 et
713 3533 813 3605 valor
847 3532 922 3604 eius
949 3530 1155 3604 aestimatur
1181 3530 1225 3604 ad
1252 3537 1325 3604 tres
1352 3551 1496 3604 marcas.
1529 3524 1704 3604 'Oonlinat
1718 3550 1795 3602 cum
1865 3572 1869 3587 ·

346 3769 653 3863 Asaauowrczs,
680 3773 763 3846 villa
788 3774 852 3846 sub
880 3773 1047 3863 parochia
1073 3773 1116 3844 de
1142 3770 1265 3846 Gora
1290 3773 1376 3865 sita,
1403 3773 1501 3846 caius
1526 3773 1725 3865 proprietas
1751 3772 1796 3848 ad

243 3893 488 3964 monasterium
517 3891 752 3966 Ozirziczensc
787 3894 949 3985 pertinet.
993 3893 1034 3966 In
1062 3916 1132 3985 qus
1158 3900 1239 3966 suut
1265 3893 1334 3967 duo
1361 3894 1453 3967 lanei
1479 3894 1733 3980 cmetlionales‚
1760 3899 1796 3965 et
1907 3943 1909 3947 ‚

242 4013 347 4084 solvit
374 4012 546 4102 quilibet.
566 4070 573 4084 .
593 4070 618 4103 .,
645 4015 728 4086 item
756 4036 830 4104 ora,
856 4016 938 4087 item
966 4015 1087 4105 gallos,
1114 4016 1194 4087 item
1223 4035 1362 4103 caseos3
1388 4015 1472 4087 item
1499 4015 1608 4105 labor,
1635 4017 1717 4086 item
1731 4038 1796 4110 po-

243 4131 350 4222 roubu,
376 4133 459 4204 item
486 4157 632 4231 caazycp,
660 4137 742 4207 item
771 4138 928 4225 taberna,
956 4136 1040 4207 item
1067 4136 1256 4225 hortulani,
1283 4136 1365 4208 item
1394 4136 1584 4225 praedium.
1611 4137 1700 4207 Item
1719 4137 1796 4226 agri

93 4312 96 4318 .
242 4252 344 4322 villae
371 4253 511 4326 solvunt
537 4262 574 4327 et
600 4255 798 4327 conducunt
823 4253 990 4326 decimam
1018 4256 1266 4346 manipularem
1293 4263 1330 4328 et
1356 4256 1565 4346 causpslem,
1592 4277 1657 4346 pro
1675 4274 1793 4327 mona-

245 4372 365 4465 steriqi·¹
378 4370 624 4467 Gzirzicrensi,
651 4383 687 4446 et
714 4374 812 4446 valor
842 4376 917 4448 eius
943 4376 1149 4448 aestimatur
1175 4376 1221 4448 ad
1247 4380 1321 4448 tres
1348 4396 1494 4449 marcas.
1532 4375 1694 4449 (lonium
1719 4384 1796 4450 cum

348 4613 593 4704 Poooazaur,
629 4616 712 4686 villa
747 4617 812 4689 sub
848 4617 1013 4709 parochia
1045 4616 1090 4689 de
1124 4614 1246 4690 Gora
1281 4572 1368 4709 sita,
1395 4615 1493 4691 cuius
1519 4618 1717 4711 proprietas
1753 4619 1798 4690 a'd

94 4771 97 4774 ·
243 4734 488 4805 monasterium
526 4733 761 4808 Gzirziczeuse
797 4738 959 4828 pertinet.
995 4721 1036 4809 In
1064 4744 1241 4829 quaeunt
1267 4738 1336 4811 duo
1363 4738 1456 4810 lanei
1482 4739 1736 4830 emethonales,
1762 4745 1798 4811 et
1895 4752 1898 4757 ·

244 4855 349 4926 soluit
375 4856 572 4945 quilibet..
592 4912 618 4947 .,
645 4858 725 4929 item
755 4880 831 4950 ora,
856 4859 939 4930 item
967 4859 1089 4949 gallos,
1105 4854 1199 4932 ”item
1227 4879 1366 4950 cascos;
1391 4860 1475 4932 item
1501 4858 1609 4950 labor,
1628 4861 1711 4931 item
1731 4870 1798 4955 po·

245 4973 360 5060 umbo,
388 4977 471 5048 item
499 5000 653 5073 ooazyep,
681 4978 764 5051 item
790 4978 956 5070 taberna,
982 4980 1067 5057 item
1094 4980 1287 5071 hortulani,
1314 4981 1397 5053 item
1423 4978 1613 5073 praedium.
1639 4982 1727 5054 Item
1754 4981 1798 5054 de

244 5097 338 5185 agris
365 5097 484 5187 villae,
511 5099 664 5171 decimae
691 5100 917 5192 manipularis
944 5106 993 5172 et·
1007 5101 1185 5192 canapalis
1212 5101 1390 5193 perceptio
1418 5100 1691 5194 diversificatur,
1718 5122 1797 5174 nam

244 5216 287 5287 de
313 5218 500 5290 medietate
517 5224 519 5229 '
535 5219 628 5293 tollit
660 5239 735 5291 eam
762 5221 1012 5294 monasterium
1036 5219 1290 5313 Grimiczeme,
1317 5221 1361 5295 de
1388 5221 1500 5296 altera
1525 5228 1642 5297 autem
1669 5223 1797 5296 medie·

244 5342 318 5409 tate
345 5339 438 5410 tollit
464 5360 540 5411 eam
556 5342 814 5415 ,monasterium
841 5341 1159 5445 Szeczecboviense.
1186 5340 1347 5417 mnfinac
1373 5363 1449 5416 cum

349 5455 560 5552 Gooussza,
580 5461 767 5552 praedium
795 5446 947 5536 nombile
974 5465 1177 5537 monasterii
1203 5450 1468 5556 Quaeremus,
1494 5466 1531 5536 iu
1558 5470 1631 5537 tres
1658 5484 1798 5555 campos

245 5580 404 5668 divisum,
431 5586 467 5651 et
494 5583 704 5656 monasterio
731 5581 1190 5676 Omrziczensiproximnm,
1208 5586 1274 5659 snb
1291 5586 1457 5678 parcella
1474 5586 1517 5658 de
1536 5583 1657 5658 Gora
1684 5586 1799 5676 sitnm,

248 5722 289 5770 ex
331 5721 399 5790 quo
433 5704 645 5776 monasterio
680 5703 981 5779 Szeczeehoviensi
1017 5708 1228 5797 proveniunt
1263 5707 1432 5798 plurimae
1467 5706 1727 5779 commoditates
1748 5713 1800 5779 et

139 5813 143 5821 ’
244 5822 386 5911 fructus,
413 5823 447 5893 iu
476 5842 543 5914 qno
570 5845 714 5915 gregum
742 5831 823 5897 sunt
849 5831 886 5898 et
911 5846 1073 5917 pecorum
1101 5834 1269 5902 armenta
1296 5829 1382 5901 Item
1409 5848 1452 5900 ex
1480 5828 1574 5919 agris
1600 5827 1798 5900 huiusmodi
1935 5824 1939 5837 '

245 5943 379 6031 praedii
415 5945 662 6017 monasterium
699 5946 933 6019 Gzirziczense
970 5967 1038 6018 non
1075 5948 1180 6021 solvit
1215 5948 1318 6021 alicui
1346 5948 1511 6021 decimam
1539 5946 1798 6040 manipularem,

247 6063 308 6135 sed
335 6085 409 6135 eam
438 6085 502 6155 pro
530 6084 568 6137 sa
594 6066 697 6157 tollit,
723 6074 766 6165 et
786 6067 822 6138 in
850 6067 1013 6140 horreum
1041 6089 1142 6140 suum
1167 6069 1310 6142 iuducit

349 6185 523 6275 Suram,
550 6187 634 6258 villa
668 6188 732 6260 sub
758 6185 925 6279 parochis
950 6189 1116 6261 ecclesiae
1142 6189 1187 6262 de
1214 6188 1336 6263 Gora
1363 6192 1450 6281 sita,
1478 6192 1575 6264 cuius
1602 6192 1799 6283 proprietas

243 6306 287 6377 ad
315 6309 562 6380 monasterium
599 6300 833 6382 (Izirrieranse
868 6311 1038 6410 pertinet,
1066 6311 1102 6382 in
1131 6327 1200 6403 qua
1234 6333 1303 6384 non
1330 6318 1412 6384 sunt
1438 6312 1528 6384 lanei
1556 6313 1800 6404 emethonales‘,

245 6427 305 6498 aad
333 6434 414 6500 sunt
442 6430 518 6519 agri
545 6430 581 6502 in
607 6435 682 6503 tres
709 6431 925 6505 hortulanias
951 6430 1119 6526 distincti
1145 6433 1229 6506 item
1255 6433 1395 6507 labores
1421 6433 1558 6527 faciunt,
1585 6456 1690 6508 uuum
1708 6433 1799 6510 diem
