4217 8059
160 1750 186 1817 d

307 1455 379 1525 174
500 1494 503 1501 ·

229 1670 234 1679 '
303 1658 506 1730 coenobium
532 1655 662 1726 habent
688 1654 857 1742 optimum
882 1653 1074 1742 praedium,
1100 1653 1137 1723 in
1163 1658 1238 1739 tres
1264 1671 1403 1742 campos
1430 1651 1589 1739 divisum,
1616 1650 1659 1720 de
1677 1671 1746 1739 quo
1763 1650 1851 1720 nulli

301 1778 441 1849 solvunt
466 1775 651 1862 decimam,
677 1773 739 1844 sed
766 1794 843 1844 eam
869 1794 933 1862 pro
961 1794 998 1843 se
1015 1773 1154 1843 tollunt
1178 1780 1216 1844 et
1241 1774 1277 1842 in
1304 1773 1469 1842 horreum
1494 1791 1594 1841 suum
1621 1770 1798 1841 inducunt

404 1893 574 1966 scholae
602 1891 793 1989 magister.
830 1893 918 1963 Item
944 1895 1062 1963 estin
1088 1893 1210 1963 eodem
1236 1892 1363 1981 oppido
1391 1891 1526 1978 schola,
1553 1891 1651 1960 cuius
1678 1896 1849 1961 rectorem

301 2006 518 2106 praepositus
545 2012 702 2086 coenobii
728 2013 772 2083 de
798 2011 1026 2084 Graszuilr
1056 2033 1121 2101 pro
1146 2019 1303 2102 tempore
1330 2012 1522 2100 coustituit,
1548 2017 1586 2080 et
1603 2010 1749 2086 solariat
1766 2031 1851 2081 euu-

302 2135 380 2206 dem
407 2155 499 2207 anno
526 2133 683 2224 quolibet
709 2134 859 2223 quinque
885 2133 1019 2203 marcis.

405 2254 630 2343 RznczrczA,
658 2253 741 2324 villa
767 2255 831 2324 sub
857 2253 1023 2342 parochia
1048 2251 1213 2323 ecclesiae
1239 2252 1282 2322 de
1301 2249 1532 2322 Crasznilr
1558 2251 1636 2341 sita,
1653 2250 1751 2322 cuius
1768 2271 1849 2341 pro-

301 2376 434 2465 prietas
460 2380 496 2445 et
522 2373 710 2445 dominium
737 2374 783 2443 ad
808 2374 1044 2462 praepositum
1070 2378 1107 2442 et
1133 2379 1338 2444 conventum
1366 2372 1570 2442 monasterii
1597 2373 1632 2441 in
1651 2370 1849 2442 Orasznilr

300 2496 462 2586 pertinet
488 2495 529 2565 In
557 2515 626 2585 qua
652 2501 733 2565 sunt
760 2494 877 2564 decem
904 2500 940 2564 et
967 2500 1046 2564 octo
1073 2494 1164 2564 lanei
1191 2493 1435 2581 emethonales,
1462 2499 1499 2563 et
1525 2492 1672 2582 quilibet
1689 2493 1732 2562 de
1749 2492 1850 2563 laneo

302 2622 443 2687 tenetur
468 2615 602 2686 solvere
629 2594 693 2704 pro
720 2635 833 2685 annuo
862 2635 967 2685 ceusu
990 2614 1139 2684 sedecim
1165 2634 1307 2703 grossos
1332 2614 1523 2684 eommunis
1548 2613 1725 2702 pecuniae,
1751 2633 1852 2702 prae-

302 2737 417 2826 posito
442 2743 479 2806 et
506 2734 714 2806 monasterio
751 2735 787 2803 iu
814 2732 1052 2805 Grasznik.
1091 2734 1181 2804 Item
1207 2756 1276 2807 nou
1302 2733 1466 2805 laborant
1491 2733 1567 2804 dies
1593 2734 1629 2804 iu
1656 2733 1851 2823 septimana

302 2858 501 2928 cmethones
527 2855 631 2926 villae
657 2853 843 2944 praelatae,
870 2854 932 2925 sed
958 2862 1029 2924 tam
1057 2875 1121 2943 pro
1149 2874 1250 2943 vere,
1276 2874 1378 2944 quam
1405 2874 1469 2942 pro
1495 2855 1618 2944 hyeme
1646 2855 1681 2923 ln
1708 2853 1851 2942 praedio

203 2994 205 2996 ’
302 2976 494 3067 praepositi
519 2976 647 3065 colunt,
673 2981 784 3065 arant,
810 2981 940 3064 serunt,
967 2981 1101 3046 metunt
1127 2981 1163 3044 et
1190 2974 1379 3063 disponunt
1405 2994 1509 3064 agros
1532 2973 1736 3064 praediales
1762 2974 1850 3045 Item

301 3097 339 3169 iu
367 3096 487 3169 eadem
514 3096 597 3168 villa
621 3103 704 3168 sunt
731 3097 819 3168 duae
845 3096 999 3186 piscinae
1026 3095 1217 3184 praqrositi
1243 3101 1280 3165 et
1305 3095 1463 3166 coenobii
1489 3095 1533 3165 de
1559 3093 1789 3167 Grasznik
1815 3100 1853 3165 et

300 3218 393 3289 circa
418 3238 521 3289 unam
547 3237 591 3289 ex
617 3202 686 3289 illis
712 3224 767 3289 est
794 3214 1027 3287 molendinum
1053 3215 1099 3284 ad
1124 3215 1360 3304 praepositum
1378 3221 1414 3285 et
1432 3214 1681 3286 monasterium
1700 3216 1737 3287 in
1755 3212 1847 3286 Cra·

302 3338 435 3411 szuik
461 3339 647 3427 pertinens,
674 3339 710 3409 iu
738 3358 806 3429 quo
833 3337 1030 3408 cmethones
1057 3334 1233 3426 praefatae
1260 3335 1362 3406 villae
1389 3314 1655 3433 Rzecpyc'za
1679 3334 1852 3407 frumenta

302 3479 366 3530 sua
391 3458 518 3529 molere
545 3464 727 3548 tenentur,
755 3459 798 3528 de
825 3478 893 3547 quo
929 3458 1148 3546 praepositus
1175 3461 1212 3526 et
1236 3457 1484 3554 monasterium
1509 3455 1639 3529 tollunt
1664 3455 1752 3550 duas
1778 3474 1850 3528 me·

246 3614 262 3641 .
300 3584 411 3649 tretas
438 3578 756 3667 emolumentorum,
782 3582 819 3648 et
844 3576 1099 3648 molendinator
1124 3577 1272 3648 tertiam.
1307 3576 1395 3648 Item
1421 3583 1540 3665 posset
1566 3576 1787 3667 praepositus
1813 3582 1850 3647 et

301 3699 548 3770 monasterium
565 3699 601 3768 in
620 3699 740 3770 eadem
757 3697 973 3769 haereditate
991 3697 1050 3767 Rz
1061 3698 1242 3767 eczicza
1268 3697 1392 3785 locare,
1411 3688 1592 3768 exstruere
1610 3696 1729 3785 plnres
1745 3697 1852 3787 plsci·

251 3801 256 3809 ’
303 3838 376 3907 nas,
402 3839 466 3908 pro
492 3819 694 3890 monasterii
720 3819 756 3888 in
783 3815 1012 3888 Orasznik
1040 3817 1200 3888 utilitate.
1227 3817 1315 3887 Item
1337 3818 1536 3888 emethones
1554 3817 1656 3887 villae
1673 3815 1851 3907 praelatae

302 3939 570 4028 Itzeczycza
594 3938 706 4028 gallos
732 3939 819 4011 duos
845 3938 984 4009 solvunt
1010 3958 1075 4027 pro
1101 3939 1310 4027 praeposito,
1336 3939 1419 4008 item
1446 3938 1534 4009 duos
1552 3958 1681 4027 caseos,
1706 3937 1852 4029 triginta

303 4079 389 4148 ora3
416 4060 500 4129 item
526 4060 725 4130 emethones
752 4059 855 4135 villae
880 4057 1059 4149 praelatae
1085 4059 1128 4129 de
1155 4059 1313 4131 omnibus
1340 4058 1457 4128 decem
1484 4064 1521 4128 et
1547 4066 1626 4129 octo
1645 4058 1763 4146 laneis,
1781 4058 1850 4129 sol-

303 4184 389 4253 runt
414 4179 580 4251 decimam
608 4180 857 4269 manipularem
884 4164 1050 4250 ecciesiae
1078 4178 1304 4268 parochiali
1292 4199 1329 4248 m
1348 4177 1524 4269 Pnyow,
1542 4184 1579 4248 et
1595 4184 1758 4249 tenentur
1775 4198 1850 4248 eam

303 4301 502 4373 methones
527 4299 679 4390 propriis
706 4301 864 4371 curribus
890 4299 1053 4388 ducere,
1044 4321 1080 4369 ru
1097 4301 1262 4370 horreum
1279 4319 1301 4368 a
1318 4298 1465 4387 plebano
1485 4298 1528 4369 de
1546 4298 1606 4369 Pu
1613 4321 1637 4389 p
1647 4319 1709 4371 ow
1735 4299 1850 4379 locan-

230 4380 400 4511 '‘ffdum
426 4428 463 4493 et
490 4421 588 4492 valor
614 4421 689 4492 eins
715 4422 919 4521 aestimatur
954 4421 999 4490 ad
1026 4420 1143 4490 decem
1170 4439 1313 4490 marcas.
1352 4418 1452 4489 Hanc
1479 4418 1645 4489 decimam
1672 4417 1849 4490 Johannes

302 4541 569 4613 Luthlronis
604 4542 787 4631 episcopus
814 4540 1053 4612 cracoviensis
1080 4541 1245 4610 allenarit
1272 4539 1316 4610 ab
1343 4539 1561 4629 episcopatu,
1588 4545 1625 4609 et
1651 4538 1747 4609 dedit
1772 4560 1849 4611 eam

303 4662 512 4763 eeclesiae
501 4683 538 4732 ιη
573 4659 754 4755 Pnyou,
790 4661 871 4732 dum
904 4666 998 4731 esset
1033 4661 1215 4751 episcopus
1241 4659 1499 4751 GracoviensiS,
1524 4661 1561 4730 in
1596 4660 1714 4731 dotem
1739 4680 1848 4732 novae

302 4762 522 4855 fundationis.
563 4782 650 4853 Item
684 4782 851 4853 decimam
884 4781 1084 4870 canapalem
1111 4781 1310 4852 cmethones
1344 4779 1529 4870 praefati
1521 4803 1555 4850 m
1583 4780 1762 4871 Rzeez)
1772 4801 1851 4851 cra

409 5023 591 5114 sannone,
618 5022 702 5096 villa
728 5022 792 5096 sub
818 5023 983 5114 parochia
1009 5023 1174 5097 ecclesiae
1201 5023 1244 5094 de
1271 5020 1508 5095 Krasznik
1534 5023 1620 5113 sita,
1647 5023 1744 5095 cuius
1772 5044 1851 5113 pro-

202 5120 205 5125 ’
305 5144 435 5235 prietes
462 5152 498 5216 et
524 5145 712 5219 dominium
748 5144 792 5215 ad
828 5146 977 5217 nobilem
1004 5145 1297 5236 Rapstinsky
1324 5144 1518 5217 Johannem
1545 5146 1588 5216 de
1615 5147 1721 5216 armis
1749 5145 1850 5234 Bip-

305 5266 515 5356 pennium
541 5265 702 5356 pertinet.
729 5266 769 5336 In
797 5288 865 5356 qua
891 5272 971 5337 suut
996 5273 1135 5337 centum
1153 5267 1245 5336 lanei
1262 5267 1505 5356 emethonaleS,
1523 5266 1566 5336 de
1586 5286 1730 5356 quorum
1750 5287 1847 5337 sera-

303 5387 401 5478 ginta
425 5387 536 5459 laneis
572 5387 720 5460 solvitur
745 5387 879 5458 decima
904 5387 1094 5478 pecunialis
1121 5408 1184 5476 per
1211 5408 1272 5458 sex
1297 5408 1438 5477 grossos
1466 5387 1633 5476 pecuniae
1660 5387 1850 5457 communis

305 5509 470 5580 ecclesiae
506 5515 542 5579 et
580 5508 789 5580 monasterio
825 5509 862 5577 in
898 5505 1152 5596 Crasznik3
1187 5508 1230 5579 de
1258 5508 1490 5598 quadrugnta
1515 5490 1600 5578 uero
1626 5507 1738 5577 laneis
1763 5507 1852 5595 aliis,

304 5629 453 5701 solvitur
478 5629 610 5699 decima
636 5630 741 5701 etiarn
766 5627 956 5719 pecunialis
983 5650 1046 5718 per
1073 5650 1133 5699 sex
1160 5650 1300 5717 grossos
1327 5627 1553 5700 scholastriae
1572 5627 1851 5717 Sandomirieusi,

304 5749 348 5821 de
374 5750 520 5839 pecunia
546 5750 658 5820 usuali
684 5754 720 5820 et
745 5749 925 5820 communi.
951 5749 1038 5820 Item
1067 5750 1265 5821 cmethones
1292 5770 1410 5820 omnes
1436 5748 1586 5839 praelati
1613 5769 1682 5820 uon
1708 5747 1850 5820 solvunt

305 5869 472 5942 decimam
507 5869 713 5979 canapalem.
749 5869 836 5940 Item
863 5889 980 5940 omnes
1007 5875 1087 5941 cent
1087 5893 1145 5942 um
1180 5871 1269 5941 lanei
1297 5868 1442 5960 praelat
1395 5868 1585 5940 ariuSt
1569 5869 1852 5959 ttamhroza,

302 5991 348 6081 hi,
374 5992 434 6082 qui
460 5990 600 6063 solvunt
615 5988 791 6099 decimam
818 5991 1032 6080 pecunIalem
1058 5992 1304 6063 monasterio
1295 6014 1330 6061 m
1349 5989 1588 6080 Crasznik,
1611 6011 1713 6081 quam
1734 5995 1770 6060 et
1788 5989 1854 6078 illi,

303 6114 362 6203 qui
388 6133 463 6184 eam
489 6088 635 6185 solvunt
651 6110 834 6189 scholast
806 6132 878 6182 rrae
896 6110 1176 6202 Sandomiriensi,
1195 6118 1357 6183 tenentur
1375 6110 1419 6181 ad
1438 6110 1605 6181 decimam
1622 6111 1847 6199 moderatam,

303 6233 502 6305 solvendam
537 6206 702 6307 ecelesiae
738 6239 773 6303 et
807 6234 1060 6305 monasterio
1051 6256 1087 6304 ιη
1114 6230 1360 6319 Crasznik3
1388 6231 1534 6322 quilibet
1561 6232 1652 6302 enim
1680 6252 1723 6303 ex
1751 6231 1850 6302 laneo

304 6357 442 6423 tenetur
468 6354 632 6428 ecelesiae
667 6352 844 6445 praelatae
880 6355 1014 6428 solvere
1041 6374 1145 6425 unam
1172 6350 1341 6423 cassulam
1368 6351 1493 6442 tritici,
1520 6352 1667 6424 alteram
1694 6351 1854 6448 siliginis,
