4217 8059
1781 1496 1856 1583 2355·

311 1717 395 1788 item
422 1715 654 1789 molendinum
680 1712 814 1789 babens
841 1736 953 1806 agros,
980 1714 1023 1787 de
1050 1716 1106 1787 bis
1133 1716 1292 1791 omnibus
1307 1714 1467 1787 solvitur
1484 1714 1616 1787 decima
1634 1714 1859 1807 manipularis

309 1857 373 1926 pro
401 1836 545 1907 ecclesia
571 1837 605 1907 in
634 1835 848 1927 Oppolye.

412 1957 599 2048 Zawnnn,
628 1956 710 2028 villa
746 1957 810 2029 sub
844 1957 1009 2047 parochia
1044 1956 1210 2027 ecclesiae
1243 1956 1285 2026 de
1312 1954 1622 2028 Wawclnicza
1647 1957 1733 2045 sita,
1760 1956 1859 2029 cuiue

309 2077 504 2168 proprietas
532 2077 575 2148 ad
602 2076 785 2149 haeredem
812 2076 980 2149 Jacobum
1007 2074 1308 2167 Gboteczslry.
1336 2077 1374 2147 ln
1401 2098 1472 2167 'qua
1498 2085 1580 2149 sunt
1606 2084 1739 2173 septem
1765 2077 1858 2148 lanei

309 2197 560 2287 umetbonales,
588 2203 623 2268 et
649 2196 692 2269 de
719 2197 877 2271 omnibus
916 2198 1064 2270 solvitur
1091 2202 1127 2268 et
1152 2197 1357 2269 conducitur
1383 2196 1517 2269 decima
1543 2198 1768 2288 manipularis
1794 2218 1858 2289 pro

309 2318 518 2389 monasterio
554 2318 701 2389 Sanctae
737 2316 876 2406 Crucis,
913 2323 948 2388 ot
974 2317 1072 2389 valor
1098 2318 1172 2389 eius
1199 2318 1402 2390 aestimatur
1437 2317 1481 2389 ad
1508 2338 1570 2389 aex
1597 2337 1748 2408 marcas,
1775 2318 1858 2390 item

307 2439 482 2528 tabernae,
510 2438 593 2508 item
619 2437 846 2528 hortulaniae,
874 2437 958 2509 item
987 2437 1178 2528 praedium.

356 2665 568 2766 Decimae,
603 2665 792 2745 redditus
825 2673 869 2747 et
902 2672 1139 2771 proventus
1172 2667 1386 2746 ecclesiae
1419 2666 1472 2746 de
1505 2665 1818 2768 Waweiulcza,

587 2823 846 2901 monasterio
878 2816 1062 2903 Sanctae
1095 2818 1248 2902 Crucis
1282 2824 1592 2926 incorporatae.
1816 2808 1820 2821 ’

413 3043 719 3130 DzawcznsuORA,
757 3041 840 3113 villa
875 3042 940 3114 sub
977 3040 1142 3134 parocbia
1178 3042 1342 3113 ecclesiae
1378 3042 1421 3113 de
1449 3038 1757 3114 Wawe'lnicza
1782 3042 1861 3133 sila,
1951 3092 1954 3099 -

310 3164 407 3235 cuius
433 3162 630 3255 proprietas
657 3160 701 3233 ad
727 3161 911 3251 plebanum
939 3162 1012 3234 siva
1040 3162 1276 3253 praepositum
1295 3161 1338 3233 de
1357 3161 1665 3235 Waweluicza
1691 3162 1860 3254 pertinct3

311 3290 348 3355 et
373 3284 481 3356 babet
507 3285 555 3355 ibi
583 3283 729 3355 ecclesia
756 3282 798 3354 de
826 3282 1134 3355 Wawolnioza
1160 3282 1349 3373 praedium,
1376 3282 1421 3354 ad
1449 3282 1534 3355 duos
1560 3284 1615 3355 vel
1643 3290 1715 3357 tres
1742 3278 1872 3375 lapeos'

311 3406 548 3495 aestimatum,
584 3426 660 3475 cum
698 3405 808 3495 pratis
844 3409 879 3475 et
914 3405 990 3475 aliis
1027 3404 1282 3495 correquisitls‚
1310 3410 1346 3475 ot
1372 3425 1441 3475 non
1468 3411 1551 3477 suut
1577 3403 1625 3476 ibi
1652 3404 1861 3495 cmethonce,

310 3546 421 3617 neque
449 3525 680 3614 hortulaniae,
706 3545 817 3615 neque
844 3526 1020 3597 tabernae.
1049 3524 1144 3595 Villa
1169 3526 1257 3596 baec
1283 3524 1364 3595 olim
1392 3524 1590 3615 pertinebat
1617 3523 1661 3596 ad
1684 3530 1861 3603 monaste·

310 3647 400 3719 rium
426 3646 753 3735 Szeczecboviense,
780 3645 841 3719 sed
869 3647 1020 3718 alienata
1054 3649 1109 3719 est
1135 3646 1304 3717 incertum
1332 3645 1502 3736 quomodo
1529 3650 1634 3718 etex
1662 3664 1861 3737 quacum
1945 3674 1949 3681 ·

311 3766 570 3855 amouasterio
598 3765 762 3858 praefato.

418 3888 706 3977 anwaamrczA,
733 3887 895 3978 oppidum
923 3889 1057 3979 regium
1085 3888 1182 3961 iuxta
1208 3888 1561 3960 Wawelniczam
1587 3886 1727 3959 durium
1754 3892 1790 3959 et
1816 3888 1861 3961 ab

311 4032 352 4082 eo
380 4008 654 4099 denominatum,
682 4010 805 4099 situm,
831 4010 866 4080 in
895 4028 962 4099 quo
998 4008 1145 4081 ccclesia
1181 4010 1389 4100 parochialis
1425 4008 1542 4081 Sancti
1569 4007 1770 4099 Adalberti,
1798 4028 1860 4100 per

312 4130 586 4203 Gasimirum
614 4129 864 4201 Secundum
892 4129 1058 4201 Poloniae
1086 4151 1203 4221 regem
1230 4138 1377 4202 murata.
1405 4131 1444 4201 ln
1463 4151 1531 4221 quo
1550 4135 1631 4202 sunt
1649 4129 1766 4201 decem
1783 4150 1860 4201 cum

313 4252 424 4323 medio
452 4252 541 4323 lanei
568 4249 827 4342 oppidanorum,
855 4249 897 4321 de
925 4250 1050 4340 quibus
1078 4252 1236 4324 omnibus
1263 4251 1410 4323 solvitur
1436 4258 1472 4321 et
1498 4250 1703 4322 conducitur
1730 4249 1863 4323 decima

313 4395 376 4464 pro
404 4373 549 4443 ecclesia
585 4380 622 4442 et
658 4392 720 4462 pro
748 4371 956 4443 monasterio
984 4371 1020 4441 in
1047 4369 1376 4460 Wawelnicza,
1403 4392 1464 4442 seu
1491 4391 1554 4462 pro
1582 4371 1800 4463 praeposito,
1825 4376 1863 4444 et

313 4493 411 4566 valor
438 4494 512 4565 eius
540 4493 745 4564 aestimatur
773 4490 961 4563 addacem
989 4512 1135 4564 marcas.

418 4611 655 4688 Suburbium
692 4611 809 4703 oppidi
837 4612 1146 4684 Wawelnicza
1181 4614 1331 4705 regium,
1359 4614 1394 4683 in
1430 4633 1498 4704 quo
1533 4618 1615 4685 sunt
1641 4611 1863 4703 septuaginta

313 4736 463 4825 quinque
489 4735 599 4824 lanei,
627 4733 669 4805 do
697 4734 821 4825 quibus
849 4734 1006 4805 omnibus
1034 4734 1180 4807 solvitur
1207 4733 1340 4806 decima
1375 4732 1599 4825 manipularis
1626 4754 1689 4825 pro
1716 4732 1867 4805 ecclesia

313 4862 353 4926 et
379 4875 441 4946 pro
469 4855 680 4926 monasterio
707 4854 743 4925 in
769 4853 1077 4927 Wawelnicza
1102 4875 1165 4927 scu
1190 4874 1254 4946 pro
1272 4854 1480 4946 praeposito,
1499 4859 1535 4925 ot
1550 4853 1650 4926 valor
1666 4854 1741 4925 eius
1760 4852 1862 4925 aesti-

314 4982 429 5048 matur
456 4978 500 5047 ad
528 4976 780 5067 quinquaginta
806 4995 959 5065 marcas3
995 4977 1077 5048 item
1106 4976 1141 5046 iu
1168 4975 1287 5049 eodem
1316 4975 1482 5050 suburbio
1509 4982 1564 5048 eet
1589 4974 1734 5047 ecclesia
1759 4996 1862 5067 paro·

313 5098 434 5169 chialis
461 5100 494 5169 S.
521 5095 656 5168 Mariae
683 5095 921 5187 Magdalenae,
948 5103 1061 5168 mater
1087 5103 1124 5168 et
1141 5097 1267 5168 matrix
1286 5096 1389 5187 illius,
1408 5116 1496 5189 quae
1513 5096 1664 5168 babetur
1678 5097 1717 5180 in
1735 5094 1862 5188 oppido

316 5217 634 5290 Wawelnicza.

418 5334 830 5428 Basanomrnrownczu,
858 5337 940 5409 villa
966 5338 1030 5409 sub
1058 5338 1223 5428 parochia
1247 5336 1291 5410 de
1318 5336 1625 5410 Wawelnicza
1651 5339 1736 5428 sita,
1763 5338 1861 5409 cuius

314 5459 509 5549 proprietas
536 5460 580 5530 ad
608 5458 864 5530 serenissimum
892 5458 1055 5530 Poloniae
1082 5478 1201 5550 regem
1226 5458 1388 5551 pertinet,
1415 5464 1452 5531 et
1478 5465 1533 5531 est
1550 5459 1586 5529 in
1604 5479 1674 5531 uno
1692 5459 1767 5530 iure
1785 5478 1863 5531 cum

315 5580 441 5671 oppido
469 5579 774 5652 Wawelnicza
809 5587 845 5651 ct
879 5586 959 5651 sunt
994 5582 1029 5651 in
1067 5601 1109 5652 aa
1135 5580 1292 5652 undecim
1319 5580 1410 5652 lanei
1437 5586 1473 5652 at
1498 5586 1642 5672 quarta,
1670 5578 1863 5671 dequibus

316 5702 474 5774 omnibus
510 5702 657 5774 solvitur
686 5708 723 5773 et
750 5701 954 5775 conducitur
989 5696 1136 5773 decima·
1157 5701 1384 5793 manipularis
1411 5700 1576 5773 ecclesiae
1603 5706 1639 5774 et
1663 5700 1863 5795 praeposito

314 5825 349 5895 in
379 5824 691 5914 Wawaluicza,
719 5831 755 5896 et
780 5823 879 5895 valor
905 5823 1051 5896 eiusad
1078 5828 1157 5896 octo
1184 5843 1339 5913 marcas;
1366 5823 1450 5895 item
1476 5844 1544 5897 nou
1571 5829 1654 5896 sunt
1679 5822 1729 5897 ibi
1746 5822 1862 5895 taber·
1899 5834 1908 5839 ·

316 5968 390 6036 uae,
417 5945 500 6016 itam
526 5965 596 6016 nou
622 5951 704 6017 sunt
730 5944 959 6035 hortulaniae,
986 5945 1071 6016 item
1097 5965 1167 6017 non
1194 5950 1248 6017 est
1274 5943 1463 6037 praedium.

419 6066 555 6155 Ounnz,
583 6066 666 6137 villa
693 6068 756 6139 sub
783 6066 949 6157 parochia
974 6065 1017 6137 de
1045 6065 1351 6138 Wawelnicza
1377 6067 1456 6157 sita,
1482 6066 1580 6139 cuius
1602 6065 1799 6156 proprietas
1816 6063 1862 6137 od

316 6188 570 6262 serenissimum
606 6186 777 6259 Poloniaa
806 6208 922 6283 regem
959 6187 1119 6280 pertinet.
1158 6186 1295 6278 inqua
1330 6193 1410 6259 sunt
1445 6186 1571 6279 viginti
1597 6192 1747 6279 quatuor
1772 6186 1863 6259 lanei

315 6310 557 6400 amathonalea,
585 6314 621 6381 et
648 6308 691 6379 de
717 6310 875 6384 omuibus
903 6310 1049 6383 solvitur
1074 6316 1110 6381 et
1136 6308 1342 6381 conducitur
1360 6308 1493 6379 decima
1510 6306 1737 6400 manipularis
1754 6306 1862 6381 eccle-

315 6434 387 6507 siae
413 6441 449 6507 et
476 6431 674 6526 praeposito
711 6430 746 6505 in
773 6430 1096 6523 wadamirus,
1123 6438 1160 6504 ct
1186 6430 1284 6503 valor
1310 6430 1385 6501 eius
1412 6428 1618 6502 aestimatur
1642 6428 1687 6503 ad
1714 6427 1861 6501 sedecim
