4217 8059
301 1495 373 1575 lic

298 1695 465 1783 diuturna
482 1717 518 1782 et
537 1709 750 1802 paedagogia
763 1731 867 1801 ,oua
889 1707 1060 1783 hactenus
1080 1709 1312 1802 detinebatur,
1339 1706 1490 1782 solutum
1508 1717 1583 1798 est,
1611 1706 1701 1781 etin
1720 1706 1855 1798 plenam

299 1831 496 1904 libertatem
533 1832 762 1921 vindicatum,
799 1833 998 1922 primusque
1035 1838 1115 1923 post
1141 1850 1338 1904 concessam
1373 1831 1572 1903 libertatem
1606 1828 1673 1900 fuit
1710 1828 1857 1919 praefati

299 1953 502 2023 monasterii
528 1953 749 2044 praepositus
767 1952 935 2045 magister
952 1951 1118 2024 Nicolaus
1143 1950 1331 2025 Is'zueri
1354 1952 1401 2023 de
1427 1949 1666 2039 cracovia,
1693 1951 1749 2020 vir
1774 1949 1858 2020 civi·

181 2091 189 2106 ·
297 2071 359 2161 lis,
386 2073 565 2170 modestus¹
591 2080 627 2144 et
654 2078 831 2165 sensaths,
858 2081 894 2145 et
920 2072 1123 2145 monasterii
1137 2058 1304 2175 'praefati‘
1325 2072 1423 2162 prior
1447 2071 1675 2162 praecipuus;
1711 2092 1731 2140 a
1758 2071 1856 2141 cuius

246 2252 249 2261 .
298 2198 455 2284 tempore
469 2194 719 2264 monasterium
732 2193 972 2271 Msthoviense
986 2194 1061 2263 iure
1077 2193 1248 2265 communi
1262 2199 1377 2281 utens,
1397 2192 1633 2282 praepositum
1648 2191 1857 2263 auctoritate

297 2333 380 2403 sua,
398 2319 458 2383 aut
476 2333 518 2384 ex
538 2334 575 2385 se
594 2313 709 2405 eligit,
726 2321 786 2385 aut
803 2335 846 2386 ex
865 2315 933 2406 alio
952 2296 1165 2386 monasterio
1183 2304 1349 2403 deposcit.
1377 2304 1552 2384 Successit
1569 2292 1737 2402 magistro
1755 2331 1856 2403 prae·

160 2414 164 2425 ’
297 2432 370 2505 fato
389 2426 534 2505 Nicoiaa
560 2434 751 2525 Iszneri,
778 2436 934 2525 Adam,
961 2435 1017 2506 cui
1040 2434 1205 2507 Nicolans
1232 2433 1276 2505 de
1303 2433 1515 2526 Szyczovv
1543 2433 1735 2505 modernus.
1756 2452 1855 2522 prae-

297 2557 441 2646 positus,
469 2557 534 2626 sub
561 2556 659 2627 cuius
686 2558 853 2646 regimine
880 2576 1046 2647 praesens
1074 2556 1260 2646 registrum
1288 2556 1363 2626 eius
1390 2554 1484 2626 fideli
1512 2540 1855 2642 narrationeedoctl

298 2676 515 2748 confecimus.
556 2675 605 2747 Et
624 2678 779 2768 quamvis
807 2699 829 2749 a
846 2676 1003 2768 ternpore
1020 2675 1244 2766 fundationis,
1272 2675 1521 2755 monasterium
1539 2673 1746 2764 praefatum·
1760 2673 1854 2745 dioc·

220 2868 222 2872 ,
300 2798 388 2868 cesis
416 2796 656 2870 cracoviensis
682 2797 788 2871 fuisse
816 2805 854 2870 et
871 2818 949 2870 esse
967 2796 1184 2888 censebatur,
1211 2803 1250 2868 et
1267 2818 1288 2868 a
1305 2794 1528 2870 cracoviensi
1555 2795 1703 2867 ecclesia
1729 2801 1767 2865 et
1784 2795 1858 2865 eius

298 2918 521 3008 pontificibus
540 2910 730 3009 praepositi
747 2918 1010 2998 ‘Mstbov'ienses
1029 2919 1263 3009 provisiones,
1291 2917 1547 3005 institutiones,
1574 2916 1854 2988 confirmationes

298 3045 335 3109 et
369 3041 613 3130 investituras,
658 3048 694 3110 et
730 3041 976 3113 monasterium
1012 3031 1252 3113 Mathoviense
1288 3034 1366 3110 iura
1401 3044 1438 3110 et
1473 3037 1610 3129 singula
1645 3038 1856 3109 charismata

298 3158 514 3259 accipiebant
540 3165 577 3229 et
595 3146 808 3249 reddebant,
833 3159 876 3230 de
895 3181 963 3250 quo
981 3160 1202 3232 habebantur
1221 3166 1258 3231 et
1276 3160 1448 3240 habentur
1466 3160 1502 3230 in
1520 3159 1680 3249 registris
1707 3159 1855 3230 vetustis
1903 3189 1906 3193 ·

232 3312 237 3319 ·
297 3264 541 3381 etannalibus
577 3279 742 3350 ecclesiae
779 3279 1019 3352 cracoviensis
1057 3288 1094 3353 et
1119 3282 1156 3352 in
1181 3280 1310 3353 litteris
1347 3278 1559 3351 fundationis
1594 3286 1631 3350 et
1665 3279 1854 3351 dotationis

297 3399 451 3491 praefati·
460 3401 661 3471 monasterii
674 3400 870 3489 probabilia
888 3409 924 3472 et
937 3401 1070 3493 liquida
1083 3402 1303 3491 documenta,
1323 3399 1537 3473 cnetnensia'
1551 3407 1669 3471 tamen
1683 3400 1854 3491 archiepi-

297 3539 421 3609 scopus
439 3520 688 3590 monasteriam
704 3519 908 3609 praefatam,
926 3519 1149 3593 cracoviensi
1167 3522 1327 3613 episcopo
1347 3522 1585 3594 dissimulante
1603 3528 1640 3592 et
1654 3520 1853 3612 negligente

300 3639 356 3710 ihs
376 3660 494 3727 suum,
522 3640 557 3710 in
576 3658 674 3710 suam
691 3642 804 3711 traxit
821 3641 1052 3713 obedientiam
1071 3648 1108 3728 et
1126 3640 1311 3731 ditionem,
1338 3651 1375 3714 et
1392 3663 1476 3715 suae
1494 3643 1644 3715 dioecesi
1662 3640 1857 3714 Gueznensi

236 3798 246 3807 ·
297 3761 443 3852 pervim
462 3766 499 3831 et
512 3760 673 3831 iniuriam
692 3761 780 3834 illud
791 3763 1045 3852 appropriavit,
1064 3784 1211 3855 sumens,
1222 3764 1435 3845 occasionem
1445 3762 1500 3835 iul
1514 3764 1684 3854 propositi
1702 3769 1739 3834 et
1753 3782 1855 3852 argu·
1905 3809 1911 3817 -

298 3880 422 3969 menti,
442 3880 534 3970 quod
553 3874 698 3952 ecclesia
715 3882 925 3954 coenobialis
944 3876 1215 3975 bisthovicnsis,
1233 3904 1303 3956 non
1321 3885 1358 3955 in
1379 3886 1505 3975 oppido
1525 3884 1746 3973 Matoviensi,
1765 3882 1857 3973 quod

298 3999 389 4071 inha
415 4000 545 4071 limites
572 4000 821 4074 cracoviensis*
842 4003 1029 4092 dioecesis,
1058 4025 1146 4095 quos
1171 4003 1297 4077 fluvius
1326 4004 1499 4076 Wartba
1525 4005 1768 4094 disterminat,
1795 4002 1856 4077 sei
1901 4026 1909 4035 ·
1956 4066 1959 4071 .

218 4104 221 4111 ¹
299 4127 400 4192 extra
418 4121 582 4212 oppidum
600 4121 855 4211 Mathoviense,
883 4131 919 4195 et
935 4125 1030 4196 ultra
1051 4124 1193 4196 flurium
1212 4124 1386 4197 Wartha
1403 4126 1474 4197 sita
1490 4127 1560 4217 sit,¹
1580 4127 1670 4197 etin
1689 4126 1766 4196 loco
1784 4122 1857 4197 etn-
1889 4182 1914 4221 .-

298 4241 396 4331 tiori,
423 4242 468 4312 ad
487 4262 588 4332 quem
605 4243 712 4314 trium
730 4250 918 4334 terrarum,
947 4244 1108 4319 videlicet
1123 4243 1385 4336 cracoviensis,
1412 4244 1646 4338 Syradiensls,
1662 4252 1709 4317 'et
1726 4240 1908 4347 wiern-ff·
1992 4294 2004 4313 .
2024 4236 2027 4241 ’

247 4370 250 4377 “
297 4364 415 4443 nensis
433 4363 519 4435 fines
537 4367 698 4436 asserunt
715 4368 813 4455 quasi
842 4365 991 4456 quomm
1010 4362 1160 4457 compito
1180 4367 1405 4457 confluxisse,
1433 4368 1478 4439 ob
1496 4367 1740 4438 amoenitatem
1767 4367 1856 4438 uus

298 4484 422 4558 locata
448 4485 650 4587 Sbigneus
668 4487 785 4577 itaque
803 4487 846 4559 de
864 4486 1175 4580 Olyescbnicza‚
1194 4487 1289 4560 tituli
1307 4486 1454 4559 Sanctae
1467 4486 1608 4558 Priscae
1623 4486 1768 4559 Sanctae
1786 4486 1855 4558 lto

294 4614 421 4683 ,manae
440 4607 605 4679 ecclesiae
623 4608 806 4700 presbyter
824 4606 1031 4698 cardinalis,
1058 4613 1093 4680 et
1111 4608 1294 4699 episcopus
1313 4606 1571 4699 cracoviensis,
1599 4629 1673 4689 earn
1685 4608 1855 4680 iniuriam

287 4712 407 4800 'ieluti
439 4730 493 4799 vir
519 4729 675 4800 cordacis
711 4736 746 4801 et
772 4730 918 4801 animosi
952 4730 1098 4820 spiritus
1125 4751 1194 4803 nou
1220 4722 1353 4821 ferens,
1388 4730 1635 4802 monasterium
1663 4729 1855 4820 praefatum

183 4860 190 4871 '
299 4848 539 4921 Mathoviense
571 4857 604 4921 et
633 4851 706 4920 eius
733 4851 969 4940 praepositum
997 4852 1201 4942 magistrum
1229 4850 1410 4925 Nicolaum
1437 4851 1641 4941 lszneri,
1676 4856 1857 4941 totumque

258 5010 262 5019 ·
300 4977 507 5042 conventum
534 4971 571 5041 in
590 4990 686 5041 suam
709 4969 872 5043 ditionem
900 4977 939 5042 et
955 4970 1189 5043 obedientiam
1216 4970 1261 5043 ad
1279 4972 1448 5063 liquidnm
1476 4970 1566 5045 anuo
1584 4972 1724 5044 Domini
1749 4974 1856 5045 1454.

300 5091 453 5179 reduxit,
481 5099 517 5162 et
534 5090 719 5162 dioecesim
747 5113 844 5163 suam
872 5093 971 5164 annis
1009 5093 1167 5182 pluribus
1193 5095 1388 5165 mutilatam
1416 5095 1451 5164 in
1470 5114 1513 5165 ea
1539 5100 1639 5184 parta
1666 5093 1857 5183 reintegra·

216 5195 220 5203 ¹
301 5212 362 5284 vit.
400 5210 531 5283 Verum
560 5230 636 5283 cnm
662 5211 840 5284 Johannes
868 5212 1091 5306 Sprovslry
1120 5211 1334 5287 cneznensis
1352 5215 1632 5305 archiepiscopus
1659 5213 1856 5285 huiusmodi

214 5395 216 5404 .
300 5334 608 5424 reintegrationem
641 5354 705 5424 per
749 5332 1017 5424 Sbignenm.
1041 5336 1252 5423 cardinalem
1287 5343 1325 5408 et
1359 5337 1558 5427 episcopum
1594 5334 1857 5407 Cracoviensem

301 5454 447 5546 factam,
482 5455 663 5527 molestius
693 5455 828 5544 ferens,
863 5477 979 5527 coram
1014 5456 1175 5529 iohanne
1211 5457 1254 5528 de
1290 5457 1482 5548 Moszuy
1518 5456 1663 5529 custode
1689 5455 1858 5545 Plocensi,

303 5575 455 5647 Thomas
491 5575 837 5668 Strampinshy,
875 5578 934 5667 qui
966 5577 1169 5669 Sbigneo
1196 5578 1365 5650 cardinali
1391 5585 1428 5649 et
1444 5579 1607 5687 episcop9
1633 5576 1855 5649 cracoviensi

302 5698 337 5771 in
366 5699 566 5787 episcopatu
599 5705 839 5788 successerat,
860 5699 958 5770 litem
985 5692 1165 5790 movisset,
1192 5699 1370 5790 praefatus
1395 5699 1574 5772 Johannes
1602 5698 1648 5770 de
1672 5698 1798 5770 Mosa
1811 5699 1853 5769 ni

303 5827 419 5890 custos
446 5817 653 5907 Ploczensis,
679 5823 757 5889 'cum
776 5820 855 5890 aliis
882 5821 1057 5892 canonicis
1085 5820 1318 5910 Plocensibns,
1345 5821 1470 5893 iudicis
1497 5840 1648 5909 persam
1675 5827 1791 5907 exuta,
1820 5828 1857 5891 et

302 5940 427 6011 arbitri
454 5939 591 6028 induta,
628 5938 809 6029 pontifices
836 5938 1010 6029 praefatos
1037 5943 1278 6030 concordavit,
1313 5941 1480 6031 litemque
1508 5942 1601 6011 inter
1626 5961 1686 6011 eos
1712 5960 1755 6011 ea
1781 5939 1856 6030 lege

303 6067 472 6150 perpetuo
500 6060 669 6150 extinxit,
705 6067 745 6131 ut
772 6061 1019 6154 monasterium
1046 6061 1286 6135 Msthoviense
1314 6064 1349 6133 in
1377 6062 1526 6133 dioecesi
1554 6059 1750 6133 cucanensi
1777 6078 1859 6132 cou-

303 6181 461 6271 slsteret,
489 6190 525 6253 et
542 6182 763 6272 praepositus
782 6181 1031 6254 Msthoviensis
1059 6190 1095 6254 et
1113 6183 1360 6255 monasterium
1378 6184 1641 6273 archiepiscopo
1659 6179 1855 6253 cremensi

303 6301 380 6392 lege
399 6303 602 6374 dioecesana
620 6305 655 6375 in
674 6304 821 6394 singulis
838 6302 953 6376 forent
971 6304 1128 6376 subiecti.
1169 6304 1255 6373 ltem
1274 6311 1314 6374 ut
1331 6303 1479 6376 ecelesia
1496 6304 1656 6394 specialis
1675 6305 1710 6374 in
1728 6301 1857 6393 oppido

303 6421 501 6496 Mstbovv
536 6424 579 6495 de
615 6446 707 6496 novo
733 6445 798 6514 per
823 6406 1060 6524 praspfi‘tum
1096 6429 1133 6495 et
1158 6421 1287 6496 fratres
1317 6431 1508 6497 conventus
1540 6424 1792 6497 Mathoviensis
1818 6442 1857 6494 re
2007 6426 2014 6439 “
