4217 8059
269 1480 343 1550 aaa
370 1462 374 1475 '

266 1682 497 1755 molendinum
535 1702 603 1752 non
639 1684 700 1750 est.
749 1680 836 1750 ltem
873 1685 953 1768 post
990 1699 1109 1749 omnes
1136 1699 1239 1767 agros
1267 1677 1415 1747 solvitur
1450 1680 1486 1746 et
1515 1675 1718 1746 conducitur
1759 1675 1827 1745 de·

269 1806 357 1876 eima
392 1802 617 1892 manipularis
644 1809 680 1871 et
715 1795 889 1891 canapalis
926 1822 990 1890 pro
1026 1800 1238 1871 monasterio
1274 1801 1309 1868 in
1343 1797 1536 1886 Mugila,
1564 1803 1600 1868 et
1620 1797 1717 1867 valor
1737 1798 1826 1867 eius

267 1926 472 1995 aestimatur
498 1922 541 1993 ad
561 1921 646 1993 duas
664 1942 808 1992 marcas.
849 1921 1008 1993 Confluat
1027 1942 1103 1992 cum
1123 1920 1389 2010 Rybythuy,
1416 1918 1698 2009 Wylezasze
1725 1917 1827 1988 Zle·

268 2044 568 2134 dzeiowycze.

277 2228 280 2234 .
372 2165 608 2250 Rusuccuru,
644 2165 728 2235 villa
763 2165 827 2234 sub
863 2165 1031 2252 parocbia
1066 2163 1232 2233 ecclesiae
1259 2161 1378 2233 Sancti
1406 2160 1543 2231 Nieolai
1578 2166 1827 2231 extramuros

268 2287 515 2359 Gracovienses
542 2287 626 2373 sita,
662 2287 758 2356 cuius
786 2286 981 2374 proprietas
1017 2286 1061 2356 ad
1095 2285 1342 2357 monasterium
1380 2283 1423 2354 de
1451 2282 1642 2371 Mugila.
1660 2282 1827 2370 pertinet

268 2408 308 2480 Iu
327 2431 396 2498 qua
414 2414 496 2479 sunt
522 2415 601 2478 octo
629 2406 768 2494 domus,
797 2428 866 2477 non
885 2408 977 2476 lanei
995 2406 1247 2495 cmethonales,
1275 2412 1311 2475 et
1331 2404 1476 2494 quilibet
1503 2404 1609 2474 solvit
1634 2423 1699 2492 pro
1716 2416 1827 2474 ceusu

255 2527 417 2600 'mediam
454 2529 639 2601 secundam
667 2549 836 2614 marcam3
872 2529 953 2597 item
982 2549 1047 2599 ova
1079 2549 1146 2597 non
1175 2527 1277 2614 dant,
1302 2528 1395 2597 ‘item
1431 2526 1543 2615 gallos
1579 2546 1647 2596 non
1674 2525 1830 2612 solvunt,

173 2672 175 2677 ·
268 2652 349 2721 item
377 2670 497 2721 caseos
533 2670 600 2719 nou
627 2650 775 2720 solvunt.
815 2650 902 2719 ltem
939 2650 1101 2720 laborant
1137 2647 1274 2739 quando
1301 2649 1353 2717 eis
1380 2649 1602 2737 praecipitur.
1647 2647 1734 2717 Item
1754 2667 1826 2740 po-

267 2770 402 2841 wadum
427 2772 598 2843 laborant.
643 2771 730 2840 ltem
757 2790 875 2864 oasyep
907 2792 975 2840 non
1004 2772 1161 2860 solvunt,
1197 2771 1279 2840 item
1316 2790 1385 2840 non
1421 2775 1475 2839 est
1505 2768 1702 2858 praedium,
1738 2767 1827 2836 item

265 2894 412 2964 taberna
438 2914 524 2978 una,
551 2912 640 2981 quae
667 2891 772 2962 solvit
798 2912 862 2981 pro
880 2893 1093 2963 monasterio
1120 2891 1206 2962 duas
1233 2912 1368 2961 marcas
1395 2898 1432 2963 et
1450 2892 1557 2961 habet
1583 2895 1692 2979 prata.
1732 2889 1823 2958 Item

268 3014 466 3084 bortulania
492 3033 561 3084 una
578 3013 695 3083 solvit·
708 3013 855 3083 mediam
883 3034 1033 3083 marcam
1062 3020 1098 3083 et
1125 3012 1306 3082 falcastrat
1331 3012 1468 3082 foenum
1495 3018 1531 3083 et
1553 3012 1694 3100 colligit.
1734 3011 1827 3081 Item

267 3141 349 3224 post
375 3156 494 3206 omnes
528 3156 634 3224 agros
668 3134 817 3204 solvitur
852 3140 888 3205 et
915 3134 1121 3206 conducitur
1156 3133 1289 3204 decima
1324 3133 1549 3221 manipularis
1584 3139 1621 3204 et
1646 3131 1827 3221 canapalis

267 3275 331 3346 pro
358 3257 521 3345 episcopo
544 3254 848 3340 Gracovieusi,et
871 3256 969 3326 valor
995 3257 1070 3326 eins
1098 3256 1304 3326 aestimatur
1330 3253 1495 3324 adunam
1533 3275 1692 3324 marcam.
1732 3251 1828 3324 Gou-

267 3377 456 3461 fiuatcum
484 3376 753 3466 Byezanow,
781 3376 975 3465 Mugila,
1004 3376 1249 3447 Przewosz.
1299 3375 1395 3446 Haec
1422 3375 1505 3446 villa
1531 3382 1649 3465 empta
1675 3379 1731 3445 est
1755 3394 1824 3464 pro
1869 3424 1874 3439 ,

261 3482 474 3569 monastario
510 3497 696 3586 Mogilensi
724 3518 795 3585 pro
830 3499 996 3568 trecentis
1031 3498 1214 3586 sexaginta
1240 3498 1384 3584 marcia,
1411 3517 1473 3585 par
1501 3491 1643 3568 Pet'rum
1672 3495 1824 3585 Lipko

267 3620 428 3689 abbatem
456 3618 695 3707 Mogilensem.
1355 3597 1360 3606 ¹
1749 3698 1751 3703 ¹

371 3740 497 3827 Lanu,
534 3740 616 3810 uilla
634 3740 716 3810 'sub
751 3741 918 3828 parochia
950 3740 1123 3810 ecclesiae
1154 3740 1198 3810 de
1225 3739 1352 3811 Sarreto
1389 3738 1533 3809 Nicolao
1569 3745 1670 3810 extra
1704 3742 1828 3809 muros

268 3860 513 3932 Crotonienses
539 3861 626 3947 sita,
654 3867 690 3929 et
707 3860 751 3930 ad
769 3863 1030 3933 monasterium.
1047 3860 1174 3931 ibidem
1203 3859 1246 3930 de
1264 3859 1443 3948 Mogila
1468 3861 1656 3949 pertinens,
1697 3860 1737 3931 ln
1756 3880 1830 3949 qua

267 4002 336 4051 non
356 3987 437 4050 sunt
455 3970 565 4070 aliqui
589 3979 680 4050 lanei
707 3980 958 4070 cinethunales,
986 3980 1047 4051 sed
1066 3987 1146 4052 octo
1166 3981 1305 4068 domuc,
1332 3985 1368 4049 et
1386 3981 1533 4071 quilibet
1551 3981 1657 4052 solvit
1675 3981 1826 4051 mediam

269 4101 413 4175 alteram
441 4121 613 4190 marcam3
640 4102 723 4171 item
738 4123 818 4172 ova
844 4122 912 4172 nou
940 4102 1037 4192 daut,
1065 4103 1147 4173 item
1175 4102 1286 4191 gallos
1313 4122 1382 4172 uon
1410 4102 1566 4190 solvunt,
1595 4104 1676 4174 item
1705 4121 1828 4172 caseos

245 4243 337 4297 non
365 4223 523 4294 solvunt·
554 4223 640 4294 Item
668 4223 830 4294 laborant
857 4224 994 4313 qnando
1021 4225 1073 4294 eis
1101 4222 1300 4313 mandatur,
1327 4224 1409 4293 item
1445 4222 1622 4318 peractum
1651 4225 1828 4309 laborant

161 4354 164 4361 '
266 4344 350 4414 item
385 4365 503 4438 oapep
529 4366 598 4413 nou
626 4343 726 4431 daut;
762 4345 845 4419 item
873 4345 1020 4416 taberna
1055 4365 1123 4415 non
1162 4352 1235 4431 est3
1271 4345 1355 4416 item
1386 4345 1584 4416 hortulanis
1611 4362 1697 4429 una,
1735 4364 1829 4433 quae

269 4465 373 4535 solvit
399 4465 545 4541 mediam
573 4485 739 4554 marcam,
767 4486 835 4535 uon
854 4465 1005 4554 laborat,
1025 4467 1101 4535 nisi
1127 4465 1265 4535 foenum
1292 4463 1476 4537 falcastrat
1500 4474 1537 4536 et
1563 4465 1715 4555 colligit3
1742 4467 1827 4536 item

267 4586 519 4676 molendinum,
546 4586 628 4657 item
648 4585 827 4678 praedium
854 4593 997 4657 nonest
1023 4587 1059 4656 in
1077 4586 1199 4657 eadem
1228 4586 1318 4656 villa.
1359 4587 1445 4657 ltem
1465 4593 1546 4676 post
1572 4608 1692 4657 omnes
1718 4608 1825 4678 agros

270 4709 489 4778 emethouum
518 4706 666 4778 solvitur
692 4716 729 4778 et
746 4709 952 4779 conducitur
978 4707 1111 4779 decima
1139 4708 1366 4797 manipularis
1393 4715 1429 4779 et
1456 4710 1632 4798 canapalis
1660 4731 1723 4798 pro
1749 4710 1827 4799 epi·
1908 4702 1916 4715 '
1970 4812 1975 4821 β

269 4849 373 4919 scopo
401 4828 640 4918 cracoviensi,
667 4836 705 4900 et
722 4829 821 4900 valor
848 4830 922 4901 eius
949 4829 1155 4900 aestimatur
1181 4828 1367 4900 addacem
1394 4852 1539 4902 marcas.
1579 4831 1669 4902 Item
1693 4836 1757 4901 est
1774 4831 1827 4902 ibi

269 4951 365 5020 lacus
384 4949 694 5040 Nyeczyecza‚
715 4971 814 5040 quem
834 4952 1084 5023 monasterium
1103 4951 1447 5041 Koprzpnrniczense,
1466 4952 1545 5022 dum
1565 4953 1681 5024 villam
1701 4953 1829 5041 hang

269 5071 466 5159 obtinebat,-
501 5073 653 5161 propriis
670 5065 875 5161 ¹sumptibus
901 5068 1107 5162 paraverat,
1137 5073 1203 5162 qui
1230 5070 1274 5142 ad
1302 5076 1549 5144 monesterium
1578 5075 1620 5144 de
1649 5074 1829 5163 Mogila

270 5191 441 5281 pertinet,
469 5212 511 5262 ex
539 5192 677 5263 flumine
704 5192 839 5263 Visla
865 5193 1053 5265 derivatus.
1090 5195 1176 5264 Item
1204 5201 1259 5266 est
1287 5198 1446 5267 rubetam
1475 5195 1605 5266 dictum
1632 5196 1827 5266 Ostrow.

134 5384 139 5397 ,
253 5311 525 5425 ,Οοηῆηειῐοωῐι
554 5312 792 5404 Gzprziui,
819 5315 1037 5407 Dambye,
1066 5315 1249 5405 Mugila.
1290 5316 1560 5388 PerPetrum
1590 5318 1748 5387 abbatem
1773 5316 1826 5395 ,de

175 5464 206 5519 ,.·
269 5432 462 5522 Mugila,
490 5456 511 5504 a
537 5433 747 5506 Gunrado
774 5437 901 5507 abbate
928 5442 964 5506 et
982 5443 1154 5508 conventu
1182 5437 1505 5529 Koprzywniczensi
1531 5459 1595 5527 pro
1615 5438 1826 5528 quadrigen-

270 5553 317 5626 tis
344 5557 566 5645 septuaginta
602 5558 753 5648 quinque
789 5559 932 5646 marcis,
969 5563 1006 5628 et
1033 5557 1146 5628 media
1181 5580 1264 5630 area
1295 5561 1330 5631 iu
1359 5560 1589 5631 Gracovia
1615 5566 1828 5649 comparata.

228 5662 250 5723 .'
270 5675 366 5747 Villa
387 5676 479 5783 haec
499 5679 645 5767 primum
676 5679 817 5750 vendita
833 5677 900 5748 fuit
917 5678 1109 5752 consulatui
1134 5680 1354 5753 Cracoviensi
1383 5702 1445 5771 per
1464 5680 1692 5753 Cunradum
1720 5683 1829 5753 abba-

270 5802 340 5867 tem
369 5795 747 5889 Ooprzyuniczensem',
774 5800 834 5870 sed
863 5800 982 5871 abbati
1011 5790 1196 5890 Mogilensi
1225 5802 1423 5875 adiudicata
1449 5802 1516 5873 suit
1543 5805 1793 5901 propinquitas.

169 6004 181 6031 ,
276 5904 297 5943 ’“
378 5919 709 6008 Monrnnowrczn,
736 5922 801 5990 sub
819 5922 985 6009 parocbia
1012 5922 1178 5994 ecclesiae
1205 5924 1248 5994 de
1267 5924 1560 6000 Pran-docziu
1589 5927 1665 6014 sita,
1692 5924 1735 5995 ad
1754 5946 1830 5995 mo-

271 6040 463 6113 nasteriam
492 6040 659 6112 Clarae
688 6041 886 6112 Tuuibae
918 6044 1004 6114 alias
1034 6044 1211 6134 Mogila
1238 6047 1397 6135 pertinet
1439 6047 1477 6116 lu
1506 6067 1574 6135 qua
1600 6053 1683 6117 suut
1709 6046 1829 6117 decem
1911 6046 1918 6053 '

211 6201 213 6204 ·
271 6166 307 6233 et
334 6170 412 6234 octo
439 6164 531 6234 lanei
558 6164 810 6253 emetlronales,
846 6173 882 6236 et
909 6167 1055 6256 quilibet
1083 6167 1188 6238 solvit
1224 6169 1267 6237 de
1294 6167 1394 6238 laneo
1422 6189 1485 6257 per
1511 6168 1597 6238 diras
1626 6182 1828 6257 sexagenas,

271 6284 355 6355 item
382 6306 448 6356 ora
475 6287 671 6375 sexaginta3
699 6288 782 6357 item
809 6304 928 6358 caseos
956 6309 1024 6358 non
1052 6286 1201 6371 solvunt,
1229 6289 1312 6357 item
1332 6290 1449 6375 gallos
1478 6311 1538 6361 seu
1566 6310 1714 6380 capones
1741 6310 1829 6378 qua-

270 6411 359 6477 tuor.
398 6406 487 6477 Item
514 6404 675 6479 laborant
701 6428 762 6517 sex
789 6409 882 6498 dies,
909 6409 1057 6498 arando,
1084 6408 1288 6499 arpicando,
1319 6410 1490 6482 metendo.
1514 6412 1618 6482 ltem
1639 6409 1827 6506 peractum
