4217 8059
1704 1505 1782 1575 ⁴105

225 1704 266 1769 at
292 1697 479 1770 canonicus
505 1697 756 1788 Gracouiensis,
782 1699 950 1773 electione
978 1701 1145 1773 conformi
1162 1703 1407 1794 capitularium
1426 1706 1462 1777 in
1480 1708 1680 1797 episcopum
1698 1708 1784 1783 cra-

227 1804 421 1891 uouiensem
448 1840 512 1911 per
538 1818 792 1892 Honorinm
823 1842 948 1913 papam
975 1824 1117 1894 tertium
1145 1844 1236 1895 anno
1263 1825 1403 1896 Domini
1434 1828 1530 1899 1218
1558 1828 1721 1918 provisus
1747 1838 1785 1902 et

226 1937 453 2013 confirmatus
479 1947 552 2030 est,
577 1946 615 2013 et
640 1941 684 2013 de
710 1963 773 2014 suo
800 1943 964 2016 mandato
998 1964 1063 2034 per
1091 1944 1339 2017 Henricum
1367 1947 1662 2038 archiepiscopum
1690 1946 1784 2022 cne-

229 2078 391 2132 znonsem
426 2066 658 2135 consecratus
698 2062 924 2135 Praedicator
957 2064 1267 2139 excellentissimus
1303 2072 1339 2137 et
1375 2067 1430 2137 vir
1466 2068 1568 2139 valde
1602 2070 1783 2163 benignus,

228 2180 315 2251 nihil
350 2182 547 2273 antiquius,
581 2203 624 2255 ex
640 2230 643 2235 ·
659 2204 727 2274 quo
763 2186 799 2256 in
825 2185 1026 2276 episcopum
1062 2185 1325 2258 cracoviensem
1352 2195 1533 2277 promotus
1559 2194 1614 2259 est
1641 2189 1780 2280 ducens,

204 2296 333 2392 'quam
359 2307 399 2375 ut
425 2302 610 2375 dioecesim
636 2325 735 2377 suam
763 2305 1026 2379 Gracovienaem
1063 2307 1218 2379 ecclesiis
1245 2297 1501 2397 parochialibus
1528 2315 1565 2380 et
1591 2317 1780 2384 conuentu·

226 2422 340 2497 atibus
374 2432 411 2497 et
445 2426 515 2516 piis
550 2426 635 2499 locis
668 2427 889 2517 implevisset.
929 2427 1150 2519 Quapropter
1185 2449 1262 2500 cum
1289 2429 1423 2518 aliquot
1448 2429 1581 2502 famosa
1607 2432 1782 2522 coenobia,

226 2544 389 2617 uidelicet
414 2546 450 2618 in
468 2546 646 2637 Mogila
673 2549 745 2620 siue
764 2547 1064 2621 claratumba
1090 2550 1221 2621 ordinis
1241 2549 1491 2639 Cisterciensis,
1510 2551 1592 2621 item
1611 2552 1784 2642 hospitale

226 2665 374 2737 fratrum
410 2666 543 2739 ordinis
578 2667 728 2758 Spiritus
764 2670 883 2741 Sancti
918 2692 993 2741 cum
1029 2672 1207 2761 geminata
1242 2691 1343 2741 cruce
1379 2671 1422 2741 de
1449 2670 1606 2760 Saxis,
1634 2692 1704 2761 pro
1725 2693 1781 2743 re-

226 2786 428 2859 collectione
455 2788 703 2861 miserabilium
742 2800 989 2881 personarum
1005 2792 1039 2863 iri
1076 2792 1334 2879 Praudnilr,
1361 2792 1444 2863 item
1472 2794 1718 2863 monasterium
1746 2794 1782 2865 in

224 2906 387 2980 Matou
412 2908 545 2980 ordinis
572 2912 817 2983 canonicorum
844 2913 1056 3003 regularium
1084 2913 1184 2984 Beati
1212 2902 1410 3001 Augustini,
1429 2913 1512 2982 item
1532 2913 1796 2984 monasterium·

224 3026 371 3099 Sanctae
399 3027 583 3101 Trinitatis
611 3032 646 3101 in
672 3030 911 3121 cracovia,
938 3041 974 3104 et
1001 3033 1095 3103 aliud
1124 3033 1241 3104 Sancti
1268 3031 1391 3104 Jacobi
1419 3033 1455 3103 in
1483 3031 1782 3105 Sandomiria

224 3148 359 3220 ordinis
396 3149 709 3241 praedicatorum,
726 3153 810 3225 item
846 3153 1009 3224 ecclesias
1044 3154 1262 3244 parochiales
1288 3154 1324 3223 in
1351 3153 1659 3242 Luborzicza,
1687 3152 1778 3224 Wa

224 3270 539 3361 urziucaic-za,
565 3272 870 3363 Dzeraaszua,
897 3271 1177 3365 Golyaczou,
1203 3273 1522 3361 Daleschicze,
1541 3273 1659 3343 Sancti
1677 3272 1778 3344 Pauli

128 3478 132 3485 Ι
226 3389 262 3461 in
284 3389 585 3465 Sandomiria
610 3392 800 3483 fundasset
826 3396 1048 3466 monasteriis
1075 3416 1212 3486 quoque
1239 3395 1356 3473 dotem
1384 3393 1622 3483 sufficientem,
1648 3394 1778 3484 partim

222 3520 267 3583 'ox
293 3511 504 3602 patrimonio
531 3534 613 3603 suo,
638 3515 766 3605 partim
794 3536 838 3587 ex
864 3517 964 3588 bonis
990 3516 1255 3606 episcopalibus,
1280 3515 1434 3587 ecclesiis
1460 3512 1548 3586 uero'
1572 3515 1779 3603 parochiali-

225 3631 289 3705 b'us
315 3652 358 3705 ax
385 3633 527 3705 decimis
554 3646 693 3707 mensae
728 3637 939 3728 episcopalis¹
962 3638 1210 3727 consignasset
1251 3636 1530 3725 coenobiumque
1557 3636 1779 3707 sanctimoni-

223 3751 340 3843 alium,
366 3775 428 3825 seu
455 3754 627 3846 virginum
655 3756 788 3857 ordinis
813 3757 1181 3846 Praemonstrutensis,
1210 3759 1243 3828 in
1273 3757 1355 3827 villa
1382 3756 1582 3846 patrimonii
1601 3756 1654 3828 sni
1676 3757 1779 3828 Dlu·

224 3873 359 3965 bnya,
395 3896 484 3966 quae
519 3877 688 3949 hactenns
723 3878 1062 3950 Imramouicze
1098 3864 1291 3968 vocitatur,
1326 3878 1462 3968 erigere
1499 3883 1536 3948 et
1562 3876 1716 3975 'fundam
1742 3878 1778 3948 in

226 3996 379 4069 animum
416 4018 517 4070 suum
553 3999 709 4088 induxit3
744 4001 821 4073 viro
857 4002 947 4072 enim
983 4001 1055 4090 illi,
1092 4008 1127 4071 ot.
1162 4001 1338 4089 geminata
1374 3999 1520 4070 scientia
1555 3999 1717 4088 pollenti,
1744 4004 1811 4071 et·

222 4116 332 4191 diuini
358 4120 448 4210 ignis
474 4140 593 4191 amore
619 4124 804 4211 aestuandi,
830 4123 874 4193 ad
901 4123 1074 4195 culturam
1100 4122 1292 4193 maiestatis
1319 4121 1457 4191 divinae
1483 4128 1520 4191 et
1547 4120 1591 4191 ad
1610 4120 1778 4211 amplian-

223 4237 305 4310 dum
340 4240 520 4331 religionis
556 4243 771 4315 orthodoxae
802 4244 928 4333 ritum,
955 4245 1015 4333 qui
1046 4243 1192 4314 salutem
1220 4244 1255 4314 in
1283 4262 1448 4331 praesens
1475 4242 1573 4312 etin
1600 4247 1777 4333 posterum

223 4368 343 4449 posset
378 4361 534 4451 prolerre
561 4368 598 4433 et
624 4384 830 4454 procurare,
857 4364 895 4433 in
921 4364 1054 4453 Regno-
1068 4363 1233 4435 Poloniae
1261 4363 1359 4433 etin
1385 4362 1534 4433 dioecesi
1562 4382 1625 4432 sna
1651 4359 1778 4433 craco-

222 4481 344 4571 viensi,
370 4484 563 4556 animarum
590 4484 707 4557 nullae
733 4505 826 4574 opes,
853 4485 968 4556 nullae
995 4485 1115 4574 dotes,
1143 4491 1204 4555 aut
1230 4483 1443 4554 monasteria
1467 4482 1583 4553 nullae
1610 4483 1777 4553 ecclesiae
1889 4508 1892 4515 ·

225 4608 537 4696 quantumcumque
570 4606 787 4697 frequentes,
818 4607 862 4679 ab
890 4626 931 4678 eo
967 4613 1030 4677 aut
1057 4606 1135 4677 aliis
1161 4604 1345 4692 munuae,
1372 4602 1530 4675 sulficere
1556 4602 1776 4674 uidebantur.

224 4720 497 4798 Saluberrimum
535 4728 653 4818 itaque
680 4728 786 4798 animi
814 4728 869 4799 sui
895 4718 1112 4818 propositum
1139 4745 1245 4815 opere
1271 4723 1493 4813 impleturus,
1521 4742 1610 4794 anno
1637 4723 1777 4794 Domini

228 4845 342 4934 1225,
370 4848 406 4918 in
441 4848 582 4937 uillagio
618 4847 833 4939 Dlubnpa
859 4869 881 4919 a
907 4849 1046 4921 tluudne
1073 4847 1288 4938 Dlubnya
1323 4847 1422 4921 iuxta
1447 4843 1534 4917 illud
1551 4844 1776 4936 decurrente,

222 4966 315 5056 quod
349 4968 520 5039 hacteuus
556 4968 910 5053 Ymramouicze
947 4971 1126 5044 consuevit
1162 4968 1349 5058 appellari,
1375 4968 1452 5039 iure
1478 4967 1713 5043 haereditario
1740 4972 1776 5038 et

213 5092 367 5177 ¹potamio
394 5090 507 5161 abeo
535 5110 713 5179 possesso,
740 5092 987 5189 monasterium
1015 5089 1327 5161 mnuctimonialium
1355 5088 1488 5160 ordinis
1514 5086 1776 5159 Praemonstra-

221 5210 331 5281 tonsis
358 5211 423 5282 sub
448 5211 553 5283 titulo
580 5214 775 5284 ethonore
809 5212 1015 5285 Sanctorum
1043 5211 1141 5282 Petri
1168 5218 1204 5282 et
1230 5209 1332 5280 Pauli
1360 5208 1607 5298 Apostolorum
1642 5208 1776 5298 fundat,

221 5330 322 5420 aque
356 5331 393 5401 in
425 5332 541 5404 dotem
577 5333 770 5423 praelatam
796 5334 914 5405 villam
941 5334 1164 5423 Dlnbnya,
1184 5351 1259 5403 cnm
1279 5330 1475 5402 molendino
1494 5330 1530 5400 in
1549 5330 1661 5401 altera
1678 5329 1775 5401 fluvii

220 5458 321 5540 purte
356 5452 456 5541 aito,
479 5474 556 5525 cum
592 5456 685 5526 omni
720 5454 873 5529 dominio
901 5461 937 5526 at
961 5455 1198 5545 proprietate,
1226 5452 1312 5523 nihil
1341 5451 1408 5522 sibi
1434 5450 1663 5539 reservando,
1690 5450 1774 5520 item

219 5572 401 5645 aeclesiam
427 5572 545 5647 Sancti
573 5576 755 5657 Benedicti
780 5576 818 5647 in
844 5576 965 5648 eudem
992 5576 1077 5647 uilla
1102 5575 1328 5664 Dlubnya,
1356 5593 1433 5643 cum
1459 5570 1602 5643 decimis
1620 5570 1775 5642 eiusdem

221 5694 425 5785 moabiae,
452 5697 565 5769 eidem
591 5698 803 5771 monasterio
828 5699 907 5770 unit
933 5704 970 5769 et
994 5698 1204 5786 incorporat
1243 5696 1332 5765 Item
1369 5693 1468 5763 villas
1496 5700 1532 5764 et
1558 5694 1701 5783 praedia
1728 5690 1773 5764 ad

219 5820 330 5909 ipsum
344 5819 421 5892 iure
434 5804 662 5893 successionis
676 5827 842 5909 paternae
857 5826 1063 5910 spectantes,
1078 5819 1252 5891 videlicet:
1272 5817 1357 5889 Bra
1369 5836 1517 5905 eszno,
1532 5816 1713 5905 Rathag
1724 5816 1773 5905 ie,

218 5940 549 6015 crodzeczsko
576 5962 654 6015 cum
681 5943 877 6014 custoribus
904 5949 940 6014 et
966 5943 1125 6013 omnibns
1144 5938 1364 6029 pertinentiis
1382 5943 1418 6010 et
1436 5938 1570 6009 iuribus
1589 5938 1671 6027 suis,
1690 5939 1772 6009 item

218 6064 371 6137 decimas
398 6066 559 6155 antiquas
585 6072 622 6136 et
648 6064 823 6137 nnovalium
850 6064 1084 6154 manipulares
1102 6064 1139 6133 in
1158 6061 1450 6133 cherethocz
1478 6065 1514 6130 et
1531 6058 1773 6149 Preginam

219 6187 425 6276 sitas-item
453 6186 602 6258 decimas
629 6187 667 6258 in
693 6185 906 6276 Dlubnya
931 6185 1015 6255 villa
1040 6185 1191 6255 filiomm
1218 6180 1521 6272 Syetheslavi
1549 6179 1593 6250 ud
1620 6200 1773 6252 mensam

215 6309 452 6400 episcopalem
480 6309 707 6398 pertinentes,
732 6308 778 6379 do
803 6328 975 6381 consensu
1000 6307 1143 6397 capituli
1170 6303 1409 6377 cracoviensis
1437 6302 1624 6375 donatione
1651 6323 1774 6393 perpe-

215 6434 279 6503 tua
303 6431 453 6521 largitur
479 6437 515 6502 et
532 6431 724 6521 musignat,
736 6430 1055 6503 sanctimonialium
1073 6449 1217 6520 quoque·
1228 6427 1272 6498 de
1289 6425 1412 6498 ordine
1431 6424 1773 6498 Praemonstratensi

323 6573 371 6613 ιιι.
384 6574 481 6614 nenena.
495 6574 537 6616 ιιι.
1571 6575 1606 6622 ll
