4217 8059
1751 1519 1824 1588 429

272 1712 442 1790 laborant.
470 1721 556 1790 ltem
576 1742 692 1813 ompcp
711 1720 806 1809 dant,
833 1721 920 1791 dua's
938 1740 1117 1793 mensuras
1145 1700 1338 1792 aventem
1355 1742 1457 1793 unam
1477 1722 1626 1811 siliginis
1644 1742 1825 1794 merrsurae

273 1841 436 1929 aequalis.
477 1841 561 1911 ltem
590 1843 735 1911 taberna
762 1863 830 1911 uua
857 1843 988 1912 babens
1016 1864 1140 1931 agros3
1176 1849 1211 1912 et
1238 1842 1342 1913 solvit
1369 1864 1432 1932 pro
1460 1863 1565 1913 censu
1592 1850 1666 1914 tres
1693 1864 1827 1915 marcas

273 1983 332 2031 sex
370 1968 511 2033 scottos.
551 1963 637 2033 Item
665 1963 865 2034 hortulanis
901 1984 969 2034 una
995 1964 1126 2035 habeus
1154 1985 1274 2054 agros,
1312 1969 1346 2034 et
1374 1965 1478 2034 solvit
1514 1987 1619 2036 unum
1647 1965 1826 2037 fertonem.

272 2084 359 2154 ltem
388 2084 565 2171 praedium
594 2085 642 2154 ibi
670 2084 868 2155 coenobiale
896 2085 1028 2156 babens
1057 2091 1205 2176 quatuor
1232 2087 1368 2174 laneus,
1397 2086 1575 2157 redactum
1602 2087 1710 2157 estin
1737 2107 1828 2159 eme·

274 2204 416 2291 thanes,
443 2211 480 2275 et
497 2208 746 2276 monasterium
765 2206 858 2275 tollit.
885 2205 928 2276 de
947 2206 1015 2276 illis
1042 2228 1106 2296 pro
1126 2228 1163 2276 se
1182 2206 1359 2277 decimam.
1400 2207 1487 2278 ltem
1514 2207 1747 2280 molendinum
1774 2213 1830 2279 est

274 2325 340 2412 ibi,
369 2326 459 2415 quod
479 2326 607 2398 dicitur
634 2327 823 2416 Barlog,
851 2334 887 2397 et
905 2327 1008 2399 solvit
1032 2328 1119 2398 duas
1137 2348 1270 2399 marcas
1289 2349 1352 2418 pro
1371 2348 1495 2417 censu,
1522 2322 1613 2418 quod
1634 2348 1698 2419 per
1715 2335 1828 2400 sortes

275 2445 440 2517 Petrus
467 2449 593 2536 abbas,
630 2469 698 2519 uua
726 2470 801 2519 oum
830 2456 924 2518 sorte
961 2449 1392 2538 Monyacakowicae
1419 2471 1484 2539 pro
1510 2452 1676 2522 trecentis
1703 2441 1823 2523 oetuass

273 2568 371 2655 ginta
389 2571 513 2639 mareis
532 2572 757 2660 comparavit.
790 2572 875 2641 ltem
896 2579 975 2659 post
994 2593 1113 2642 omnes
1133 2593 1235 2660 agros
1254 2571 1402 2642 solvitur
1419 2577 1455 2642 et
1474 2572 1678 2643 conducitur
1695 2572 1829 2645 decime

275 2690 497 2778 manipularis
526 2697 561 2761 ct
580 2690 755 2781 canapalis
782 2713 845 2781 pro
874 2693 1083 2762 monasterio
1112 2692 1154 2762 de
1181 2692 1366 2781 Mogila,
1393 2699 1429 2763 et
1457 2693 1555 2764 valor
1587 2693 1631 2765 ad
1658 2694 1827 2784 quinqua·

274 2811 370 2897 ginta
388 2832 531 2882 marcas.
572 2811 732 2883 &induat
750 2833 824 2883 cum
854 2812 1122 2901 Prandocain,
1149 2812 1465 2903 Obrazowycne,
1492 2821 1527 2884 et
1546 2813 1828 2904 Zyelyenirze.

274 2931 369 3001 llaec
396 2933 478 3003 villa
505 2955 568 3022 pro
586 2910 798 3005 ¹morrasterio
826 2934 1009 3020 Mogilensi
1037 2941 1154 3024 empta
1181 2941 1234 3005 est
1260 2955 1323 3024 per
1349 2934 1467 3025 plures
1484 2941 1608 3013 ¹sortes
1635 2955 1697 3024 per
1726 2934 1828 3006 Nico·

273 3053 364 3123 laum
394 3055 574 3145 abbatem,
602 3077 665 3144 pro
692 3056 858 3126 trecentis
885 3057 1086 3145 octuaginta
1114 3057 1248 3127 marcis.

377 3174 714 3264 Szozrsnawrczn,
742 3176 824 3247 villa
842 3179 907 3248 sub
926 3178 1091 3267 parochia
1119 3178 1162 3248 de
1188 3178 1596 3248 Raoziborowieze
1623 3177 1701 3262 sita,
1728 3179 1825 3248 cuius

274 3297 471 3383 proprietas
489 3297 531 3367 ad
551 3299 797 3369 monasterium
820 3301 854 3369 in
878 3296 1052 3388 Mogila
1070 3299 1234 3387 pertinet.
1274 3298 1314 3368 ln
1334 3319 1402 3389 qrra
1421 3320 1488 3369 non
1507 3303 1588 3369 sunt
1606 3298 1825 3388 aliquivlauei

275 3418 526 3507 emethouales,
545 3419 604 3490 sed
624 3426 763 3490 tantum
783 3420 901 3491 decem
919 3421 1156 3509 hortulaniue,
1181 3420 1355 3510 quaelibet
1373 3414 1479 3493 solvit
1496 3408 1559 3510 pro
1577 3432 1682 3490 censu
1701 3438 1824 3491 novem

275 3546 424 3629 scottos,
452 3541 535 3610 item
552 3551 628 3612 ¹ova
654 3542 794 3613 solvunt
821 3543 1021 3630 sexaginta3
1048 3543 1131 3613 item
1158 3542 1268 3630 gallos
1304 3562 1373 3613 non
1400 3541 1558 3632 solrrmt,
1594 3542 1676 3612 item
1705 3561 1824 3611 caseos

274 3682 357 3748 non3
386 3662 467 3731 item
487 3662 647 3733 laborant
674 3669 824 3753 qrratnor
851 3663 1024 3734 hortulani
1055 3664 1090 3733 in
1110 3668 1235 3752 quarta
1262 3663 1453 3752 septimana
1480 3683 1584 3733 unum
1613 3662 1719 3750 diem,
1746 3682 1827 3751 pro-

274 3783 351 3870 prio
378 3802 482 3853 curru
509 3789 570 3854 aut
597 3790 729 3873 aratro,
765 3784 825 3855 alii
852 3785 998 3874 singulis
1025 3784 1148 3855 diebus
1174 3805 1277 3855 unam
1305 3783 1395 3854 diem
1423 3783 1613 3873 pedestres.
1654 3783 1740 3854 item
1762 3804 1828 3877 po·

272 3903 406 3973 sormam
441 3926 509 3974 non
545 3905 715 3977 laborant.
755 3896 841 3977 ltem
877 3928 1014 4001 osasoep
1049 3906 1208 3994 solvunt,
1244 3926 1347 3977 unam
1381 3920 1578 3977 mensuram
1616 3905 1765 3994 siliginis
1791 3911 1827 3975 et
1857 3887 1862 3905 '

273 4026 419 4097 alteram
446 4047 585 4097 avenae.
629 4027 715 4099 Item
744 4008 892 4099 taberna
918 4047 987 4098 nna
1012 4028 1144 4099 habeus
1171 4047 1289 4117 agros,
1315 4031 1352 4097 et
1378 4026 1483 4097 solvit
1509 4046 1573 4115 pro
1600 4040 1704 4098 censu
1729 4026 1829 4123 quin-

275 4167 341 4235 que
366 4168 511 4218 marcas.
552 4149 639 4218 Item
662 4147 882 4218 bortulaniae
910 4168 978 4219 non
1006 4152 1089 4219 sunt
1114 4149 1221 4236 aliae,
1249 4153 1390 4238 praeter
1416 4168 1477 4218 sex
1496 4147 1712 4219 hortulanias
1730 4147 1828 4236 prius

275 4266 477 4364 descriptas.
516 4267 604 4338 Item
633 4269 866 4340 molendinum
893 4268 1059 4339 nnumin
1087 4267 1225 4338 llrunine
1252 4266 1482 4357 Dlubuya,
1515 4267 1606 4356 quod
1632 4266 1738 4338 soluit
1763 4261 1841 4356 pro

275 4407 379 4457 ceusu
398 4394 529 4477 septem
550 4408 702 4478 mareas,
729 4389 915 4479 aliquando
929 4389 1110 4463 duodecim
1129 4408 1272 4461 marcas.
1313 4388 1398 4458 ltem
1418 4388 1597 4477 praedium
1616 4388 1827 4474 coenobiale,

275 4507 318 4577 de
346 4509 442 4578 cuius
470 4511 564 4599 agris
592 4511 740 4582 solvitur
767 4511 931 4581 ecclesiae
962 4510 998 4580 in
1025 4510 1455 4597 llacziborowieze3
1491 4510 1575 4581 item
1602 4512 1682 4599 post
1707 4528 1828 4580 omnes

276 4648 378 4718 agros
406 4630 553 4702 solvitur
587 4637 623 4703 ot
649 4633 852 4704 conducitur
889 4631 1021 4703 decima
1046 4632 1272 4722 manipularis
1309 4638 1346 4702 et
1371 4631 1566 4721 canapalis,
1592 4650 1657 4731 pro
1683 4630 1830 4703 eeclesia

279 4751 313 4819 in
352 4751 782 4844 Racziborowicze,
828 4761 865 4826 et
901 4755 999 4826 valor
1023 4756 1109 4824 eius
1144 4754 1349 4825 aestimatur
1382 4752 1424 4822 ad
1462 4773 1522 4822 sex
1558 4770 1701 4822 marcas.
1741 4749 1832 4823 Gon·

277 4872 363 4944 finiat
381 4894 457 4943 cum
476 4875 568 4945 villis
587 4876 1014 4964 Racziborowicze,
1036 4876 1389 4947 Mistraowieze.
1418 4875 1511 4943 llaec
1531 4873 1614 4945 villa
1632 4873 1830 4963 perplures

278 5000 394 5083 partes
421 5002 457 5065 et
485 5002 597 5067 sortes
627 5002 743 5087 empta
779 5003 833 5069 est
875 5019 939 5087 pro
971 4997 1244 5069 monasterio-iu
1274 4995 1464 5085 Mogila,
1501 5015 1564 5084 per
1591 4993 1831 5065 Nicolaum

276 5116 450 5203 primurn
477 5121 638 5189 abbatem
666 5119 902 5209 Mogilensem.
1582 5142 1585 5147 ·
1630 5119 1635 5129 '

774 5382 816 5491 lo
849 5382 1042 5463 districtu
1076 5380 1327 5462 latorien'sl.

381 5602 551 5687 Rrezorr,
578 5605 661 5676 villa
688 5607 919 5695 parochialem
947 5606 1128 5677 ecclesiam
1155 5604 1303 5676 Sanctae
1325 5602 1428 5674 Cruci
1455 5603 1605 5674 dicatam
1633 5602 1767 5675 babens
1793 5602 1830 5672 in

279 5744 333 5811 se,
356 5726 453 5795 cuins
472 5728 668 5816 proprietas
686 5728 729 5797 ad
744 5729 991 5798 monasterium
1011 5729 1178 5800 Clarae
1207 5728 1266 5797 Tu
1278 5727 1404 5797 mbae
1422 5724 1584 5814 pertinet.
1611 5723 1650 5794 ln
1666 5744 1730 5814 qua
1751 5716 1833 5795 sun't
1928 5742 1934 5747 ·

278 5846 367 5916 lauoi
396 5849 643 5940 emethonales,
670 5857 707 5921 et
726 5850 871 5941 quilibet
895 5850 1017 5939 solvit,
1045 5850 1108 5920 sed
1136 5870 1203 5920 non
1232 5848 1443 5938 aoqrraliter,
1478 5845 1666 5917 secundum
1694 5842 1832 5934 quanti·

278 5972 384 6037 tatem
404 5950 580 6059 agrorum,
608 5978 644 6041 et
661 5974 870 6061 proveniunt
886 5973 922 6042 in
942 5992 1074 6041 summo
1094 5970 1273 6042 duodecim
1292 5989 1429 6040 marcae
1448 5956 1832 6056 latorum'grossorum

279 6090 360 6160 item
389 6112 468 6177 ova,
495 6093 576 6161 item
595 6093 715 6182 gallos
742 6094 823 6164 item
843 6104 983 6180 caseos;
1000 6086 1093 6163 item
1117 6092 1278 6165 laborant
1307 6088 1415 6184 ararum?
1441 6090 1514 6159 aive
1541 6085 1721 6181 intingam
1748 6084 1830 6159 itan

277 6211 475 6303 prioratuum,
503 6214 584 6283 item
613 6236 748 6308 ‹rmzpcp
785 6237 853 6285 non
882 6216 1040 6301 solvunt3
1079 6216 1162 6283 item
1190 6215 1376 6299 tabernae,
1409 6212 1489 6283 item
1519 6208 1715 6297 hortulani,
1749 6207 1831 6279 item
1949 6264 1952 6271 .

274 6334 457 6424 praedium
487 6341 541 6405 est
568 6335 781 6425 coenobiale,
808 6336 852 6407 de
871 6337 968 6406 euius
995 6335 1090 6424 agris
1119 6335 1367 6404 monasterium
1395 6354 1462 6422 pro
1480 6353 1518 6401 se
1536 6325 1630 6402 tdllit
1645 6329 1864 6417 decimam,-

279 6459 359 6527 itom
387 6459 629 6529 molendinum.
670 6457 758 6527 ltem
787 6457 836 6528 de
863 6458 1022 6529 omnibus
1058 6456 1153 6545 agris
1180 6455 1290 6526 villae
1321 6450 1479 6551 soluitur
1496 6452 1693 6543 pecunialis
1717 6494 1831 6532 m..
