4217 8059
529 1842 571 1860 ··
688 1836 692 1841 ·
781 1814 1042 1894 Tbelonaum
1076 1816 1115 1893 in
1151 1814 1405 1943 Pyotrawln.

389 2096 391 2101 -
422 2052 663 2142 Pronnnwm,
690 2053 773 2123 ville
798 2053 897 2124 iuxta
921 2052 1063 2123 fluvium
1092 2051 1285 2123 Vistula
1310 2052 1386 2142 sita,
1411 2052 1449 2121 in
1476 2071 1544 2141 qua
1570 2057 1625 2122 est
1642 2051 1787 2128 ecclesia
1803 2064 1875 2142 pa:

313 2174 494 2265 rochialis,
530 2173 657 2245 Sancto
694 2173 844 2246 Thomae
871 2172 1040 2263 Apostolo
1078 2179 1114 2244 et
1139 2172 1172 2243 S.
1199 2173 1370 2244 Stanislao
1397 2161 1561 2263 Martyri'
1577 2179 1681 2264 atque
1707 2153 1863 2263 pontiflci

313 2295 448 2384 dicata,
475 2294 797 2385 cuiusproprietas
832 2294 877 2365 ad
904 2295 1102 2385 episcopum
1129 2278 1399 2365 cracoviensem
1417 2293 1591 2382 pertinct3
1617 2295 1656 2364 in
1680 2314 1750 2385 qna
1775 2292 1865 2364 Bea-

314 2416 468 2488 tissimns
508 2416 700 2487 Stanislaus
740 2413 979 2488 Oracovieusis
1020 2416 1202 2506 episcopus
1239 2413 1426 2485 Petrum
1462 2412 1607 2514 militem
1642 2415 1799 2517 triennio!
1828 2415 1863 2485 in

315 2537 497 2627 sepulchro
523 2535 730 2626 foetentem,
757 2537 998 2608 resuscitatum
1026 2556 1069 2607 ex
1096 2537 1243 2608 mortuis
1270 2534 1316 2607 od
1341 2536 1531 2607 tribunalia
1557 2536 1769 2639 Boleslal
1794 2529 1863 2607 S'e

313 2658 450 2729 cundi
476 2655 641 2730 Poloniae
668 2658 761 2746 regis
788 2656 888 2728 duxit
914 2658 949 2728 in
977 2662 1112 2728 testem.
1138 2657 1179 2728 In
1205 2658 1272 2728 hac
1290 2653 1462 2747 quondam
1488 2655 1555 2727 fuit
1571 2656 1691 2747 regale
1707 2657 1781 2729 aire
1800 2656 1862 2729 du·

314 2779 388 2849 cale
405 2779 611 2867 theloneum,
633 2778 724 2868 quod
742 2778 787 2849 ad
805 2779 1052 2850 monasterium
1071 2755 1379 2869 Szeonechoviense
1397 2800 1440 2849 ex
1457 2778 1645 2850 donatione
1670 2777 1863 2851 Henriei

314 2898 602 2985 Sandcmiriensis
628 2899 725 2970 (lueis
751 2899 969 2988 pertinebat3
995 2899 1057 2970 sed
1085 2901 1298 2971 abstractum
1325 2919 1489 2989 processu
1517 2899 1650 2971 dierum
1678 2905 1715 2970 et
1728 2899 1860 2970 aliena-
1919 2888 1921 2893 ’

312 3024 387 3090 tum
413 3027 477 3110 est,
502 3040 566 3092 nec
591 3020 627 3092 iu
655 3018 813 3111 praefata
838 3020 923 3090 villa
947 3019 1216 3110 Pyotrawin
1243 3022 1279 3091 in
1306 3021 1585 3110 praesentiarum
1611 3020 1756 3092 alicuius
1783 3019 1861 3093 tbe-

296 3139 404 3211 lonei
430 3146 526 3212 extat
552 3141 728 3213 memoria.
754 3141 930 3212 Donatum
956 3160 1020 3231 per
1045 3140 1295 3213 Henricum
1322 3141 1443 3212 ‹luoem
1470 3141 1792 3214 Sandomirienaem.

415 3261 667 3334 Jnssnrurrow
693 3263 859 3352 primurn,
885 3262 969 3332 villa
1005 3262 1068 3333 sub
1105 3263 1269 3352 parochia
1303 3263 1469 3335 ecclesiae
1496 3263 1539 3333 de
1566 3261 1760 3334 Garbow
1785 3263 1862 3353 sita
1960 3335 1964 3340 .

311 3385 472 3474 pertinet,
499 3384 743 3474 pertinereque
769 3383 874 3454 debet
900 3383 944 3454 ad
971 3384 1217 3455 monasterium
1245 3383 1573 3472 Szeczechoviense3
1599 3384 1661 3454 se'd
1687 3383 1863 3454 abstracta

312 3513 368 3577 est
407 3504 683 3594 amonasterio,
719 3510 756 3575 et
791 3509 959 3593 occupata
993 3510 1049 3575 est
1083 3498 1180 3575 nunc¹
1209 3526 1272 3595 per
1306 3504 1330 3577 J
1339 3504 1578 3595 ohannem,
1613 3502 1861 3595 Nicolaum,

198 3680 206 3691 .
312 3623 598 3701 Grothonem
633 3631 670 3696 et
695 3624 1068 3729 Bernhardinum
1093 3625 1293 3697 fratres‘rle
1320 3626 1421 3700 domo
1448 3626 1590 3699 Rawa.
1629 3622 1770 3697 Donata
1796 3644 1861 3716 per

310 3741 427 3818 'Jaxa
453 3748 584 3819 ducem.
1087 3838 1089 3843 ι
1212 3770 1216 3783 “
1375 3720 1383 3737 ⁸
1640 3774 1645 3782 ·

414 3868 643 3941 Jnszrrmow
669 3866 864 3957 amandum,
890 3867 975 3939 villa
1001 3868 1066 3940 snb
1092 3846 1258 3958 parochia
1282 3868 1327 3939 de
1349 3862 1545 3939 Garbow
1569 3866 1646 3957 sita,
1665 3867 1762 3938 cuius
1779 3887 1860 3958 pro-

218 3981 220 3984 ’
312 3991 443 4080 prietas
479 3991 650 4079 pertinet,
684 3978 928 4079 pertinereque
963 3989 1081 4061 debet'
1099 3990 1143 4060 ad
1171 3989 1418 4061 monasterium
1444 3988 1773 4078 Szeczeoboviense‘3
1798 3988 1860 4061 se'd

312 4111 490 4182 abstracta
516 4116 570 4182 est
595 4132 617 4181 a
641 4110 851 4182 monasterio
883 4108 1204 4200 Szeczeebcviensi,
1231 4117 1267 4182 et
1293 4115 1461 4201 occupata
1486 4129 1578 4181 nuuc
1603 4128 1667 4199 per
1692 4109 1716 4182 J
1722 4110 1861 4183 oban-

312 4252 427 4322 nem,
454 4231 713 4321 Nicolaum,
740 4229 1020 4302 Groth'cnem
1057 4235 1093 4302 et
1119 4231 1492 4328 Bernhardinum
1520 4230 1563 4301 de
1590 4230 1691 4302 domo
1717 4231 1860 4304 Rana.

311 4353 448 4425 Donata
472 4373 537 4444 per
562 4351 585 4424 J
595 4373 679 4425 axa
704 4352 835 4424 ducem.
906 4375 920 4406 ·-
1350 4369 1354 4377 ·
1583 4420 1587 4427 ,

413 4474 643 4547 Jnszrnnow
668 4475 828 4563 tertium,
855 4474 938 4545 villa
965 4474 1028 4545 sub
1054 4474 1221 4564 parochia
1247 4472 1290 4545 de
1317 4471 1519 4546 Garbovr
1539 4475 1626 4572 sita,
1652 4475 1751 4546 cuius
1777 4494 1858 4565 pro·

309 4596 441 4686 prietes
476 4596 647 4687 pertinet,
682 4596 925 4686 pertinereque
959 4595 1065 4667 debet
1099 4595 1142 4666 ad
1169 4597 1416 4668 monasterium
1444 4595 1770 4684 Szeozechoviense3
1789 4595 1859 4667 sed

310 4717 486 4789 abstracta
511 4723 566 4788 est
592 4737 614 4787 a
639 4716 849 4787 monasterio
877 4713 1188 4805 Szeezechoviensi,
1210 4722 1247 4787 et
1272 4720 1460 4806 occupatur
1486 4736 1578 4788 nunc
1602 4737 1665 4808 per
1691 4716 1715 4787 J
1724 4717 1856 4787 ohan-

310 4859 423 4928 nem,
449 4837 708 4926 Nicolaum,
737 4835 1021 4908 Grotbonem
1057 4844 1095 4908 et
1121 4837 1492 4910 Bernhard'inum
1519 4839 1562 4909 de
1590 4837 1691 4909 domo
1718 4836 1860 4909 Rama.

309 4958 448 5031 Donata
475 4978 538 5049 per
563 4957 586 5030 J
596 4978 723 5030 axani
749 4958 879 5029 ducem.
1869 4947 1872 4951 ’

412 5079 525 5172 Supra
550 5081 699 5171 scriptas
725 5085 798 5151 tres
824 5080 935 5167 villas,
963 5101 1050 5171 quae
1078 5081 1165 5151 alias
1191 5079 1551 5170 merant-distinctae,
1578 5102 1669 5151 nunc
1686 5100 1769 5153 vero
1787 5081 1855 5152 iam
1977 5172 1982 5181 Ι

309 5203 511 5272 coniunctae
529 5206 641 5272 'unam
667 5202 784 5272 villam
812 5200 982 5291 efficiunt,
1008 5203 1154 5274 abbates
1180 5201 1506 5274 Szeczechovienses
1533 5202 1608 5273 inre
1634 5194 1810 5285 terrestri.
1821 5203 1856 5273 in

309 5322 488 5413 colloquiis
523 5323 790 5394 Lublineusibns
825 5325 1032 5414 repetebant
1058 5325 1093 5395 iu
1121 5310 1404 5414 occupatoribus,
1430 5323 1620 5414 fuissetque
1647 5344 1710 5414 pro
1737 5288 1874 5441 unffi

309 5444 416 5515 sterio
443 5444 708 5534 pronunciatum
735 5450 775 5515 ut
800 5443 979 5534 praelatae
993 5448 1078 5515 ¹tres
1105 5444 1207 5516 villae
1229 5444 1380 5517 fuissent
1397 5465 1471 5536 pro
1489 5445 1700 5515 monasterio
1718 5444 1859 5515 Sze'cze·

308 5564 485 5634 oboriensi
520 5565 754 5657 adiudicatae,
782 5570 946 5654 tanquam
974 5564 1211 5635 haereditates
1237 5567 1456 5655 monasterii,
1483 5565 1672 5637 iustissime
1699 5565 1767 5637 sibi
1793 5585 1856 5656 pro
1989 5634 1993 5643 .

308 5684 389 5757 dote
425 5686 461 5756 in
495 5685 706 5758 fundationis
741 5685 924 5777 privilegio
961 5685 1128 5773 donatae,
1164 5685 1224 5757 sed
1260 5707 1323 5775 per
1358 5687 1601 5776 negligentiam
1630 5687 1795 5758 abbatum
1820 5692 1857 5757 et

306 5828 447 5878 suorum
473 5802 654 5898 factorum,
681 5827 737 5878 res
763 5814 839 5879 tota
865 5808 901 5878 in
928 5800 1078 5880 termino
1105 5807 1340 5898 peremptorio
1366 5806 1480 5898 periit,
1499 5808 1587 5878 etin
1606 5808 1863 5889 contumaciam

308 5912 445 6000 abbatis
482 5949 545 6018 pro
583 5928 722 5999 iniustis
758 5930 1022 6020 occupatoribus
1059 5929 1233 6000 sententia
1267 5909 1334 5998 etsi
1360 5927 1546 5998 secundnm
1574 5929 1630 6000 ius
1656 5927 1855 6000 Polonicnm

305 6056 474 6121 terrestre
500 6051 601 6140 iusta,
628 6047 815 6120 secundum
841 6054 956 6120 tamen
984 6051 1038 6120 ius
1062 6050 1229 6120 -divinunr
1248 6049 1462 6145 iniquissima
1488 6048 1561 6119 latu
1588 6055 1649 6121 est.
1758 6068 1762 6072 ·

410 6174 650 6260 (lsrnnrscn,
678 6169 761 6243 villa
795 6170 967 6260 quondam
1002 6170 1069 6241 fuit
1095 6170 1161 6241 sub
1189 6169 1353 6259 parochia
1379 6169 1544 6243 ecclesiae
1572 6168 1614 6241 de
1640 6170 1856 6241 Lauerna

306 6293 432 6383 oppido
468 6294 554 6382 sita3
590 6292 651 6364 sed
678 6292 839 6363 universa
875 6291 1054 6381 disperiit,
1080 6297 1118 6362 et
1143 6311 1212 6361 non
1239 6297 1396 6360 remanet
1423 6292 1491 6362 nisi
1518 6291 1614 6362 lacus
1640 6292 1751 6362 bonus
1777 6308 1854 6363 eum

306 6413 378 6484 suis
404 6414 624 6505 pertinentiis
651 6419 687 6485 et
713 6412 1007 6502 circumferentiis,
1034 6412 1131 6482 cuius
1159 6409 1354 6511 proprietas
1381 6413 1602 6484 etiamnunc
1629 6414 1783 6502 pertinet
1811 6412 1854 6483 nd
