4217 8059
1730 1508 1803 1581 279

360 1710 667 1800 Lvasszoczrczn,
694 1711 777 1784 villa
803 1711 867 1783 snb
894 1711 1059 1801 parochia
1085 1711 1249 1783 ecclesiae
1276 1712 1319 1784 de
1346 1708 1467 1784 Gora
1493 1713 1571 1804 sita,
1598 1713 1705 1805 cuius
1723 1715 1806 1786 bae·

256 1852 314 1903 res
342 1831 535 1904 Stanislaus
570 1831 848 1905 Lubomirslr
857 1854 880 1923 y
915 1832 1040 1904 nobilis
1076 1832 1248 1904 dedomo
1275 1838 1313 1904 et
1337 1831 1469 1904 familia
1494 1833 1738 1906 Druszina.
1764 1835 1805 1907 In

257 1972 325 2042 qua
351 1957 433 2024 sunt
467 1952 558 2024 lanei
585 1953 836 2043 cmethonales,
863 1957 899 2023 et
924 1953 968 2024 de
995 1954 1153 2026 omnibus
1181 1952 1327 2026 solvitur
1354 1954 1487 2026 decima
1513 1955 1739 2046 manipularis
1767 1962 1804 2029 et

257 2073 432 2164 canapalis
457 2092 522 2163 pro
548 2074 758 2146 monasterio
775 2058 1111 2163 'Saeczechovienai,
1137 2079 1173 2145 et
1199 2073 1298 2146 valor
1323 2075 1398 2147 eius
1424 2075 1630 2147 aestimatur
1655 2076 1699 2148 ad
1718 2132 1726 2146 .
1745 2131 1753 2147 .
1772 2131 1806 2147 ..

256 2212 400 2265 marcas.
426 2195 515 2264 Item
541 2194 696 2266 taberna
721 2194 809 2265 ltem
835 2177 1021 2266 hortulani.
1047 2195 1136 2267 Item
1162 2194 1343 2285 praedium
1371 2201 1425 2268 est
1441 2195 1491 2267 ibi
1509 2196 1657 2286 unicum,
1675 2197 1719 2269 de
1738 2218 1805 2287 quo

106 2307 108 2310 ’
258 2312 406 2386 solvitur
432 2314 567 2385 decima
591 2314 826 2405 manipularis.

360 2433 652 2524 anrrovvusrm,
678 2435 763 2507 villa
788 2435 921 2507 habens
947 2436 1181 2526 parochialem
1207 2436 1386 2508 ecclesiam
1412 2438 1448 2508 in
1477 2456 1514 2508 sc
1541 2437 1653 2509 sitam.
1680 2438 1720 2509 In
1739 2457 1807 2530 qua

257 2560 339 2627 sunt
363 2555 455 2626 lanei
483 2555 726 2646 amathonales,
754 2560 789 2628 et
814 2556 857 2628 de
884 2557 1043 2629 omnibus
1070 2558 1217 2629 solvitur
1240 2562 1276 2628 et
1293 2556 1496 2629 conducitur
1511 2577 1577 2648 pre
1595 2558 1806 2631 monastario

257 2675 566 2765 Szeczechovionsi,
593 2680 630 2746 et
654 2677 753 2749 valor
779 2677 854 2749 eius
880 2678 1083 2750 aestimatur
1109 2678 1154 2750 ad
1173 2732 1180 2748 .
1199 2732 1206 2747 .
1225 2732 1232 2748 .
1249 2698 1394 2750 marcas.
1420 2678 1508 2750 ltem
1535 2677 1692 2750 taberna.
1717 2679 1806 2750 ltarn

257 2796 442 2869 hortulani.
468 2797 556 2868 ltem
582 2797 772 2887 praedium.

921 3059 1144 3142 bieliihcia.

361 3282 448 3354 Item
475 3282 723 3353 monasterium
750 3281 1061 3354 Saeczecboviensc¹
1091 3288 1195 3353 etex
1223 3281 1374 3372 propriis
1400 3281 1491 3353 villis
1518 3282 1586 3352 iam
1614 3281 1807 3373 descriptis,

258 3422 361 3494 apum
387 3402 541 3474 alvearia
567 3402 786 3490 habentibus,
813 3407 850 3474 et
875 3422 918 3474 ex
946 3402 1198 3473 circumvicinis
1224 3402 1301 3474 aliis
1328 3401 1604 3508 haereditatibus
1623 3422 1685 3474 seu
1703 3402 1805 3493 villis,

257 3526 292 3595 in
319 3524 436 3616 sylvis,
463 3524 587 3614 horris,
614 3524 813 3596 nemoribus
840 3528 877 3595 ct
903 3523 1058 3613 saltibus,
1086 3522 1130 3594 ad
1158 3523 1404 3594 monasterium
1431 3522 1742 3596 Szeczachoviense
1768 3528 1805 3596 et

259 3646 333 3717 eius
358 3645 608 3736 proprietatem
635 3644 901 3735 pertinentibus,
927 3643 1102 3714 mellificia
1126 3644 1341 3735 tenentibus,
1369 3644 1476 3716 habet
1502 3644 1545 3716 de
1571 3645 1673 3716 melle
1700 3644 1807 3716 crudo

257 3765 427 3838 notabiles
453 3765 567 3837 datius
593 3770 629 3836 et
646 3764 882 3854 obventiones,
910 3764 1008 3836 iuxta
1034 3765 1264 3855 quantitatem
1283 3764 1525 3856 alveariorum‚
1542 3771 1579 3837 et
1597 3764 1808 3856 proveniunt

257 3886 301 3957 da
326 3885 427 3958 melle
454 3886 561 3959 crudo
588 3885 861 3978 quinquaginta,-
875 3884 1062 3975 aliquando
1089 3885 1271 3976 sexaginta
1298 3906 1417 3958 urnae.

274 4514 280 4524 α
322 4407 598 4517 'Coenobtum
631 4408 1016 4491 sanctimonialium
1057 4407 1228 4488 Ordinis
1260 4406 1402 4488 Sancti
1437 4406 1654 4489 Benedicti
1688 4408 1728 4487 tn
1805 4489 1807 4493 ,

807 4579 1260 4712 εἰῊΑΝΥΑΤΗΚΥ.

362 4855 568 4931 Monasterii
596 4853 914 4927 sanctimonialium
941 4855 977 4925 in
1004 4852 1336 4944 Sthanyathlry
1372 4849 1611 4924 cracoviensis
1638 4851 1808 4924 dioecesis

259 4977 390 5049 ordinis
418 4976 534 5048 Sancti
561 4976 741 5048 Benedicti
768 4975 955 5066 primarius
981 4974 1048 5047 fuit
1074 4974 1254 5065 fundator,
1281 4977 1403 5046 auctor
1429 4978 1465 5045 et
1490 4972 1639 5062 dotatur,
1665 4971 1720 5044 vir
1746 4992 1809 5043 no-

258 5099 337 5169 bilis
363 5104 401 5170 et
426 5098 572 5189 insignis
599 5116 713 5169 comes
740 5094 898 5169 Clemens
925 5097 968 5168 dc
995 5096 1200 5168 Russcza
1236 5094 1448 5167 castellanus
1474 5092 1725 5184 cracoviensis,
1765 5112 1808 5166 ex

260 5221 421 5309 prosapia
447 5218 540 5310 apud
567 5219 716 5291 Polonos
743 5217 923 5308 spectabili
951 5214 1217 5289 Griflonum
1252 5216 1381 5288 ducens
1407 5234 1534 5307 genus,
1575 5234 1664 5306 quae
1691 5214 1807 5287 album

258 5340 429 5429 gryphum
456 5341 491 5410 in
519 5341 678 5412 coccineo
714 5360 835 5430 campo
870 5337 983 5410 defert
1009 5358 1074 5429 pro
1102 5338 1248 5430 insigni,
1283 5337 1395 5410 Deum
1421 5336 1523 5410 valde
1565 5356 1683 5408 amans
1710 5335 1808 5406 etin

261 5460 389 5530 cultum
417 5461 492 5532 eius
517 5459 689 5550 fervidus,
724 5460 760 5531 in
787 5459 942 5531 membra
969 5478 1105 5552 quoquc
1131 5459 1244 5549 illius,
1272 5478 1400 5549 egenos
1425 5457 1597 5547 videlicet,
1624 5455 1809 5547 orphanos,

262 5580 426 5672 pupillos,
461 5581 585 5654 viduas
612 5586 648 5654 et
674 5581 848 5672 quaslibet
867 5580 1091 5663 ,miserabiles
1117 5598 1284 5672 personas
1312 5579 1458 5652 caritate
1484 5577 1650 5668 diffusus,
1687 5577 1745 5667 qui
1773 5582 1810 5649 et

261 5701 372 5773 laudis
397 5701 537 5774 divinae
563 5708 813 5792 procuraturus
839 5701 1112 5793 amplitudinem,
1139 5708 1175 5774 et
1200 5700 1396 5794 virginibus
1423 5719 1464 5771 ac
1489 5697 1649 5806 foeminis
1674 5697 1810 5771 devotis

260 5822 442 5913 religiosis,
470 5842 512 5894 ac
537 5823 838 5896 coelibemvitam
866 5820 1002 5913 ducere,
1029 5823 1163 5914 solique
1180 5823 1289 5894 amori
1316 5819 1435 5914 sponsi
1462 5819 1595 5892 aeterni
1618 5839 1703 5911 prae
1728 5817 1809 5891 tiliis

260 5943 436 6016 hominum
463 5943 620 6035 speciosi,
647 5944 848 6034 inhaerere,
875 5962 952 6015 esse
980 5963 1116 6035 qnoque
1142 5948 1258 6016 mente
1283 5948 1320 6016 et
1346 5962 1493 6034 corpore
1520 5946 1657 6014 saumas
1693 5943 1808 6012 aestu-

261 6063 640 6155 antibus‘provisurus,
666 6065 703 6136 in
729 6062 835 6136 lunda
853 6064 1055 6155 patrimonii
1082 6064 1146 6154 sui,
1172 6070 1208 6136 et
1225 6065 1303 6137 mco
1322 6062 1510 6156 appellato
1525 6060 1809 6152 S'thanypth·

261 6187 318 6276 ky
344 6185 388 6257 ad
414 6189 605 6257 torrentem
633 6183 882 6277 Strumyen
910 6185 1051 6276 dictum,
1079 6185 1215 6257 nonnisi
1236 6184 1351 6257 tribus
1368 6183 1575 6255 milliaribus
1601 6201 1623 6252 a
1648 6179 1809 6254 Gracc-

261 6306 335 6377 via
362 6305 513 6378 distante
540 6305 629 6396 sito,
664 6305 854 6380 claustrum
882 6305 1195 6379 sanctimonialium
1213 6316 1312 6375 'anno
1338 6303 1479 6377 Domini
1510 6303 1556 6373 12
1577 6354 1717 6373 ......
1744 6300 1808 6375 sub
1915 6321 1920 6330 ·

262 6427 471 6520 pontificatu
484 6479 679 6499 ........
706 6426 858 6545 episcopi
884 6425 1131 6503 cracoviam
1150 6422 1291 6517 iaudat,
1321 6429 1367 6498 'et
1390 6430 1464 6498 mm
1490 6420 1681 6515 ecclesiam,
1706 6440 1820 6517 quam·
