4217 8059
1714 1434 1718 1441 ”
1826 1489 1847 1562 u

299 1699 378 1764 oete
406 1691 496 1787 lanei
523 1693 767 1782 cmetbenaleS,
793 1699 831 1765 et
857 1693 1003 1783 quilibet
1029 1694 1134 1770 solvit
1160 1715 1223 1784 pro
1242 1714 1346 1767 censu
1365 1715 1468 1767 unam
1494 1715 1656 1786 marcam,
1681 1696 1766 1767 item
1784 1717 1851 1770 oua

298 1815 462 1903 triginta,
498 1815 582 1885 item
607 1814 720 1904 gallos
747 1821 912 1906 quatuor,
947 1817 1031 1886 item
1058 1836 1176 1887 caseos
1204 1815 1309 1906 duoS,
1344 1817 1429 1888 item
1454 1817 1594 1889 laborat
1622 1818 1780 1907 quilibet
1806 1818 1849 1901 de

299 1935 399 2006 laneo
435 1957 541 2007 unum
576 1936 667 2009 diem
694 1936 730 2009 in
756 1937 950 2026 septimana
984 1938 1127 2029 proprio
1163 1958 1265 2009 curru
1301 1945 1363 2009 aut
1389 1945 1526 2026 aratro,
1562 1939 1645 2011 item
1665 1937 1849 2033 pewabaau

299 2063 481 2147 utramque
508 2041 689 2148 laborant,
715 2079 779 2147 pro
807 2078 890 2129 vere
915 2058 1077 2130 videlicet
1102 2065 1139 2130 et
1165 2060 1305 2149 hyeme,
1332 2060 1417 2131 item
1443 2080 1579 2154 oaeayep
1602 2080 1675 2131 ¹uon
1702 2061 1850 2149 solvunt;

300 2178 382 2249 item
410 2179 558 2251 taberna
582 2200 652 2250 uua
679 2180 811 2252 babens
838 2200 942 2270 agros
969 2186 1006 2251 et
1032 2185 1144 2270 prate,
1171 2188 1207 2251 et
1233 2181 1339 2252 solvit
1364 2202 1428 2270 pro
1456 2201 1561 2253 ceusu
1583 2181 1674 2261 ,uuas
1699 2202 1850 2269 marcata

300 2299 382 2369 item
400 2300 586 2389 hortulani,
613 2300 697 2401 item
714 2300 895 2390 praedium
926 2307 981 2373 est
1012 2302 1061 2373 ibi
1093 2302 1301 2391 coenobiale,
1328 2302 1372 2372 de
1390 2323 1458 2392 quo
1489 2303 1576 2375 nulli
1602 2304 1849 2385 monasterium

301 2419 361 2490 dat
388 2420 563 2503 decimam,
592 2422 747 2493 sedeam
774 2443 838 2512 pro
865 2444 902 2493 se
929 2422 1030 2494 tollit
1056 2423 1145 2495 Item
1172 2444 1290 2495 omnes
1317 2425 1393 2513 agri
1420 2423 1524 2496 villae
1551 2424 1691 2497 solvunt
1712 2432 1750 2496 et
1767 2444 1849 2497 ceu-

300 2542 430 2614 dueunt
465 2543 631 2614 decianam
667 2525 915 2634 manipularem
943 2551 978 2616 et
1005 2544 1207 2635 canapalem
1241 2566 1305 2634 pro
1333 2546 1544 2619 monasterio
1578 2545 1849 2636 Myecbovieusi,

300 2669 338 2734 et
363 2665 461 2735 valor
486 2665 561 2736 eius
588 2665 792 2737 aestimatur
819 2666 865 2736 ad
891 2665 1071 2739 duodecim
1099 2686 1243 2738 marcas.
1281 2666 1370 2737 Item
1395 2667 1628 2743 molendinum
1655 2673 1711 2739 eat
1736 2668 1786 2740 ibi
1811 2667 1848 2739 iu
1940 2642 1944 2649 ¹

300 2784 438 2855 flumine
465 2784 663 2876 Gzyeha,
690 2793 727 2857 et
752 2787 858 2858 solvit
883 2808 947 2876 pro
975 2807 1080 2859 ceusu
1106 2808 1168 2858 sex
1195 2808 1337 2858 mareas.
1365 2787 1565 2859 Notandum
1590 2794 1725 2878 autem,
1760 2787 1851 2878 qued

300 2927 392 2978 anne
423 2909 520 2978 1456
558 2908 622 2978 sub
650 2908 817 2997 regimine
845 2907 996 2980 Thomue
1031 2907 1311 3000 Szadowsky
1345 2909 1537 2998 praepositi
1564 2908 1851 3000 Myecbeviensis,

300 3028 337 3098 in
364 3028 506 3117 praedio
542 3028 734 3100 coenobiali
760 3028 863 3100 uillae
889 3029 1175 3118 Zagorzieze
1201 3032 1300 3101 tauta
1326 3036 1537 3119 prevenerat
1563 3031 1671 3101 tritici
1700 3031 1852 3119 ubertas,

301 3155 434 3238 septem
460 3149 570 3221 millia
595 3132 802 3241 casularum,
829 3171 886 3222 res
914 3157 1111 3221 monstrosa
1128 3158 1165 3221 et
1182 3151 1320 3222 nonnisi
1347 3152 1391 3222 ab
1417 3151 1473 3222 his
1500 3152 1559 3242 qui
1579 3151 1749 3243 viderunt,
1776 3173 1851 3225 ere-

301 3271 385 3341 dita.
430 3268 591 3344 Confluat
627 3292 704 3341 cum
739 3271 867 3360 oppido
911 3270 1169 3361 Myecbow,
1209 3270 1476 3360 Syedliska,
1516 3271 1851 3344 Psztroszicae.

301 3392 442 3463 Donata
466 3394 677 3464 monasterio
704 3413 767 3482 per
793 3392 967 3464 Jaksza
994 3393 1148 3464 militem.
1723 3372 1728 3383 ’
1846 3397 1851 3406 ’

404 3514 613 3605 Kououow,
641 3514 723 3585 villa
750 3515 814 3586 sub
833 3514 998 3604 parochia
1024 3514 1068 3584 de
1095 3505 1328 3604 Myeebow
1355 3515 1433 3604 site,
1460 3514 1557 3586 cuius
1578 3515 1852 3604 propriumne

300 3637 547 3707 monasterinm
575 3636 842 3726 Myechoriense
868 3636 1031 3729 pertinet.
1070 3635 1111 3706 lu
1139 3656 1208 3725 qua
1235 3657 1302 3707 non
1330 3641 1413 3707 sunt
1438 3636 1546 3725 aliqui
1581 3637 1672 3707 lanei
1699 3637 1852 3709 cmetbe-

300 3758 406 3847 nales,
433 3757 495 3828 sed
521 3758 707 3846 hortulani,
734 3764 771 3829 et
798 3757 945 3847 quilibet
972 3757 1076 3829 solvit
1102 3756 1252 3828 sedecim
1277 3762 1411 3829 scottos
1437 3778 1501 3847 pro
1529 3778 1648 3847 ceusu,
1675 3759 1757 3831 item
1784 3779 1851 3831 eva

300 3879 455 3969 triginta,
482 3880 567 3973 item
592 3880 703 3968 gallos
731 3885 889 3969 quatuor,
917 3879 1001 3950 item
1029 3899 1150 3949 caseos
1176 3878 1273 3967 duos,
1302 3879 1383 3949 item
1411 3879 1550 3955 laborat
1576 3879 1722 3968 quilibet
1747 3876 1851 3968 pede-
1931 3929 1934 3937 ·

302 4001 366 4070 stri
393 4000 513 4071 labore
541 4022 645 4071 unum
674 4000 765 4071 diem
787 4001 821 4070 in
842 4001 1043 4089 septimana,
1071 3999 1245 4070 interdum
1268 4020 1383 4089 curru3
1409 3999 1492 4071 item
1513 3997 1697 4103 peccabam
1722 4007 1853 4073 utram-
1999 4058 2002 4065 .

302 4143 367 4210 que
394 4122 565 4211 laborant,
593 4143 657 4213 pro
684 4141 766 4193 vere
793 4128 830 4203 et
855 4121 993 4211 hyeme;
1023 4121 1109 4193 item
1136 4142 1272 4215 eeezpep
1299 4143 1368 4193 nen
1396 4121 1554 4210 solvunt3
1580 4122 1662 4192 item
1689 4122 1854 4193 tabernae

302 4264 370 4314 non
389 4249 479 4332 sunt,
506 4244 587 4314 item
616 4242 803 4331 hortulani,
831 4242 914 4312 item
934 4241 1167 4315 molendinum
1200 4248 1256 4313 est
1290 4241 1339 4315 ibi
1371 4243 1406 4313 in
1437 4242 1576 4317 flumine
1607 4241 1790 4333 Gaieba,
1817 4249 1854 4315 et

302 4363 407 4435 solvit
432 4385 496 4453 pro
523 4385 638 4439 ceusu-
656 4385 716 4436 sex
743 4384 895 4452 marcae,
932 4364 1014 4435 item
1041 4363 1221 4454 praedium
1258 4363 1458 4435 coenobiale
1493 4370 1548 4435 est
1575 4365 1642 4454 ibi,
1680 4363 1723 4436 de
1755 4365 1852 4437 cuius
1965 4348 1967 4350 V

301 4487 395 4574 agris
421 4487 668 4563 monasterium
695 4486 790 4557 tellit
813 4485 982 4557 decimam
1010 4484 1270 4574 manipularem.
1296 4485 1384 4556 Item
1411 4505 1530 4557 omnes
1556 4487 1633 4575 egri
1660 4487 1762 4559 villae
1783 4485 1852 4559 sel-

303 4613 388 4686 vuut
414 4613 451 4679 et
477 4608 672 4680 conducunt
699 4607 868 4678 decimam¹
893 4606 1142 4694 manipularem
1161 4612 1197 4677 et
1215 4605 1414 4695 canapalem
1441 4627 1504 4695 pro
1523 4609 1734 4680 monasterio
1752 4607 1852 4698 Mye-

302 4729 488 4819 cbovieusi,
515 4736 552 4800 et
578 4730 675 4801 valer
701 4731 776 4799 eius
803 4729 1008 4799 aestiuratur
1034 4728 1079 4798 ad
1106 4728 1193 4799 duas
1220 4748 1364 4799 mareas
1399 4727 1560 4799 Confluat
1585 4749 1662 4800 eum
1690 4729 1854 4803 Bisku·
1994 4776 1996 4780 ι

303 4851 452 4940 picze,
480 4850 721 4940 Myechow,
740 4850 966 4939 Lgethlra.
990 4849 1358 4920 Douatamonasterio
1377 4848 1673 4938 perlakszam
1699 4821 1853 4923 militem.

405 4947 588 5044 Guornuu
615 4971 803 5060 lassatos,
830 4971 915 5044 villa
932 4971 996 5041 sub
1015 4971 1251 5059 parocbiade
1269 4969 1518 5071 Superiori
1545 4970 1748 5063 Obotlya
1775 4973 1852 5062 sita,

302 5095 398 5164 euius
425 5094 621 5184 proprietas
639 5093 684 5164 ad
703 5093 951 5164 monasterium
976 5090 1246 5182 Myecboviense
1274 5092 1480 5180 pertinebat
1507 5092 1547 5163 ln
1567 5100 1735 5183 quaeunt
1761 5094 1853 5167 lanei

225 5289 228 5293 .
302 5216 546 5305 cmetbenales,
572 5221 609 5284 et
635 5214 781 5304 quilibet
807 5213 912 5285 solvit
929 5266 1098 5303 .......
1127 5213 1210 5283 item
1237 5233 1313 5302 ova,
1353 5214 1436 5285 item
1462 5213 1585 5304 galles,
1611 5215 1695 5287 item
1722 5236 1853 5305 caseos,

302 5338 385 5409 item
412 5337 522 5426 labor,
550 5337 633 5407 item
653 5333 847 5430 qmwebara,
874 5336 958 5407 item
984 5356 1143 5430 eeezpep,
1159 5335 1242 5413 item
1276 5335 1433 5425 taberna,
1464 5335 1549 5406 item
1565 5335 1751 5425 hortulani,
1769 5337 1854 5407 item

302 5458 495 5548 praedium,
526 5458 610 5530 item
641 5457 883 5545 molendinum.
910 5456 997 5527 Item
1029 5477 1148 5527 omnes
1180 5456 1256 5545 agri
1287 5456 1391 5529 villae
1421 5456 1563 5535 solvunt
1593 5463 1630 5530 et
1661 5456 1856 5529 conducunt

301 5579 470 5661 decimam
496 5579 743 5667 manipularem
771 5585 807 5649 et
833 5578 1033 5684 canapalem
1060 5598 1123 5667 pro
1150 5578 1360 5649 monasterie
1388 5577 1663 5669 Myecboviensi,
1690 5586 1728 5650 et
1754 5579 1853 5651 valer

302 5702 377 5773 eius
404 5702 609 5772 aestimatur
635 5700 684 5770 ad-
698 5753 841 5771 ......
868 5720 1017 5770 marcas..
1039 5699 1177 5770 Douata
1203 5700 1414 5771 monasterio
1440 5721 1514 5789 per⁴
1531 5698 1853 5773 Suanthoslaum

303 5824 456 5912 militem,
487 5823 640 5893 alienata
670 5842 693 5892 a
721 5821 945 5910 monasterio,
972 5822 1040 5891 sita
1067 5821 1103 5889 in
1131 5820 1281 5892 dioecesi
1312 5818 1517 5920 Gueaneuei.
1531 5821 1735 5909 asseritur,
1762 5820 1853 5910 quod
1988 5898 1991 5905 ,

303 5944 428 6016 uillam.
448 5943 639 6033 praelatam
665 5964 756 6014 nune
782 5943 889 6014 habet
914 5943 950 6013 iu
977 5962 1041 6013 sua
1068 5941 1283 6032 proprietate
1302 5940 1504 6027 Staurislaus
1530 5943 1574 6014 de
1601 5942 1767 6030 Lubiu,
1794 5962 1854 6030 pa-

302 6066 432 6136 latinus
458 6065 623 6137 Podoliae
650 6065 777 6137 nobilis
803 6063 847 6135 de
873 6064 975 6136 domo
996 6064 1227 6154 ‚Pewalya
1347 6099 1353 6107 ·
1813 6134 1818 6140 .

406 6187 589 6258 Gnoreuu
616 6206 806 6274 surnaroa,
833 6185 918 6256 villa
933 6187 1066 6257 habeus
1093 6186 1323 6274 parochialem
1351 6185 1530 6256 ecelesiam
1548 6184 1696 6255 Sanctae
1718 6182 1852 6259 Mariae

265 6392 280 6403 ..
301 6309 453 6383 dicatam
480 6310 516 6378 in
538 6329 591 6395 se,
617 6308 715 6379 euius
741 6307 937 6398 proprietas
963 6306 1008 6377 ad
1035 6307 1282 6376 monasterium
1308 6305 1578 6395 Myecbouiense
1606 6306 1768 6394 pertinet.
1812 6306 1853 6381 Iu

274 6416 276 6421 ’
302 6453 370 6522 qua
397 6436 478 6501 sunt
504 6431 597 6501 lanei
623 6429 865 6517 cmetbenales,
893 6434 941 6499 et.
956 6428 1102 6517 quilibet
1120 6426 1224 6497 solvit
1243 6480 1380 6516 ......
1407 6426 1491 6497 item
1518 6447 1593 6516 ova,
1620 6427 1703 6496 item
1726 6427 1855 6519 gallos,
