4217 8059
304 1482 374 1555 res
400 1434 402 1441 ’

302 1692 387 1763 nulli
427 1689 529 1761 alteri
569 1689 636 1759 uisi
675 1688 879 1765 dioecesano
920 1686 1164 1775 cracoviensi,
1215 1685 1270 1759 vel
1309 1686 1384 1758 eius
1424 1686 1629 1758 dioecesano
1668 1684 1854 1773 collectori,

306 1812 404 1883 iuxta
429 1817 582 1881 veterem
610 1816 727 1879 taxum
755 1809 890 1881 solvere
917 1816 1114 1896 teneantur,
1141 1806 1245 1879 etad
1271 1807 1468 1879 huiusmodi
1494 1806 1700 1879 solutionem
1726 1805 1855 1877 facien·

301 1932 390 2021 dam,
417 1932 491 2021 ipse
518 1930 739 2020 praepositus
769 1936 806 2005 et
833 1936 1022 2001 conventus
1049 1928 1299 2001 Mstboviensis
1325 1948 1389 2019 pro
1407 1948 1445 1999 se
1472 1936 1653 1999 eteorum
1680 1946 1856 2000 successo-

300 2053 416 2140 ribus,
452 2052 497 2123 ad
523 2056 603 2121 acta
624 2028 738 2141 ipsius
766 2049 897 2121 domini
924 2050 1078 2141 episcopi
1095 2047 1344 2121 cracoviensis
1370 2056 1432 2121 aut
1458 2048 1533 2121 eius
1566 2046 1724 2120 officialis
1749 2068 1855 2139 gene-

300 2171 394 2259 ralis,
421 2190 458 2241 se
477 2171 582 2259 etiam¹
600 2168 799 2257 inscribent,
829 2170 894 2241 sub
914 2170 1070 2242 censuris
1087 2168 1339 2257 ecclesiasticis,
1366 2190 1429 2259 per
1452 2168 1627 2240 dominum
1654 2168 1853 2259 episcopum

301 2300 363 2364 aut
389 2290 571 2364 officialem
598 2312 697 2361 suum
724 2289 886 2380 ferendis,
914 2291 1099 2362 caritativo
1126 2296 1243 2361 tamen
1269 2289 1425 2363 subsidio
1451 2310 1515 2379 per
1542 2290 1737 2361 ordinarios
1761 2286 1854 2361 cne-

301 2432 460 2485 znensem
482 2402 525 2483 ¹et
552 2410 816 2484 Oracoviensem
842 2411 1058 2501 inponendo,
1084 2410 1256 2483 duntaxat
1290 2418 1444 2500 excepto.
1479 2410 1578 2499 Quod
1609 2410 1638 2481 si
1666 2410 1852 2499 aliquando

301 2533 514 2605 ordinarium
543 2528 780 2609 Gneznensem
810 2531 991 2605 universae
1028 2552 1112 2603 suae
1138 2532 1288 2604 dioecesi
1314 2528 1513 2603 Gneznensi
1540 2532 1715 2622 imponere
1743 2529 1854 2603 conti·

299 2656 401 2745 gerit,
428 2654 472 2725 ad
499 2654 706 2726 solutionem
733 2652 929 2725 huiusmodi
956 2652 1104 2725 subsidii
1129 2674 1193 2743 pro
1211 2653 1358 2725 ecclesia
1385 2650 1590 2742 Gneznensi,
1617 2653 1852 2743 praepositum

301 2781 338 2845 et
364 2774 612 2847 monasterium
638 2774 878 2846 Mathoviense
905 2774 1043 2846 nonnisi
1070 2794 1134 2864 pro
1152 2773 1338 2847 medietate
1360 2778 1464 2845 tarrae
1491 2794 1580 2846 suae.
1602 2774 1759 2845 volumus
1776 2792 1853 2845 esse

301 2896 488 2967 obnoxium
524 2901 560 2965 et
587 2894 795 2985 obligatum,
831 2900 867 2965 et
893 2893 1129 2983 puriiormiter
1166 2893 1301 2983 quoties
1337 2893 1552 2995 ordinarium
1588 2892 1852 2965 Cracoviensem

300 3015 483 3091 universae
519 3036 601 3087 suae
640 3015 790 3088 dioecesi
826 3013 1048 3088 Oracoviensi
1083 3012 1305 3087 caritativum
1340 3014 1531 3087 subsidium
1569 3016 1745 3105 imponere
1772 3034 1852 3086 con-

299 3137 428 3227 tigerit,
456 3136 500 3207 ad
528 3122 733 3213 solutionem
769 3126 967 3237 huiusmodi
1002 3134 1150 3215 subsidii
1175 3155 1239 3226 pro
1266 3135 1412 3207 ecclesia
1438 3134 1679 3225 cracoviensi,
1706 3155 1852 3226 praepo·

301 3258 404 3329 situm
434 3263 470 3327 et
496 3256 743 3328 monasterium
771 3256 1010 3329 Msthoviense
1037 3258 1177 3328 nonnisi
1203 3276 1267 3348 pro
1294 3256 1406 3329 altera
1432 3255 1617 3327 medietate
1643 3264 1747 3327 tanae
1769 3276 1852 3327 suae

299 3378 404 3450 etiam
432 3377 590 3449 volumus
616 3396 694 3449 esse
721 3377 920 3467 obligatum.
949 3375 1048 3467 Quod
1075 3378 1105 3449 si
1132 3376 1308 3467 praefatos
1343 3377 1500 3449 dominos
1536 3377 1731 3449 ordinarios
1758 3373 1852 3448 cne-

300 3512 460 3569 znensem
500 3505 537 3569 et
564 3496 827 3570 Gracoviensem
865 3498 900 3569 in
937 3498 1158 3589 impositione
1190 3497 1390 3571 huiusmodi
1425 3498 1600 3570 caritativi
1634 3496 1780 3569 subsidii
1815 3496 1851 3567 iu

300 3620 390 3691 idem
410 3626 546 3707 tompus
566 3618 987 3709 concurrere-contigerit,
1014 3639 1058 3690 ex
1076 3625 1160 3689 tunc
1177 3619 1396 3709 praepositus
1423 3639 1500 3691 cum
1527 3626 1699 3691 conventu
1717 3616 1853 3689 Matho-

300 3740 412 3811 viensi
440 3759 503 3828 pro
531 3758 599 3810 una
622 3738 811 3811 medietate
837 3746 941 3811 taxae
967 3760 1050 3811 suae
1078 3740 1206 3811 veteris
1234 3736 1447 3827 Gneznensi,
1474 3746 1510 3809 et
1536 3761 1601 3829 pro
1628 3739 1698 3811 alia
1724 3739 1852 3810 medie·

299 3866 372 3931 tate
408 3857 630 3930 Gracoviensi
665 3858 814 3931 dominis
851 3859 1036 3931 ordinariis
1073 3859 1308 3950 respondebit.
1352 3859 1409 3930 Ad
1436 3860 1533 3931 cuius
1568 3860 1673 3931 etiam
1706 3858 1852 3931 subsidii

301 3979 519 4067 solutionem,
538 3978 758 4067 praepositus
777 3986 813 4050 et
831 3987 1021 4052 conventus
1038 3978 1292 4052 Msthoviensis
1309 3980 1519 4069 monasterii,
1532 4001 1606 4070 -pro
1625 4002 1661 4051 se
1680 3986 1851 4051 eteorum

300 4100 575 4187 successoribus,
612 4098 709 4170 iuxta
744 4101 970 4188 praemissum
1007 4120 1138 4173 morem
1165 4122 1203 4173 se
1229 4101 1431 4173 inscribent
1476 4100 1561 4173 item
1598 4101 1780 4189 delinimus
1806 4108 1852 4171 'et
1922 4144 1930 4157 ·

301 4220 522 4309 arbitramur,
551 4218 643 4309 quod
670 4218 896 4293 Nicolaus
923 4222 1143 4313 praepositus
1169 4242 1246 4293 cnm
1265 4228 1437 4294 conventu
1456 4220 1707 4293 Msthoviensis
1734 4232 1851 4293 mona-

301 4342 418 4431 sterii,
454 4340 663 4431 praemissas
699 4340 942 4431 inscriptiones
970 4350 1007 4414 et
1033 4343 1280 4415 submissiones
1307 4343 1342 4415 in
1370 4338 1506 4415 actibus
1541 4343 1670 4416 domini
1698 4343 1849 4431 episcopi

301 4462 539 4536 cracoviensis
576 4470 638 4533 aot
665 4462 719 4532 sui
746 4460 903 4533 officialis
937 4464 1111 4553 generalis
1146 4464 1260 4537 facere
1295 4464 1440 4553 debent,
1475 4463 1566 4536 iufra
1602 4465 1682 4535 hinc
1717 4462 1761 4534 ed
1788 4482 1849 4534 ser

301 4606 445 4658 menses.
489 4582 576 4656 ltenr
604 4582 786 4656 definimus
813 4589 850 4654 et
875 4582 1106 4675 arbitramur,
1141 4586 1234 4677 quod
1271 4584 1496 4661 Nicolaus
1532 4586 1752 4677 praepositus
1787 4604 1851 4676 pro

299 4712 466 4797 tempore,
493 4711 530 4777 et
556 4712 744 4777 conventus
759 4696 1021 4776 ‘Msthoviensis
1056 4704 1235 4777 denarium
1261 4705 1382 4779 Sancti
1407 4706 1506 4781 Petri
1536 4708 1578 4779 de
1606 4705 1753 4778 ecclesia
1778 4705 1851 4776 sire

301 4827 510 4899 monasterio
546 4824 780 4896 Muthoviensi
816 4823 994 4897 collectori
1029 4832 1092 4896 aut
1126 4826 1366 4901 succollectori
1400 4828 1603 4919 Apostolico
1638 4828 1674 4899 in
1701 4826 1851 4900 dioecesi

302 4946 531 5019 cracoviensi·
558 4945 748 5017 constituto
786 4944 840 5015 vel
867 4945 1129 5035 constituendo,
1164 4956 1436 5035 repraesentant.
1480 4950 1568 5021 Item
1603 4948 1785 5021 definimus
1816 4954 1852 5035 et

301 5069 565 5158 pronuntiamus
592 5075 628 5137 et
655 5066 865 5141 arbitramur
892 5073 929 5137 et
955 5066 1182 5157 decernimus,
1209 5088 1327 5141 omnes
1354 5070 1434 5143 lites
1461 5078 1497 5143 et
1524 5072 1759 5163 quaestiones,
1785 5068 1850 5141 dil-

299 5188 475 5275 ferentias,
503 5206 676 5274 rancores,
704 5186 784 5259 odia
810 5194 847 5258 et
873 5186 1121 5277 displicentias,
1149 5188 1406 5279 quomodolibet
1433 5192 1527 5264 intra
1548 5190 1724 5283 praefatos
1751 5210 1849 5262 reve-

302 5308 527 5381 rendissimos
563 5306 758 5397 praesules,
794 5288 951 5380 dominos
986 5306 1009 5381 J
1018 5310 1243 5381 ohannem
1277 5309 1574 5404 archiepiscopum
1608 5321 1645 5383 et
1671 5311 1850 5383 ecclesiam

302 5428 549 5518 cneznensem,
569 5426 704 5500 Thorn
715 5448 779 5500 am
797 5428 997 5519 episcopum
1015 5438 1051 5501 et
1068 5430 1248 5506 ecclesiam
1266 5428 1530 5505 cracoviensem
1548 5426 1587 5503 et'
1610 5431 1850 5515 Nicolaum

300 5551 536 5641 praepositum
577 5570 618 5621 ac
654 5556 862 5621 conventum
900 5550 1102 5622 monasterii
1141 5548 1397 5629 ldstboviensis¹
1430 5540 1645 5625 Gneznensis
1684 5554 1851 5627 dioecesis

300 5681 450 5759 exortas
478 5681 513 5744 et
541 5692 655 5743 coram
683 5672 954 5765 quibuscumque
981 5671 1152 5745 iudicibus
1170 5674 1295 5744 tamin
1314 5672 1593 5763 Romanaeuria,
1621 5696 1721 5763 quam
1739 5684 1849 5762 extra,

301 5796 480 5867 occasione
517 5793 712 5864 huiusmodi
748 5794 1017 5882 iurisdictionis,
1054 5793 1290 5883 obedientiae,
1317 5795 1542 5867 subiectionis
1570 5802 1605 5865 et
1632 5798 1851 5869 reverentiae

302 5916 492 6005 pendentes
529 5914 716 6002 indecisas,
752 5914 937 6003 sopiendas
964 5914 1277 6005 etextingvendas
1303 5935 1396 6005 esse,
1421 5937 1462 5986 ac
1489 5917 1644 6004 sopimus
1672 5936 1714 5987 ac
1738 5918 1851 5988 extin-

299 6039 444 6129 gvimus.
471 6034 557 6107 Item
586 6034 775 6124 delinimus,
802 6036 1014 6107 arbitramur
1040 6044 1077 6107 et
1098 6036 1325 6125 decernimus,
1352 6038 1442 6107 hanc
1460 6043 1616 6108 nostram
1643 6038 1849 6111 sententiam

300 6157 499 6230 arbitralem
536 6178 557 6227 a
593 6155 965 6247 praedictispartibus
992 6164 1171 6229 eteorum
1200 6156 1483 6245 procuratoribus
1510 6158 1628 6229 statim
1656 6158 1852 6249 emologan-

301 6278 396 6365 dnm,
423 6276 693 6367 suscipiendum,
720 6276 981 6368 approbandum
1009 6282 1045 6349 et
1070 6277 1323 6349 observendum
1351 6297 1446 6367 esse,
1472 6280 1537 6351 sub
1563 6300 1676 6369 poena
1701 6280 1853 6371 quinque

301 6397 445 6470 millium
480 6397 688 6471 florenorum
728 6398 765 6469 in
801 6399 1036 6489 conpromisso
1076 6396 1149 6469 lata
1179 6398 1272 6487 parti
1306 6400 1457 6491 tenenti,
1496 6405 1533 6471 et
1566 6400 1656 6473 banc
1695 6408 1851 6475 nostrum
