4217 8059
424 1694 766 1782 Kazrssnourcza,
806 1692 889 1763 nilla
924 1686 1001 1764 sub'
1021 1690 1185 1783 parocbia
1223 1691 1390 1763 ecclesiae
1414 1684 1468 1761 'de
1502 1688 1855 1779 Scbeprawicae

311 1816 389 1904 sita
416 1816 512 1887 cuius
538 1815 734 1904 proprietas
760 1818 797 1884 et
823 1813 1009 1884 dominium
1046 1833 1088 1883 ex
1115 1814 1253 1902 integro
1280 1812 1325 1882 ad
1351 1811 1586 1901 praepositum
1622 1814 1658 1880 et
1684 1815 1856 1882 monaste·
2002 1798 2027 1829 ‘³

311 1936 399 2006 mum
427 1934 592 2024 Corporis
619 1933 749 2005 Christi
776 1926 937 2024 pertinet.
981 1934 1086 2015 Hanc¹
1107 1932 1223 2005 villain¹
1259 1932 1490 2005 Derslaua
1524 1929 1568 2003 de
1602 1930 1856 2022 Boraynon

311 2055 528 2125 decretorum
555 2055 688 2143 doctor,
715 2055 978 2127 archidiaconus
1005 2061 1040 2125 et
1066 2055 1251 2125 eanonicus
1268 2052 1518 2142 Gracomcmis,
1544 2051 1671 2125 nobilis
1688 2051 1732 2122 de
1750 2054 1856 2123 armis

309 2181 346 2246 et
371 2174 510 2263 familia,
537 2176 597 2266 qui
625 2176 866 2247 senominant
891 2174 1153 2266 Koppacze,
1181 2174 1428 2261 monasterium
1446 2170 1696 2264 praelatum'ln
1712 2172 1857 2245 occidua

310 2303 425 2367 aetate
461 2298 696 2387 ingressurus,
732 2318 796 2387 pro
837 2297 992 2386 praefato
1029 2297 1257 2383 monasterio,
1293 2302 1330 2367 et
1356 2316 1430 2384 pro·
1456 2294 1686 2385 septingentis
1720 2295 1856 2385 marcis,

310 2438 397 2508 quas
424 2438 465 2488 er
493 2416 669 2490 beneficiis
696 2418 768 2489 suis
796 2419 993 2508 collegerat,
1019 2418 1112 2508 apud
1140 2416 1493 2507 Wyerinkonem
1521 2414 1662 2487 militem
1689 2415 1734 2487 dc
1750 2417 1857 2489 armis

309 2537 332 2608 J
342 2538 480 2609 anina
506 2559 596 2610 auno
623 2538 762 2609 Domini
786 2539 891 2610 -1450
918 2539 1062 2627 coemit,
1090 2545 1126 2608 et
1152 2544 1232 2628 post
1257 2538 1462 2627 ingressum,
1488 2554 1580 2608 anno
1605 2556 1675 2608 uno
1699 2556 1779 2608 curn
1804 2534 1857 2607 di-

310 2659 415 2729 midio
444 2659 582 2748 vivens,
622 2666 721 2749 peste
747 2660 938 2751 epidemiae
973 2664 1088 2731 tactus
1114 2659 1221 2729 vitam
1257 2658 1399 2747 finiens,
1440 2659 1475 2729 in
1503 2658 1624 2729 eadem
1650 2657 1795 2729 ecclesia
1821 2662 1857 2728 et

311 2781 520 2851 monasterio
546 2781 743 2871 requiescit.
787 2781 827 2851 ln
855 2798 930 2870 qua·
959 2781 1041 2851 villa
1075 2786 1158 2855 sunt
1183 2780 1329 2869 triginta
1362 2779 1466 2851 lanei.
1482 2778 1735 2867 cmetbonales3
1773 2779 1857 2850 item

310 2902 510 2972 emetbones
536 2922 604 2973 non
631 2902 794 2973 laborant
830 2901 965 2991 aliquos
992 2901 1129 2971 diesin
1156 2900 1367 2993 septimana,
1399 2900 1511 2972 solum
1538 2900 1583 2971 ad
1609 2898 1856 2971 conducturum
1998 2896 2004 2903 '

298 3021 473 3093 'roborum
510 3043 573 3112 pro
600 3022 766 3094 aedificiis
801 3023 918 3093 curiae
946 3026 982 3093 et
1007 3021 1195 3093 molendini
1230 3026 1404 3093 murentur.
1448 3022 1537 3093 Item
1564 3021 1600 3091 in
1627 3020 1748 3092 eadem
1774 3021 1858 3092 rrlla

309 3148 364 3212 est
390 3143 537 3213 taberna
562 3143 694 3215 babens
722 3158 835 3233 agros,
863 3163 951 3232 quae
979 3163 1042 3233 pro
1071 3156 1186 3213 annuo
1211 3140 1449 3213 censu'aolrit
1473 3142 1685 3225 monasterio
1706 3149 1857 3241 quatuor

309 3283 452 3353 marcas,
480 3264 562 3335 item
575 3356 577 3363 Ι
591 3268 645 3335 est
670 3284 739 3335 una
765 3265 966 3337 bortulania
992 3266 1124 3337 babens
1151 3284 1275 3355 agros,
1310 3284 1400 3354 quae
1426 3284 1490 3354 pro
1516 3284 1632 3335 annno
1657 3282 1763 3335 cerssu
1789 3265 1857 3367 sol-

308 3385 359 3455 vit
377 3439 518 3455 ......
558 3385 646 3457 ltem
674 3406 792 3457 omnes
819 3386 894 3476 agri
922 3387 1166 3474 cmetbonales,
1192 3385 1427 3469 tabernatoris¹
1454 3388 1491 3456 et
1509 3384 1691 3457 -bortulani
1717 3384 1858 3457 solvunt

309 3505 476 3576 decimam
515 3506 765 3594 manipularem
792 3506 1027 3595 'praebendae
1063 3505 1303 3596 Oracoqensi,
1344 3524 1439 3596 quae·
1472 3511 1617 3577 vocatur
1652 3504 1857 3578 &nomba

172 3655 180 3670 ·
310 3624 439 3697 Verum
459 3626 541 3717 quia
566 3624 724 3721 praefata
749 3627 834 3698 villa
860 3627 895 3697 in
923 3627 1097 3698 montanis
1123 3627 1191 3697 sita
1217 3624 1291 3717 est,
1307 3628 1439 3699 babens
1464 3647 1569 3718 agros
1596 3626 1733 3698 steriles
1759 3634 1797 3697 et
1820 3628 1856 3699 in

308 3747 426 3837 plures
452 3748 583 3838 species
610 3748 728 3818 laneos
756 3747 1016 3838 diversificatos,
1044 3754 1092 3819 et·
1108 3748 1241 3820 incolae
1259 3748 1361 3819 villae
1388 3746 1566 3838 praefatae
1592 3749 1757 3821 maiorem
1775 3768 1858 3840 ope·

308 3888 382 3939 rarn
410 3868 495 3960 dant
520 3868 707 3967 carbonum
734 3870 917 3958 exustioni,
943 3890 1046 3959 quam
1073 3868 1323 3945 frumentorum
1351 3870 1494 3959 sationi,
1521 3870 1684 3961 quocirca
1709 3890 1752 3942 ex
1777 3891 1857 3961 per·

309 3988 471 4061 missione
498 3996 534 4059 et
559 3989 967 4061 licentia'canonicorum
996 3990 1215 4081 praebendae
1241 3990 1435 4081 praefatae,
1461 3992 1567 4063 soluit
1592 3992 1676 4063 uilla
1701 3992 1858 4083 praelata

307 4129 371 4199 pro
399 4110 532 4181 decima
560 4112 593 4180 in
622 4112 714 4183 omni
742 4131 824 4182 casu
850 4111 950 4181 annis
977 4112 1132 4202 singuiis,
1159 4110 1340 4202 profesto
1366 4112 1483 4184 Sancti
1500 4112 1666 4202 -Martini,
1692 4114 1857 4185 canonico

307 4250 371 4321 pro
398 4238 573 4322 tempore,
613 4251 673 4303 ser
702 4252 835 4303 marcas
863 4251 938 4303 cum
967 4232 1118 4304 dimidia
1163 4233 1251 4305 ltem
1278 4238 1334 4305 est
1359 4232 1456 4305 curia
1482 4234 1694 4306 coenobialis
1724 4235 1857 4307 babens

307 4372 411 4442 agros
437 4352 642 4443 praedialis,
670 4353 712 4425 de
740 4374 885 4442 quorum
912 4332 1093 4444 aliquibus
1113 4354 1263 4426 soluitur
1297 4355 1430 4427 decima
1456 4355 1684 4445 manipularis
1701 4356 1857 4444 plebano

307 4480 344 4544 a
369 4474 535 4545 missiae
560 4474 597 4544 n
624 4474 878 4565 scuepraw.
922 4475 1009 4546 uem
1037 4476 1073 4545 n
1100 4476 1221 4547 eunom
1257 4476 1341 4547 vna
1374 4481 1430 4547 est
1456 4476 1689 4555 normanum
1724 4477 1857 4548 nauem
1897 4452 1906 4461 '

306 4594 443 4667 bortum
472 4595 563 4687 quod
590 4596 695 4667 soluit
721 4615 785 4685 pro
813 4585 1023 4667 monasterio
1050 4592 1145 4667 duaa
1164 4608 1332 4667 marcas'

410 4716 719 4806 Rauscuornnnu,
747 4716 829 4787 nilla
856 4718 920 4787 sub
947 4718 1113 4806 parocbia
1140 4706 1306 4789 ecclesiae
1333 4717 1376 4788 de
1403 4717 1754 4808 Podstbolycae
1780 4720 1857 4807 sita,

306 4838 403 4907 cuius
430 4838 627 4926 proprietas
654 4842 690 4908 et
712 4837 903 4909 dominium
931 4837 975 4906 ad
994 4840 1229 4927 praepositum
1259 4844 1295 4909 et
1322 4839 1523 4911 coenobium
1552 4840 1755 4910 monasterii
1772 4838 1857 4912 (lor-

306 4958 400 5047 poris
428 4956 559 5029 Christi
588 4958 749 5047 pertinet
777 4978 865 5048 quae
892 4958 1103 5030 monasterio
1124 4959 1259 5031 'donata
1285 4966 1340 5031 est
1366 4979 1430 5050 per
1447 4960 1634 5051 Hedrigim
1661 4968 1855 5032 consortem

305 5077 466 5168 Procopii
493 5077 796 5169 Pyanyaszek
833 5079 1170 5172 Kruszlowsky
1204 5086 1241 5151 et
1278 5081 1493 5153 luntbam
1519 5076 1772 5166 iratrem'eius.
1816 5082 1856 5152 ln

306 5216 373 5289 qua
399 5205 481 5269 sunt
508 5218 568 5269 sex
595 5200 685 5270 lanei
713 5200 956 5291 emethonales,
984 5208 1021 5272 et
1047 5200 1194 5293 quilibet
1219 5223 1283 5293 pro
1302 5176 1408 5274 censu
1434 5223 1549 5275 annuo
1576 5203 1681 5275 solvit
1708 5203 1856 5274 sedecim

305 5324 436 5393 scottos
464 5321 654 5391 communis
681 5324 866 5411 pecuniae3
907 5322 988 5394 item
1017 5327 1092 5395 tres
1118 5324 1357 5413 hortulaniae,
1394 5344 1482 5415 quae
1506 5324 1639 5395 babent
1664 5344 1785 5414 agros,
1820 5331 1857 5395 et

306 5442 481 5532 quaelibet
506 5442 611 5513 solvit
637 5462 741 5513 unum
768 5442 947 5534 fertonem,
974 5451 1010 5515 et
1036 5466 1143 5515 uuum
1171 5445 1263 5516 diem
1290 5446 1325 5515 in
1353 5445 1545 5536 septimana
1571 5446 1735 5536 pedester
1760 5447 1856 5518 labo·

304 5569 370 5633 rat.
414 5564 501 5635 Item
528 5569 583 5635 est
609 5564 658 5634 ibi
684 5584 754 5635 una
788 5564 955 5655 taberna,
991 5542 1124 5637 babens
1159 5586 1281 5657 agros,
1318 5586 1407 5658 quae
1433 5567 1540 5638 solvit
1574 5568 1743 5639 menobio
1770 5567 1856 5639 duas
1970 5578 1973 5583 ’

304 5704 445 5756 marcas.
489 5685 576 5755 Item
604 5686 749 5774 quilibet
775 5686 922 5757 cmetbo·
946 5686 989 5757 de
1015 5687 1117 5758 laneo
1152 5687 1289 5760 laborat
1324 5672 1430 5761 unum
1457 5687 1548 5759 diem
1583 5688 1619 5758 in
1646 5688 1853 5779 septimana,

303 5824 368 5896 per
391 5810 503 5876 totum
532 5827 676 5895 annum,
717 5807 860 5898 proprio
887 5827 992 5878 curru
1019 5814 1080 5879 aut
1108 5813 1237 5880 aratro.
1263 5810 1349 5881 ltem
1378 5810 1542 5881 ducturas
1568 5809 1701 5881 ddunt
1727 5810 1772 5881 ad
1799 5830 1855 5880 re-

303 5927 433 5998 tionem
462 5927 594 5998 dierum
623 5927 658 5997 in
686 5928 880 6018 septimana
906 5928 1120 6019 debitorum,
1156 5932 1239 6003 item
1267 5931 1414 6022 quilibet
1440 5931 1484 6001 de
1510 5931 1743 6004 laneosolvit
1768 5931 1855 6002 duos

259 6048 422 6181 ὅρμος,
451 6048 538 6120 duos
565 6056 695 6139 caseos,
723 6054 758 6120 et
784 6049 930 6140 triginta
958 6070 1041 6140 ova3
1081 6053 1164 6125 item
1191 6056 1247 6124 est
1271 6052 1451 6142 praedium
1479 6054 1689 6143 coenobiale,
1715 6053 1759 6124 de
1787 6074 1854 6143 quo

289 6164 433 6245 aalma
460 6171 684 6261 manipularis
711 6190 774 6263 pro
802 6172 924 6245 maiori
949 6178 1049 6264 parte
1068 6174 1218 6245 solvitur
1233 6174 1384 6245 noemae
1410 6181 1601 6264 perpetuae
1617 6172 1853 6262 Gracoviensi‚

304 6300 391 6379 quae
418 6292 569 6380 pertinet
674 6292 910 6385 praebendam
935 6292 1198 6367 bremetensem
1236 6300 1392 6366 vocatam
1425 6295 1686 6387 Sczytniczska,
1721 6294 1766 6366 de
1791 6296 1855 6366 ali·

302 6388 428 6501 dubus
470 6433 552 6484 vero
711 6408 957 6525 'praedialibus
996 6414 1132 6487 decima
1164 6415 1393 6507 manipularis
1433 6418 1597 6537 spiritam·
1616 6416 1782 6491 adauct
1817 6422 1854 6489 ct
1906 6515 1908 6519 y
