4217 8059
107 1470 190 1543 '0'
293 1468 366 1539 456

149 1686 152 1695 ·
291 1671 333 1741 de
361 1671 550 1761 praedictis
576 1670 710 1744 dnobus
736 1673 889 1762 praediis
916 1672 1064 1757 soluitur
1090 1673 1224 1745 decima
1248 1673 1474 1763 manipularis
1500 1672 1679 1775 cantoriae
1704 1670 1843 1749 Sando-

291 1789 463 1877 mirienai,
501 1812 568 1863 non
595 1796 759 1863 tenentur
793 1800 908 1863 tamen
944 1792 1196 1865 adducturam
1232 1792 1411 1883 praefatae
1447 1792 1618 1881 decimae,
1654 1812 1766 1882 neque
1787 1790 1843 1873 ιι

291 1909 496 1983 solutionem
523 1912 676 1985 decimae
702 1914 885 2002 canapalis.

394 2012 692 2121 Sonucuonzow,
727 2033 812 2104 uilla
838 2033 903 2104 sub
930 2034 1095 2123 parocbia
1120 2054 1180 2104 ecc
1232 2033 1285 2103 iae
1313 2033 1355 2103 de
1382 2032 1508 2103 Sancto
1535 2030 1645 2103 Panlo
1670 2032 1749 2119 sita,
1775 2032 1842 2103 ba·

290 2151 374 2221 bens
401 2172 525 2222 novem
551 2151 668 2223 laneos
697 2154 932 2225 cmetbonales
959 2154 1018 2243 qui
1046 2152 1161 2242 quond
1255 2158 1355 2223 erant
1381 2152 1501 2225 civiies
1528 2152 1679 2223 ciuitatis
1705 2151 1843 2223 Sando-

289 2270 461 2344 mirienais
497 2271 598 2369 liberi
635 2295 656 2343 a
692 2274 847 2362 qualibet
881 2272 1111 2363 expeditione
1156 2271 1256 2343 thc
1291 2273 1409 2344 villam
1448 2228 1558 2343 ii'iter
1596 2270 1842 2343 Johannes

290 2388 517 2464 Advocati
544 2392 677 2465 ordinis
703 2393 981 2483 praedicatorum
1009 2393 1233 2483 provincialis
1260 2393 1434 2481 Poloniae,
1461 2414 1525 2483 pro
1602 2393 1750 2482 ngentis
1776 2392 1842 2463 do-

261 2486 263 2491 ’
289 2511 383 2583 renis
408 2512 691 2623 hungarinalibus
717 2514 810 2602 emit,
837 2476 1036 2603 aissmonast
1021 2514 1110 2584 terio
1137 2514 1255 2585 Sancti
1280 2512 1405 2587 Jacobi
1426 2414 1676 2713 ιιιιιορἰι1
1700 2510 1742 2611 In
1769 2502 1844 2603 qn'a

289 2630 395 2703 etiam
422 2636 503 2703 sunt
529 2632 607 2705 duo
624 2630 716 2705 lanei
744 2634 947 2724 praedictas,
974 2654 1093 2706 omncs
1120 2639 1235 2704 tamen
1263 2634 1338 2725 agri
1364 2634 1469 2705 locai
1441 2640 1561 2705 taun
1674 2654 1720 2705 ua
1746 2633 1843 2705 ioca·

288 2751 394 2840 tione,
421 2756 458 2823 et
484 2754 589 2825 solvit
615 2754 762 2843 quilibet
788 2775 889 2826 unam
917 2775 1079 2843 marcam,
1105 2761 1142 2825 et
1169 2775 1237 2825 non
1263 2752 1394 2825 iaciunt
1420 2754 1555 2844 aliquos
1580 2754 1728 2843 labores,
1753 2754 1841 2825 item

289 2891 357 2945 non
384 2872 523 2945 solvunt
546 2874 666 2975 gallos,
693 2896 805 2965 nequo
831 2894 985 2946 avenam.
1029 2874 1116 2947 Item
1145 2872 1187 2945 de
1215 2875 1372 2945 omnibns
1399 2875 1512 2965 agris,
1538 2878 1714 2981 Ψ,
1637 2872 1810 2997 ιιιιιξιιιι,

289 2992 390 3083 libus,
417 3014 518 3084 quam
546 2994 781 3084 praediaiibus
807 2995 919 3067 dictae
946 2996 1006 3066 viil
1117 2995 1182 3067 lvit
1166 2999 1223 3065 tur
1251 2996 1382 3089 decima
1407 2994 1660 3086 manipularis
1689 2964 1797 3066 '⁷4³

289 3112 569 3187 Sandomiriensi.
595 3114 652 3187 Ad
678 3116 859 3188 ducturam
887 3122 948 3188 aut
932 3012 1129 3188 temffi¹
1126 3132 1200 3186 non
1220 3122 1342 3188 tenent
1344 3137 1395 3205 ur,
1422 3137 1532 3205 neque
1559 3112 1653 3186 ad
1630 3117 1772 3187 noemi
1792 3147 1832 3178 ιιι

290 3236 422 3324 canapi.
1678 3208 1688 3221 ⁸

395 3354 613 3428 molendina
642 3357 758 3429 duo
748 3378 784 3427 ιιι
812 3354 947 3427 vista
978 3355 1021 3427 ad
1048 3356 1296 3447 proprietatem
1325 3355 1440 3427 Sancti
1466 3354 1590 3427 Jacobi
1615 3356 1841 3445 pertinentia,

288 3474 323 3545 in
351 3475 476 3564 quibus
503 3483 539 3547 et
565 3476 690 3549 brasea
716 3484 752 3548 et
778 3478 878 3566 siligo
906 3476 1059 3548 ciuitatis
1077 3474 1367 3547 Sandomirienais
1393 3476 1621 3605 molebantur!
1647 3480 1683 3546 et
1699 3496 1744 3547 ex
1761 3475 1841 3565 qrri·

288 3595 353 3666 bns
393 3596 636 3669 monasterium
675 3618 800 3687 magna
835 3599 1068 3669 emolumenta
1102 3595 1325 3686 percipiebat
1353 3597 1397 3667 ab
1433 3554 1607 3686 anitiquis·-
1609 3584 1842 3707 prinffipibua

290 3714 455 3788 Poloniac
481 3716 592 3789 eidem
621 3718 830 3789 monasterio
866 3717 1015 3803 donata3
1049 3715 1119 3786 frat
1103 3721 1158 3786 tor
1185 3715 1343 3786 Andreas
1370 3716 1501 3789 etenim·
1523 3708 1744 3807 provincialis
1769 3714 1842 3787 Pn-

289 3835 420 3924 ioniae,
455 3854 512 3909 ex·
525 3838 615 3908 bono
651 3843 829 3927 respectu,
865 3844 903 3907 ιιι
929 3836 1073 3907 inferius
1109 3836 1361 3926 describemus,
1388 3858 1410 3907 a
1437 3834 1593 3926 praefato
1624 3836 1841 3909 monasterio

290 3955 445 4028 vendidit
471 3964 508 4027 et
534 3958 716 4047 alienavit,
752 3978 794 4028 ea
821 3962 935 4027 tamen
963 3956 1125 4028 libertate
1151 3962 1347 4046 reservata,
1382 3956 1474 4046 quod
1500 3944 1629 4028 fratrea
1654 3956 1841 4047 utriunque

289 4078 489 4148 monasterii
516 4078 805 4167 praedicatorum,
834 4077 994 4149 videlicet
1020 4074 1054 4147 S.
1080 4074 1203 4148 Jacobi
1231 4084 1267 4146 et
1294 4079 1425 4149 Beatae
1444 4076 1580 4148 Mariae
1599 4076 1842 4166 Magdalenae,
1953 4138 1966 4163 ,.

288 4217 357 4269 non
383 4202 548 4269 tenentur
573 4198 653 4271 dum
681 4196 815 4271 mol'unt
841 4198 983 4288 propria
1010 4197 1183 4267 frumenta
1210 4204 1270 4267 aut
1296 4198 1421 4269 brasea
1446 4199 1481 4268 in
1501 4196 1840 4269 Sandomiriensibus

288 4316 492 4391 molendinis
520 4319 564 4390 ad
591 4320 819 4391 redditionem
849 4338 1096 4390 mensurarum.
1266 4398 1271 4407 ¹

391 4438 478 4509 Item
506 4439 695 4521 notandum
721 4439 814 4531 quod
842 4438 1088 4512 monasterium
1117 4439 1232 4508 Sancti
1252 4437 1375 4509 iacobi
1403 4444 1558 4527 temporo
1586 4438 1746 4509 manituti
1750 4432 1841 4509 Tar

287 4565 460 4669 tarorum,
496 4560 775 4648 aliquotiest
708 4560 775 4631 init
801 4558 936 4632 desolat
920 4565 992 4630 tum
1029 4566 1065 4628 et
1091 4564 1269 4647 excretum,
1297 4565 1332 4628 et
1361 4558 1592 4648 quadraginta
1620 4580 1679 4629 sex
1706 4558 1841 4629 iratres

287 4677 419 4749 ordinie
453 4676 556 4749 Salve
585 4679 717 4769 Regina
752 4681 986 4767 decantantem
1014 4700 1035 4749 a
1063 4678 1219 4748 Tamaris
1254 4699 1318 4767 pro
1345 4702 1413 4749 uno
1440 4684 1597 4768 tempore
1615 4684 1660 4753 ct
1686 4698 1754 4748 una
1780 4678 1841 4750 die

287 4798 408 4885 occisi,
446 4800 609 4889 locusque
645 4800 704 4871 ilio
731 4801 897 4890 sangvine
933 4801 1002 4872 irat
987 4807 1077 4871 trum
1106 4806 1143 4870 et
1170 4799 1330 4870 aliorum
1353 4798 1504 4870 fidelium
1543 4782 1688 4871 adderis
1719 4803 1776 4869 est
1802 4806 1842 4869 et

288 4924 466 4989 sacratus.

829 5401 1300 5521 snpnonrmuuan

481 5636 786 5715 monasteriam
820 5631 1067 5713 secundum·
1089 5630 1250 5710 ordinis
1284 5628 1637 5733 praedicatorum,

286 5768 321 5838 in
349 5766 498 5837 dioecesi
527 5764 748 5839 Gracovienoi
774 5771 811 5836 et
837 5766 872 5834 in
900 5764 1011 5837 veteri
1039 5763 1166 5854 oppido
1190 5762 1461 5834 Sandomirienai
1488 5764 1581 5835 intra
1607 5782 1723 5867 muros
1750 5764 1843 5851 eiua,

286 5886 433 5959 Sanctae
451 5885 586 5957 Mariae
605 5886 832 5979 Magdalenae
851 5886 974 5957 honori
993 5886 1154 5976 dicatum,
1173 5887 1276 5956 situm
1296 5893 1359 5974 cat,
1378 5883 1469 5974 quod
1485 5882 1598 5953 trater
1625 5882 1870 5955 Andrecti⁸¹

148 6086 152 6094 ,
286 6007 492 6077 Rutheni
519 5996 741 6097 provincialis
760 6007 925 6080 Potoniae
953 6006 1084 6078 ordinis
1103 6005 1384 6078 Praedicatorum
1411 6009 1447 6075 et
1473 6003 1594 6101 quiin
1621 6004 1839 6077 monasterio

252 6127 402 6198 ,Sancti
429 6127 553 6199 Jacobi
580 6128 735 6217 sepultus
762 6127 959 6216 requiescit,
987 6148 1078 6197 anno
1105 6126 1244 6198 Domini
1264 6179 1378 6195 .....
1405 6122 1573 6213 fundauit,
1600 6128 1640 6194 ut
1665 6122 1841 6197 haberent

285 6247 411 6319 iratres
438 6247 569 6319 ordinis
596 6248 650 6318 sui
678 6247 720 6318 de
748 6247 958 6318 monasterio
985 6246 1105 6319 Sancti
1131 6247 1273 6335 Jacobi,
1299 6251 1456 6335 tempore
1482 6263 1694 6335 gwerrarum
1722 6241 1843 6315 diver·
1858 6292 1867 6319 -.

286 6368 447 6457 ticulum,
483 6369 517 6438 in
545 6390 613 6461 quo
640 6388 678 6439 se
713 6374 750 6439 et
776 6388 832 6440 res
864 6388 906 6438 ac
941 6366 1099 6439 clenodia
1133 6365 1335 6437 monasterii
1374 6368 1632 6437 conservarent.
1676 6360 1843 6435 Venditis
1882 6376 1887 6385 ·
