4217 8059
1436 1486 1532 1609 Ψ
1580 1560 1583 1567 -
1735 1511 1806 1601 rar

252 1723 470 1814 ducentium,
497 1725 682 1814 coenobia,
708 1723 860 1797 studium
886 1724 1019 1797 habens
1046 1742 1183 1815 semper
1203 1721 1353 1814 flagrans
1380 1729 1418 1795 et
1443 1721 1639 1813 incensum,
1667 1724 1808 1816 religio-

251 1867 329 1918 nem
365 1847 607 1919 canonicorum
642 1847 854 1937 regularium
871 1880 873 1885 ·
890 1842 1008 1918 Sancti
1045 1846 1232 1936 Augustini
1269 1847 1370 1918 valde
1404 1866 1543 1934 amans,
1582 1847 1679 1917 cuins
1716 1846 1807 1936 apud
1892 1938 1895 1943 ι

252 1966 396 2038 Parisiis
424 1968 459 2037 in
487 1967 604 2038 studio
631 1955 834 2057 consistens,
861 1965 1008 2040 dulcedo
1035 1969 1102 2040 sibi
1123 1962 1348 2057 increverat·
1362 1974 1404 2046 et,
1423 1969 1521 2041 cuius
1547 1968 1719 2057 habitum,
1747 1968 1807 2057 qni

252 2087 369 2160 Sancti
395 2088 551 2160 Victoris
587 2088 800 2179 appellatur,
836 2088 881 2159 ad
908 2095 1054 2161 mortem
1082 2088 1278 2177 deserebat,
1310 2089 1346 2159 in
1374 2089 1501 2179 oppido
1528 2108 1591 2161 suo
1605 2088 1807 2179 episcopali
1917 2108 1924 2121 ·

253 2209 461 2299 Methow,
488 2210 587 2281 iuxta
601 2208 744 2281 fluvium
763 2209 964 2299 Wartha,
992 2216 1029 2282 et
1046 2210 1082 2281 in
1101 2210 1251 2281 dioecesi
1269 2231 1333 2280 sua
1350 2210 1570 2280 Cracovieusi
1589 2212 1809 2298 consistente,
1938 2217 1939 2220 ’

252 2330 500 2403 monasterium
527 2331 771 2402 canonicorum
797 2331 1024 2421 regularium,
1039 2331 1115 2402 snb
1142 2330 1264 2420 regula
1298 2329 1414 2401 Sancti
1442 2329 1628 2420 Augustini
1656 2330 1809 2402 militan-

176 2497 178 2501 -
252 2452 358 2540 tium,
385 2458 519 2524 ettam
545 2453 849 2543 contemplativam
878 2451 1027 2540 Mariae,
1065 2471 1165 2540 qnam
1202 2452 1350 2522 activam
1378 2451 1509 2523 sororis
1536 2446 1808 2522 suae‘Marthae

254 2574 347 2643 vitas
374 2573 591 2661 ducentium,
607 2602 611 2609 ¹
627 2595 717 2645 anno
753 2574 892 2645 Domini
925 2574 1033 2645 1221.
1060 2574 1166 2663 erigit
1192 2578 1228 2644 et
1254 2571 1391 2661 hadal,
1417 2578 1454 2643 et
1480 2573 1573 2643 villis
1600 2593 1641 2643 ac
1668 2573 1810 2645 decimis

256 2713 403 2764 mensae
412 2695 618 2785 episcopalis
637 2695 754 2785 dotat,
785 2704 823 2766 et
838 2717 908 2785 quo
927 2695 1075 2785 amplior
1100 2695 1313 2767 monasterio
1332 2694 1488 2785 praefato
1516 2693 1579 2765 dos
1598 2694 1809 2784 proveniret,

253 2813 433 2885 ecclesiam
460 2815 696 2904 parochialem
719 2816 755 2886 in
781 2815 979 2889 Mstbovv
1005 2815 1049 2887 ad
1077 2806 1329 2905 provisionem,
1356 2814 1575 2886 collationem
1599 2822 1639 2917 et
1658 2813 1806 2905 disposi-

190 2958 198 2974 ·
253 2935 383 3005 tionem
410 2937 639 3026 episcopalem
667 2937 916 3026 pertinentem,
943 2956 1094 3008 crassam
1121 2937 1157 3008 in
1176 2937 1402 3028 proventibus
1428 2927 1702 3025 et'veutrosam,
1732 2955 1807 3006 curn

255 3056 426 3127 universis
461 3058 536 3128 eius
571 3058 713 3129 decimis
748 3065 785 3129 ct
810 3058 1058 3149 proventibus,
1095 3066 1198 3149 atque
1234 3055 1428 3152 redditibus
1464 3057 1557 3146 unit,
1593 3057 1807 3147 appropriat,

255 3182 360 3265 atque
387 3177 604 3268 incorporat,
639 3180 814 3251 subiciens
844 3180 1057 3252 monasterio
1083 3177 1241 3268 praelato
1268 3185 1304 3248 et
1330 3178 1404 3249 eius
1432 3198 1496 3269 pro
1523 3183 1680 3268 tempore
1709 3197 1809 3266 prae-

256 3299 387 3387 posito,
415 3319 550 3401 omnem
579 3298 854 3371 Methoviensem
880 3300 1080 3388 ecclesiam,
1107 3299 1214 3369 latam
1242 3304 1325 3376 tunc
1359 3306 1396 3369 et
1416 3299 1577 3370 diffusam
1603 3300 1810 3393 parochiam,

259 3419 473 3509 praeripiens
501 3421 661 3492 omnibus
688 3422 765 3492 aliis
793 3421 999 3492 mortalibus
1014 3425 1074 3491 et·
1090 3419 1297 3510 pracsertim
1325 3420 1496 3509 episcopis
1523 3418 1810 3493 Gracovlensibus

254 3540 326 3611 suis
354 3541 681 3631 praedecessoribus
718 3548 754 3613 et
779 3538 1049 3638 successoribus
1077 3541 1114 3611 id
1140 3521 1320 3629 meritum,
1358 3559 1481 3610 nomen
1518 3547 1553 3611 et
1581 3540 1735 3630 laudem,
1772 3545 1812 3611 nt

255 3661 433 3751 religionis
461 3663 640 3751 praelatae
670 3663 915 3734 canonicorum
937 3662 1149 3754 regularium
1176 3662 1362 3753 primarius
1389 3662 1501 3752 possit
1525 3664 1644 3735 vocari
1662 3663 1698 3732 in
1717 3662 1811 3747 dioe-
1918 3752 1925 3761 ,

260 3784 329 3854 cesi
356 3783 578 3856 Gracoviensi
605 3790 640 3855 et
657 3784 822 3856 fundator
847 3790 883 3857 et
910 3777 1066 3873 dolator,
1102 3785 1233 3863 nullum
1266 3778 1436 3874 siqnidem
1462 3804 1526 3874 pro
1546 3804 1588 3854 ea
1606 3790 1812 3872 tempestate

257 3904 360 3976 haim
389 3905 567 3995 religionis
594 3913 631 3977 et
647 3907 883 3999 generationis
909 3908 945 3979 in
964 3907 1114 3978 dioecesi
1133 3905 1365 3996 cracoviensi,
1393 3903 1455 3977 sed
1473 3925 1536 3976 nec
1562 3907 1597 3975 in
1618 3904 1812 3976 Gneznensi

151 4012 179 4127 βξ
255 4027 526 4116 metropolitana
560 4027 704 4098 extabat
739 4013 1004 4118 monasterinm,
1040 4049 1104 4100 nec
1130 4029 1257 4119 religio.
1281 4029 1357 4118 ip'sa
1384 4035 1468 4098 tunc
1495 4027 1587 4117 apud
1615 4026 1811 4097 Polonicam
1912 4116 1917 4123 Ι

156 4126 171 4193 -ἷ
197 4232 203 4251 Ι
257 4146 435 4218 eeclesiam
463 4148 579 4238 aliqua
596 4148 750 4220 habebat
766 4147 857 4238 loca,
883 4154 1006 4237 paeter
1022 4147 1333 4220 Vratislaviensem
1361 4149 1534 4221 civitatem
1563 4155 1599 4218 et
1618 4148 1812 4237 dioecesim,

132 4254 226 4372 33,ss
257 4267 389 4358 inqua
415 4268 459 4339 ad
486 4267 648 4340 Sanctam
666 4308 669 4317 ·
684 4268 834 4341 Mariam
861 4270 896 4339 in
924 4269 1095 4358 Arena,
1126 4270 1170 4341 dc
1198 4271 1343 4341 ecclesia
1369 4269 1560 4359 parochiali
1587 4291 1609 4339 a
1635 4268 1740 4339 Petro
1769 4269 1812 4339 de

118 4380 129 4446 J
143 4376 213 4461 3⁴3„-
257 4386 433 4479 Skrzyn
460 4393 588 4461 comite
612 4390 753 4480 quadro'
772 4370 905 4481 lapide,
942 4397 978 4461 et
1005 4398 1143 4465 vetusto
1170 4412 1275 4481 opere
1301 4392 1525 4479 fabricatam,
1562 4392 1810 4461 rnouasterinm
1910 4444 1913 4451 .

260 4518 419 4581 recenter
453 4511 568 4583 fuerat
593 4510 788 4601 fundatum,
823 4519 860 4581 et
885 4510 1054 4583 iratribus
1088 4513 1267 4601 religionis
1293 4511 1471 4602 praefatae
1509 4512 1543 4582 in
1571 4513 1724 4601 regimen
1752 4511 1812 4580 de

259 4630 478 4716 mandatnm,
505 4655 594 4724 quae
620 4609 784 4724 processu
812 4630 944 4702 dierum
973 4632 1143 4703 funiculos
1171 4630 1224 4702 sni
1251 4633 1396 4704 tentorii
1423 4632 1633 4721 diffundens,
1661 4634 1835 4733 quiuqrtpa

185 4776 192 4787 ·
259 4742 469 4856 ἰῃείςιιίπίη
497 4757 572 4825 sola
599 4754 996 4828 cracoviensidioecesi
1024 4754 1219 4825 dinoscitur
1243 4754 1373 4825 habere
1400 4776 1475 4843 per.
1489 4775 1552 4825 nos
1581 4756 1667 4842 iam,
1694 4726 1825 4823 favor&
1894 4789 1900 4797 =

259 4872 375 4946 divino
395 4876 592 4964 auxiliante,
619 4877 793 4969 descripta
810 4876 895 4947 loca.
936 4876 1172 4967 ltaqueYv'o
1199 4874 1439 4947 Gracoviensis
1458 4877 1649 4966 episcopus,
1669 4873 1813 4945 lundata

258 5002 298 5066 ut
315 4997 554 5085 praemisimus
578 5004 615 5067 et
646 4997 765 5067 dotato
792 4998 828 5066 iu
846 4997 1045 5068 Msthov
1071 4999 1299 5086 monasterio,
1326 5018 1395 5067 non
1414 4999 1545 5068 habens
1564 4996 1813 5086 propinquiora

260 5117 350 5205 loca,
387 5138 430 5187 ex
458 5118 582 5206 quibus
608 5116 734 5188 fratres
769 5118 813 5187 ad
841 5118 1059 5189 incolendum
1095 5103 1235 5188 novum'
1249 5117 1497 5189 monasterium
1523 5116 1813 5196 Msthoviensee

260 5258 297 5307 se
323 5237 503 5309 fundatum
531 5246 732 5328 assumeret,
760 5238 805 5309 ad
831 5239 1081 5310 monasterinm
1108 5238 1382 5310 Vratislaviense
1409 5238 1590 5310 ecclesiam
1617 5236 1650 5310 S.
1678 5238 1816 5308 Mariae.
1926 5262 1929 5269 ’

260 5359 295 5428 in
331 5339 484 5430 Arena
518 5350 640 5432 habuit
674 5380 872 5450 recursum,
912 5367 950 5431 et
984 5381 1028 5432 ex
1064 5361 1124 5430 illo
1158 5360 1326 5432 iratribus
1362 5361 1530 5450 receptis,
1564 5361 1812 5430 monasterinm

261 5500 360 5550 suum
387 5480 625 5554 Msthoviense
660 5489 696 5553 et
722 5483 903 5573 populavit
934 5489 970 5553 et
994 5482 1143 5571 rigavit3
1169 5502 1212 5552 ex
1241 5504 1309 5571 qno
1336 5481 1494 5552 ellectum
1522 5487 1593 5569 est,
1630 5489 1670 5551 ut
1696 5502 1815 5551 mona-

260 5603 404 5673 sterinm
438 5603 677 5709 Mathoviense
710 5625 820 5694 usqne
856 5605 900 5674 ad
937 5609 1060 5675 nostra
1092 5610 1251 5692 tempora
1286 5608 1422 5693 semper
1453 5601 1563 5690 soret,
1599 5602 1815 5692 generationi
1890 5677 1892 5682 ,

261 5743 343 5793 snae
370 5724 539 5821 originem
565 5703 857 5815 commemorans,
892 5726 1104 5797 monasterio
1132 5723 1400 5795 Vratislaviensi
1435 5723 1583 5794 Sanctae
1604 5723 1745 5793 Mariae
1773 5722 1815 5791 de

258 5844 415 5916 Arena
443 5845 608 5917 ancillare
636 5853 673 5918 et
690 5848 897 5936 subiectum,
924 5846 1046 5918 abillo
1070 5845 1239 5935 siquidem
1268 5846 1397 5916 eteius
1416 5846 1552 5935 abbate,
1581 5846 1713 5934 quoties
1742 5864 1815 5912 mo-

258 5967 452 6037 nasterium
482 5966 721 6039 Mstboviense
748 5988 873 6038 vacare
892 5967 1168 6057 quomodolibet,
1195 5974 1256 6037 aut
1276 5965 1495 6037 deformitate
1515 5967 1639 6057 aliqua,
1668 5964 1812 6052 delectu,

263 6092 324 6155 aut
342 6100 556 6176 quocumque
584 6108 692 6176 nasu,¹
713 6097 774 6183 aut
792 6089 996 6159 necessitate
1024 6088 1124 6159 obrni
1153 6095 1189 6159 et
1204 6072 1367 6159 laborare
1395 6090 1630 6177 contingebat,
1662 6093 1816 6157 rectores
1878 6174 1881 6179 Ι

263 6213 299 6275 et
315 6209 520 6298 praepositi,
539 6208 816 6298 reformationes,
835 6209 1066 6282 correctiones
1084 6214 1122 6278 ct
1140 6209 1375 6296 visitationes,
1394 6210 1472 6279 iura
1489 6216 1525 6279 et
1543 6208 1717 6297 quaelibet
1735 6224 1817 6296 sup

173 6364 175 6373 ·
262 6326 453 6418 plementa,
490 6329 585 6399 velut
620 6331 811 6401 amatrice
847 6331 1062 6420 petebantur.
1103 6328 1182 6413 Sub
1202 6335 1333 6401 nostra·
1358 6349 1441 6399 vero
1467 6335 1601 6417 aetate,
1639 6329 1718 6398 dum
1747 6329 1816 6399 iam

263 6446 505 6521 Mathoviense
529 6451 777 6521 monasterium
799 6451 985 6528 coaluisset
1010 6458 1046 6522 et
1064 6450 1102 6522 in
1118 6450 1230 6529 ιω
1246 6449 1416 6523 evasisset
1439 6450 1559 6540 ririle,
1586 6448 1629 6522 de
1648 6451 1818 6523 servitute
