4217 8059
306 1469 377 1540 ras
467 1438 517 1453 ”

302 1673 467 1765 proprios
485 1694 590 1772 ¹agros
615 1679 652 1745 et
677 1679 789 1764 prata,
806 1692 871 1764 pro
890 1694 954 1745 suo
970 1672 1114 1763 praedio
1131 1679 1169 1746 et
1185 1673 1402 1775 necessitate
1427 1669 1588 1744 &minat
1605 1690 1681 1743 eum
1700 1668 1847 1762 Uy'szd

302 1794 517 1886 Sadanya
888 1871 895 1884 Ι

403 1915 546 2004 Uuezn,
573 1915 657 1986 villa
682 1915 747 1987 sub
773 1915 940 2004 parochia
965 1916 1131 2012 eeclesiae
1158 1916 1201 1987 de
1227 1913 1625 2005 Oppathkowiaze
1651 1898 1729 2002 site,
1747 1897 1855 1983 iuxta¹

300 2035 439 2106 fluvium
465 2034 726 2125 Duuayecz,
752 2035 849 2105 euius
884 2036 1080 2124 proprietas
1106 2035 1152 2106 ud
1177 2035 1425 2107 monasterium
1452 2022 1670 2129 Tbiuciense,
1683 2032 1846 2122 pertinet.

301 2132 438 2244 loquo
473 2160 555 2226 sunt
589 2161 669 2227 oeto
705 2154 796 2226 lanei
831 2156 1084 2245 emethonales,
1111 2161 1148 2227 et
1174 2155 1320 2246 quilibet
1346 2155 1452 2230 solvit
1476 2166 1554 2244 pro·
1568 2172 1673 2224 censu
1699 2152 1846 2224 mediam

299 2294 449 2347 marcam
484 2280 521 2346 et
547 2275 634 2364 duos
659 2295 820 2366 grossos,
844 2276 929 2347 item
956 2296 1023 2347 ova
1047 2276 1211 2366 triginta,
1238 2253 1327 2347 item
1348 2276 1459 2365 gellus
1486 2274 1590 2364 duos,
1616 2274 1701 2345 item
1727 2290 1847 2345 caseos

298 2395 395 2486 duos,
422 2397 504 2468 item
530 2395 638 2486 labor,
664 2397 747 2469 item
775 2396 922 2468 taberna
948 2403 1003 2468 est
1029 2417 1099 2468 una
1124 2398 1256 2469 habens
1283 2385 1396 2487 agros,
1422 2415 1511 2486 quae
1536 2394 1642 2467 solvit
1658 2410 1724 2484 pro
1740 2408 1847 2464 ceusu

240 2545 244 2563 ·
300 2504 492 2607 ...sitem
517 2517 718 2589 hortulanis
744 2537 814 2588 una
840 2522 906 2600 est,
919 2518 1051 2590 habens
1079 2538 1200 2607 agros3
1227 2519 1312 2589 item
1338 2517 1519 2607 praedium
1545 2536 1615 2586 non
1640 2520 1710 2604 est,
1734 2532 1847 2603 neque

298 2637 540 2709 molendinum.
566 2637 654 2721 Item
681 2645 762 2727 post
788 2658 906 2709 omnes
932 2652 1036 2727 agros
1063 2638 1210 2710 solvitur
1227 2638 1360 2709 decima
1377 2636 1601 2726 manipularis
1619 2639 1655 2706 et
1671 2633 1848 2724 anepolis

298 2776 362 2846 pro
386 2757 539 2847 capitulo
564 2756 795 2848 cracoviensi
821 2763 858 2829 et
884 2757 1090 2830 conducitur
1116 2759 1266 2849 propriis
1281 2743 1453 2830 eurribus
1479 2758 1515 2829 iu
1533 2755 1696 2829 bomeum
1714 2775 1736 2825 a
1753 2755 1847 2845 oapi

297 2877 372 2949 tulo
399 2878 591 2968 locandum,
617 2885 655 2950 et
680 2879 778 2950 valor
803 2879 879 2950 eius
906 2880 1112 2951 aestimatur
1138 2879 1184 2950 od
1210 2870 1411 2970 quindecim
1422 2897 1565 2950 mareas.
1591 2875 1844 2957 mauraneum

297 2995 700 3089 oppetukowioze
726 3006 764 3071 et
789 3000 1007 3091 Szdsnya

400 3118 594 3210 Seuerus,
621 3120 704 3192 villa
738 3123 803 3193 sub
839 3121 1004 3211 parochia
1038 3121 1083 3193 de
1109 3119 1501 3210 Oppathkowieze
1527 3120 1615 3209 sita,
1642 3118 1740 3191 cuius
1764 3136 1847 3207 pro·

240 3288 245 3294 ·
297 3240 428 3330 Ρῐῑθίὸὓ
454 3240 501 3312 ud
527 3241 774 3341 monasterium
803 3241 1028 3314 Thinezieuse
1054 3242 1216 3332 pertinet
1242 3242 1283 3312 ln
1311 3261 1379 3332 qua
1405 3245 1487 3313 sunt
1503 3259 1564 3312 ser
1582 3240 1675 3311 lanei
1691 3238 1846 3310 emethe-
1867 3248 1878 3298 2
1981 3281 1988 3294 ·

297 3361 402 3452 nelos,
429 3367 466 3435 et
491 3363 637 3452 quilibet
662 3362 768 3435 solvit
794 3383 857 3454 pro
884 3383 989 3435 censu
1015 3364 1164 3435 mediam
1190 3382 1350 3452 maroam,
1376 3342 1463 3454 item
1487 3380 1554 3433 ora
1578 3360 1733 3450 triginta,
1759 3359 1845 3431 item

295 3481 424 3571 gellam
450 3502 565 3573 unum,
592 3484 678 3554 item
704 3503 840 3570 eoseum
866 3504 982 3573 unum,
1009 3483 1101 3573 item
1119 3483 1228 3572 labor,
1252 3484 1339 3554 item
1364 3480 1552 3577 ponebam,
1580 3482 1662 3552 item
1689 3499 1848 3574 oeueyep5

296 3602 379 3673 item
404 3603 553 3675 taberna
578 3610 633 3675 est
658 3603 707 3676 ibi
733 3605 866 3676 habens
892 3624 1005 3695 egros,
1031 3609 1070 3676 et
1094 3603 1199 3677 solvit
1225 3610 1376 3694 quatuor
1393 3623 1528 3675 marcas
1545 3623 1610 3694 pro
1628 3621 1743 3690 oensu,
1760 3600 1846 3672 item

296 3722 515 3795 hortulaniae
542 3745 611 3796 nou
637 3731 728 3815 sunt,
754 3726 933 3816 praedium
960 3746 1028 3797 non
1046 3731 1109 3816 est,
1128 3746 1239 3816 neque
1257 3725 1498 3797 molendinum.
1524 3723 1611 3795 Item
1630 3741 1748 3827 omnes
1767 3722 1844 3811 agri
1941 3797 1944 3802 ,

294 3843 398 3915 villae
424 3844 564 3931 solvunt
591 3845 758 3917 decimam
785 3827 1034 3937 manipularem
1061 3852 1098 3919 et
1125 3846 1333 3938 eunapalem,
1350 3865 1425 3936 pro
1444 3843 1596 3936 capitulo
1614 3841 1845 3931 emoniensi,

295 3968 331 4034 et
357 3963 554 4036 conducunt
578 3985 664 4055 eam,
690 3972 728 4038 et
750 3967 953 4040 ·ralor·eius
980 3968 1187 4040 aestimatur
1205 3967 1250 4039 ad
1267 3973 1402 4059 septem
1420 3984 1564 4038 mareas.
1590 3963 1751 4037 &adnot
1767 3982 1844 4036 eum

296 4082 693 4175 Oppatbkowieze
719 4092 757 4159 et
782 4087 965 4179 Uyazd.·
1023 4161 1025 4164 ,
1789 4066 1796 4115 Ι·

324 4240 347 4269 -‚,.
400 4204 667 4297 (tuoruum-ibi
694 4208 902 4298 paroehialis
925 4209 1083 4299 eeclesia,
1110 4209 1221 4281 Beato
1248 4209 1403 4309 bisurtino
1429 4208 1554 4297 dicata,
1572 4209 1671 4279 euius
1688 4184 1846 4298 proplie-
1982 4286 1988 4291 ,

294 4330 363 4401 tas.
376 4326 421 4397 ad
448 4328 692 4400 monasterium
720 4328 956 4402 Tbiueuieuse.
971 4331 1134 4420 pertinet.
1160 4331 1200 4402 ln
1227 4322 1303 4422 qua'
1322 4334 1405 4402 nnn
1430 4329 1522 4402 lanei
1549 4328 1791 4416 emethonales,
1808 4331 1847 4398 et

249 4478 251 4483 ·
295 4447 455 4536 quilibet.
468 4447 571 4521 solvit
589 4503 597 4519 .
616 4503 623 4519 .
642 4450 778 4540 „item
805 4471 880 4541 ova,
907 4452 991 4522 item
1017 4451 1138 4541 gallos,
1166 4453 1248 4524 item
1275 4469 1404 4541 caseos,
1430 4452 1514 4522 item
1540 4450 1650 4539 labor,
1669 4449 1760 4549 item
1785 4453 1844 4544 po·

194 4604 205 4617 s
268 4565 438 4658 oubam,
465 4569 547 4640 item
574 4590 731 4665 osozyep,
757 4571 843 4668 item
868 4551 1054 4662 tabernae,
1080 4572 1164 4643 item
1192 4572 1430 4661 hortulaniae;
1456 4572 1540 4642 item
1567 4570 1747 4660 praedium
1775 4586 1843 4639 nou

294 4693 358 4759 est
392 4688 480 4761 Item
495 4688 500 4699 “
515 4680 634 4762 omnes
670 4692 747 4781 egri
781 4692 886 4763 villae
920 4692 1061 4763 solvunt
1095 4692 1261 4764 decimam
1298 4691 1511 4783 pecunialem
1546 4710 1611 4782 pro
1637 4690 1854 4762 eeclesiam·

245 4843 251 4851 ·
295 4807 697 4899 Oppathlrowicre.
733 4812 822 4882 Item
856 4812 1103 4884 scoltetieest-
1125 4814 1183 4903 ibi,
1210 4813 1342 4886 habeus
1369 4813 1456 4885 duos
1483 4813 1620 4902 laneos,
1647 4810 1843 4901 dequibus

95 5030 96 5037 ἵ
154 4932 156 4937 ’
295 4929 689 5023 decimaturmtnipulo
715 4933 882 5004 eeclesiae
905 4934 940 5004 in
968 4932 1197 5025 Ghoynylr.

361 5040 363 5045 ’
399 5051 718 5143 Bneourowrczu
744 5053 831 5125 alias
859 5054 1043 5144 Basrczs,
1072 5056 1155 5128 villa
1182 5056 1246 5128 sub
1273 5056 1439 5147 parochia
1456 5056 1499 5128 de
1517 5052 1739 5127 Gromnik
1764 5055 1845 5141 sits,

95 5150 121 5229 'l'
214 5238 219 5246 ,
295 5171 392 5267 euius
425 5174 620 5263 proprietas
654 5173 700 5245 ad
734 5174 982 5247 monasterium
1019 5175 1244 5250 Tlrinoaiense
1282 5177 1443 5268 pertinet.
1482 5177 1523 5247 ln
1551 5196 1618 5266 qua
1645 5181 1726 5246 sunt
1752 5173 1843 5244 lanei

95 5268 113 5282 '¹
240 5379 242 5382 ¹
295 5260 538 5384 &horolen
564 5299 614 5365 et.
628 5295 905 5385 quilibet-solvit
923 5350 932 5367 .
950 5352 957 5366 .
977 5351 1002 5387 .,
1029 5299 1113 5370 item
1140 5320 1215 5389 ova,
1242 5300 1324 5371 item
1352 5278 1472 5389 gallos
1498 5297 1584 5368 item
1610 5315 1740 5386 roseos,
1758 5296 1843 5366 item

294 5413 410 5505 labor,
437 5415 520 5487 item
539 5414 742 5510 ponebam
768 5418 851 5489 item
879 5438 1038 5512 oeezyep;
1065 5420 1146 5489 item
1173 5421 1357 5509 tabernae,
1384 5420 1467 5491 item
1494 5417 1731 5507 bortulsnlae,
1757 5410 1843 5488 item

294 5535 485 5624 praedium.
505 5537 607 5609 v-ltem
635 5558 753 5610 omnes
781 5539 857 5628 agri
884 5539 1167 5611 villoesolvunt·
1181 5540 1347 5612 decimum
1382 5540 1596 5632 pecunialem
1631 5538 1843 5610 monasterio

296 5653 524 5727 Thinuziensi
1253 5653 1257 5659 ’

244 5836 262 5859 ,,
398 5775 679 5869 Szrunnrsmm,
706 5780 789 5851 villa
815 5780 880 5852 sub
915 5781 1082 5870 parocbia
1108 5783 1272 5854 ecelesiae
1307 5783 1349 5854 de
1376 5782 1603 5854 'lbuehow
1632 5782 1718 5872 sita,
1745 5781 1844 5853 euius

294 5899 491 5990 proprietas
526 5898 571 5970 ad
602 5901 848 5972 monasterium
877 5901 1082 5974 Thineieuse
1109 5898 1270 5994 pertinet.
1309 5904 1350 5975 lu
1377 5923 1446 5993 qua
1488 5908 1553 5974 unt
1579 5903 1726 5994 tnginto
1750 5902 1844 5974 lanei

296 6020 524 6110 emetbonum,
551 6026 588 6091 et
605 6020 649 6091 de
667 6023 825 6093 omnibus
844 6022 992 6094 solvitur
1006 6044 1073 6114 pro
1091 6044 1196 6097 oensu
1213 6044 1277 6115 per
1295 6043 1397 6095 unam
1530 6023 1673 6095 dimidia
1699 6002 1843 6113 mareas,

294 6140 375 6210 item
402 6154 481 6230 ove,
510 6142 592 6212 item
619 6142 749 6231 gallos,
776 6144 858 6214 item
885 6165 990 6215 unum
1019 6164 1175 6233 caseum3
1199 6144 1294 6214 ¹item
1321 6145 1483 6216 laborant
1509 6141 1672 6240 intremui,
1693 6145 1842 6233 ‘aranda
1927 6211 1933 6218 .

294 6259 503 6350 seminando,
530 6263 700 6352 metendo,
727 6264 958 6355 conducendo,
983 6270 1086 6358 prato
1112 6263 1344 6336 laloastrendo
1372 6266 1443 6337 sule
1471 6266 1663 6356 impensis3'
1680 6267 1764 6338 item
1776 6287 1843 6360 po·

293 6378 449 6489 naboon
473 6383 558 6456 item
584 6387 741 6475 taberna,
768 6388 850 6457 item
878 6387 1123 6475 bortulauiae3·
1151 6387 1233 6456 item
1259 6385 1439 6478 praedium
1467 6388 1666 6459 coenobiale
1692 6408 1762 6458 non
1789 6391 1844 6460 eet
