4217 8059
303 1474 379 1545 luo

302 1680 345 1751 ad
374 1687 452 1751 ricto
480 1700 623 1751 marcas.
667 1668 928 1750 ltem'aaberna
953 1686 1009 1751 est
1037 1700 1124 1769 una,
1159 1680 1291 1752 habens
1319 1678 1467 1749 medium
1495 1679 1651 1766 laneum,
1688 1686 1724 1750 et
1751 1679 1854 1749 solvit

239 1787 242 1791 ’
304 1801 467 1873 decimam
497 1802 705 1871 monasterio
726 1801 998 1872 Wanchoczeusi
1026 1803 1060 1871 in
1086 1794 1290 1895 prrrrytm'omss
1315 1801 1402 1871 Item
1431 1801 1651 1872 lrortulaniae
1678 1823 1747 1872 uon
1766 1810 1857 1889 sunt,

303 1923 384 1993 item
413 1922 644 1993 molendinum
673 1945 740 1993 uon
768 1930 831 2010 est,
859 1924 942 1993 item
968 1923 1150 2012 praedium
1178 1944 1246 2011 pon
1274 1931 1338 1993 eat.
1384 1902 1387 1909 ⁵

406 2044 585 2132 Bauuorr,
613 2043 698 2114 villa
723 2045 787 2114 sub
815 2044 980 2133 parochia
1007 2044 1050 2114 de
1069 2043 1335 2135 'Wyszokyc
1362 2044 1449 2131 sita,
1476 2045 1573 2114 cuius
1600 2045 1724 2132 haeres
1753 2044 1856 2114 Nico·

302 2164 377 2236 laus
407 2164 695 2256 Bankow'sky
723 2164 850 2237 nobilis
876 2166 920 2236 de
947 2165 1048 2237 domo
1069 2219 1182 2236 .....
1223 2167 1263 2235 ln
1290 2187 1360 2256 qua
1386 2172 1467 2236 suut
1494 2166 1583 2236 lanei
1613 2158 1856 2253 cmethouales,

302 2285 498 2375 dequibus
526 2288 683 2357 omnibus
719 2286 868 2358 solvitur
894 2292 930 2357 ct
956 2286 1163 2358 conducitur
1198 2286 1330 2357 decima
1366 2287 1591 2376 manipularis
1618 2294 1654 2357 et
1682 2288 1857 2376 canapalis

303 2429 366 2498 pro
393 2409 604 2479 monasterio
631 2407 911 2496 Wanclroczensi,
939 2415 975 2478 et
1002 2409 1099 2478 valor
1126 2410 1201 2479 eius
1228 2410 1432 2479 aestimatur
1458 2409 1501 2478 ad
1521 2463 1662 2478 ......
1689 2408 1776 2479 Item
1803 2414 1858 2477 ta-

302 2529 421 2617 berna,
448 2529 531 2598 item
559 2527 746 2617 hortulani,
774 2529 856 2600 item
883 2529 1073 2619 praedium.

387 2649 658 2738 ·Sunzuunow,
699 2649 781 2720 villa
816 2652 880 2721 sub
907 2651 1074 2740 parochia
1110 2657 1275 2740 quantum
1312 2650 1357 2721 ad
1391 2650 1560 2722 haeredes
1596 2657 1633 2721 et
1659 2652 1789 2721 milites
1820 2652 1855 2721 iu

248 2808 253 2819 .
304 2770 566 2860 Mnischelr,
608 2779 773 2860 quantum
802 2792 884 2842 vero
918 2773 961 2842 ad
990 2773 1189 2843 emethones
1225 2773 1260 2843 in
1297 2771 1543 2843 Kowalslra
1584 2771 1741 2862 Wolya
1777 2774 1857 2860 sita,

304 2893 400 2975 cuius
428 2891 596 2963 haeredes
615 2947 782 2963 .......
810 2893 849 2963 In
878 2915 946 2982 qua
973 2900 1056 2988 sunt
1082 2894 1174 2964 lanei
1202 2893 1446 2982 cnrethonales,
1474 2893 1516 2964 de
1544 2895 1669 2984 quibus
1697 2895 1856 2965 omuibus
1928 2989 1932 2997 ἱ

304 3013 450 3085 solvitur
477 3020 512 3083 et
540 3014 743 3084 conducitur
771 3014 903 3085 decima
930 3000 1154 3104 manipularis
1173 3021 1209 3085 et
1227 3016 1404 3104 canapalis
1431 3036 1494 3104 pro
1522 3016 1733 3087 monasterio
1751 3014 1858 3085 Wan-

303 3135 502 3223 choczeusi,·
519 3140 555 3204 et
582 3133 680 3207 valor
703 3136 780 3207 eius
807 3136 1013 3206 aestimatur
1041 3136 1085 3206 ad
1104 3191 1217 3205 .....
1245 3115 1350 3207 ltem
1377 3136 1533 3225 taberna,
1561 3137 1642 3207 item
1671 3136 1857 3241 hortulani,
1993 3149 1995 3156 '

303 3256 384 3329 item
411 3255 603 3344 praedium.
647 3256 745 3327 llaec
779 3257 913 3327 decima
947 3258 1145 3347 pertinebat
1179 3257 1349 3347 quondam
1386 3256 1431 3328 ad
1458 3258 1639 3329 ecclesiam
1676 3242 1874 3347 in'dbrp

304 3377 445 3448 schel<
473 3385 509 3447 et
535 3377 578 3449 ad
606 3379 853 3449 monasterium
881 3377 1013 3450 Calvi
1040 3379 1216 3450 Montis
1243 3379 1389 3450 Sanctae
1418 3377 1558 3467 Crucis3
1585 3379 1646 3451 sed
1673 3401 1736 3469 per
1763 3398 1885 3479 com--

205 3486 207 3491 ’
304 3500 539 3569 mutationem
558 3499 660 3570 villae
687 3499 874 3570 Yeszow
902 3520 965 3589 pro
994 3500 1077 3572 villa
1104 3500 1355 3592 Mnyszek,
1374 3502 1551 3572 abstracta
1578 3507 1632 3572 est
1650 3502 1693 3571 ab
1713 3478 1858 3575 ecclesia

304 3639 367 3709 pro
395 3599 605 3691 monasterio
634 3620 915 3692 Wauchoczcnsi.

408 3741 643 3830 Luaszusua,
660 3740 751 3827 ¹villa
778 3744 842 3817 sub
868 3744 1035 3832 parochia
1061 3743 1105 3813 de
1132 3741 1173 3833 Μ
1181 3745 1351 3832 upszelr
1380 3744 1456 3830 sita,
1484 3744 1582 3814 cuius
1611 3745 1733 3835 haeres
1753 3743 1856 3814 Nico·

305 3858 543 3945 laus‘Orlik
571 3863 613 3933 de
641 3863 1024 3954 domoNyec-zuya
1050 3864 1090 3935 ln
1118 3883 1187 3953 qua
1214 3870 1295 3934 suut
1321 3865 1412 3934 lanei
1436 3864 1682 3954 emethouales,
1709 3865 1753 3935 de
1781 3865 1857 3953 qui-

289 3983 371 4053 bus
398 3983 555 4054 omuibus
591 3983 739 4054 solvitur
765 3991 802 4055 et
828 3983 1032 4057 conducitur
1068 3985 1202 4056 decima
1235 3985 1462 4074 manipularis
1498 3992 1535 4056 et
1561 3985 1758 4075 canapaliS,
1787 4005 1858 4074 pro

113 4105 119 4132 ¹
211 4123 212 4126 ’
306 4104 518 4187 monasterio
545 4103 830 4194 Wanchoezenai,
866 4111 902 4176 et
929 4106 1027 4177 valor
1063 4107 1136 4176 eius
1174 4107 1377 4183 aestimatur
1411 4108 1457 4178 ad
1483 4128 1543 4177 sex
1580 4127 1734 4194 marcas3
1774 4106 1857 4177 item

303 4225 458 4314 taberna,
487 4225 568 4295 item
598 4226 782 4316 hortulani,
809 4229 890 4298 item
919 4227 1109 4317 praedium.
1153 4228 1241 4298 Item
1269 4228 1402 4299 decima
1428 4229 1541 4307 etiam,
1560 4227 1717 4316 praefata
1745 4228 1854 4317 perti·

305 4349 411 4435 nebat
438 4348 609 4437 quondam
638 4348 682 4418 ad
708 4349 887 4441 ecclesiam
923 4350 960 4420 iu
987 4340 1261 4440 Mups‘chek,
1296 4337 1406 4420 etad
1434 4351 1683 4420 monasterium
1710 4349 1857 4420 Sanctae

302 4466 426 4551 ,Crucis
446 4469 585 4540 Calvi
613 4469 818 4560 Montio,
835 4471 896 4542 sed
923 4492 986 4560 por
1013 4472 1315 4541 commutationem
1342 4470 1447 4561 villae
1476 4470 1666 4566 Yeszow
1694 4470 1858 4560 provilla
1922 4479 1938 4549 ᾗ

304 4588 544 4680 Mnyszek,
580 4592 768 4667 abstracta.
786 4599 851 4663 est·
874 4593 918 4677 ab
939 4592 1093 4673 ,ecclesia
1126 4589 1166 4662 M
1176 4614 1199 4661 n
1208 4593 1349 4681 yszelr
1385 4599 1421 4662 et
1448 4593 1611 4664 adiuncta
1648 4592 1858 4663 monasterio

306 4708 587 4799 Wancboczcnsi,
614 4714 805 4802 percipitur
831 4720 948 4785 tamen
974 4734 1038 4803 per
1066 4714 1302 4804 praepositum
1330 4714 1373 4784 de
1399 4710 1663 4804 Muyscbek.

470 4906 515 4993 9
563 5000 595 5036 „
675 4954 865 5040 onaan
896 4897 1098 5040 uuuau
1129 4958 1239 5076 auras,
1260 4954 1496 5040 noenu

398 5182 617 5284 Quartum.
637 5187 939 5267 monasterium
971 5186 1132 5297 ordinis
1164 5185 1467 5268 cirterciensis
1501 5133 1764 5267 ln'dioocest

945 5324 1238 5407 Oraooulansi.
1368 5394 1371 5400 .
1451 5318 1458 5330 ’

294 5554 297 5559 “
339 5594 345 5605 -
411 5545 511 5618 Licet
536 5545 729 5617 Vislaus
756 5566 871 5616 comes
897 5546 940 5617 de
960 5528 1370 5630 paramonarium
1389 5546 1858 5637 Prandothae,acuius

309 5667 445 5739 nominc
472 5666 762 5739 Prandoczin
799 5689 930 5739 nomeu·
950 5670 1093 5757 accepit,
1116 5669 1366 5741 monasterium
1395 5667 1527 5738 ordinis
1554 5665 1796 5738 cisterciensis
1824 5669 1860 5738 iu
1920 5700 1922 5705 ·

309 5787 465 5878 praelato
494 5787 632 5877 villagio
661 5776 1133 5859 pranderem-fundare
1165 5782 1379 5879 inchoasset,
1406 5793 1441 5858 et
1469 5789 1676 5865 monasterio
1703 5786 1861 5876 praelato
1953 5818 1956 5822 ·

309 5908 351 5978 de
380 5909 587 5998 patrimonio
616 5931 677 5978 auo
706 5917 856 5998 quatuor
884 5907 1003 5999 villas,
1031 5909 1192 5981 videlicet
1220 5908 1408 6000 praefatam
1431 5908 1750 5999 Praudoczin,
1778 5909 1860 5978 item

309 6029 618 6115 Kacaowicze,
646 6030 925 6120 Zakowicze,
953 6037 988 6101 et
1014 6030 1393 6103 Janusszowicze
1421 6031 1455 6099 in
1483 6030 1630 6102 circuitu
1663 6028 1860 6101 Prando-

310 6152 409 6223 czin
438 6153 531 6243 sima,
560 6153 594 6222 in
623 6150 737 6222 dotem
765 6153 1014 6241 consignasset,
1041 6153 1207 6241 ecclesiae
1225 6172 1360 6241 quoquo
1378 6151 1588 6241 parochialis
1607 6152 1641 6222 iu
1661 6149 1860 6240 Praedo·

310 6275 408 6343 cziu
436 6273 586 6355 decimas
614 6274 848 6365 manipulares
875 6273 1083 6363 insigniores
1110 6271 1219 6343 eidem
1248 6271 1429 6359 coenobio,
1451 6273 1549 6343 cuius
1576 6271 1680 6344 aedes
1708 6272 1856 6363 prinum

309 6393 403 6482 apud
436 6394 661 6473 Kaczicze
697 6402 815 6471 erecta
849 6394 970 6483 humili
991 6398 1183 6465 -stnuctura
1211 6393 1349 6482 ¹luerat,
1375 6394 1604 6501 appropriate
1631 6396 1863 6495 procurasset,

1511 6710 1590 6843 p
