4217 8059
827 1280 870 1347 ,0
889 1258 938 1371 πξζ
1059 1264 1125 1339 e·

283 1452 358 1523 414
877 1430 880 1437 '
938 1380 980 1467 Ψ
1585 1542 1609 1571 ⁵.

280 1657 364 1729 item
383 1655 559 1742 tabernae,
586 1654 668 1724 item
687 1652 873 1739 hortulani,
902 1651 984 1721 item
1002 1650 1182 1741 praedium
1205 1668 1289 1721 coen
1338 1606 1525 1765 ’ᾗῇ-1000
1549 1578 1720 1741 effide
1747 1649 1834 1721 item

281 1774 522 1846 molendinum.
549 1772 635 1843 Item
662 1793 781 1845 omnes
806 1772 882 1862 agri
910 1771 1013 1843 villae
1031 1770 1177 1867 nollunt
1183 1775 1233 1839 -01
1258 1771 1331 1840 cim·
1367 1774 1454 1841 bunt
1480 1767 1656 1855 decimam
1676 1768 1835 1859 manipu-

279 1895 401 1984 larem,
427 1900 464 1964 et
490 1913 553 1983 per
571 1913 630 1963 sex
658 1893 796 1982 ierugas
817 1891 1031 1993 canapalem‚
1058 1911 1123 1981 pro
1142 1866 1353 1965 monasterio
1373 1848 1717 1981 Wanabucaensijss‘et
1734 1888 1835 1961 valor

154 2072 160 2083 .
230 2012 236 2025 '
279 2016 354 2086 eius
381 2015 585 2085 aestimatur
612 2012 656 2083 ad
684 2018 832 2102 quatuor
859 2032 1002 2083 marcas
1047 2010 1220 2081 Medietas
1246 2009 1493 2083 autemvillae
1529 2008 1572 2081 de
1599 2009 1694 2099 agris
1720 2010 1833 2097 noris,

280 2133 384 2207 solvit
411 2134 577 2233 decimam
613 2132 862 2222 manipularem
900 2153 963 2222 pro
991 2133 1153 2221 episcopo
1181 2129 1411 2203 Cracorieusi.
1456 2127 1614 2200 Confluat
1640 2120 1717 2203 cum
1744 2129 1834 2220 My-

279 2274 429 2343 rzecz,
457 2252 710 2343 Grzybowa
736 2273 867 2341 gora,
894 2249 1114 2341 Jagodne.
1827 2212 1889 2333 'P‘

384 2373 554 2463 Osruow,
582 2374 664 2444 villa
691 2374 755 2444 sub
777 2373 940 2461 parocbia
969 2373 1134 2443 ecclesiae
1161 2373 1203 2443 de
1231 2372 1494 2462 Trzesznya
1521 2373 1599 2459 sita,
1627 2372 1723 2441 cuius
1750 2392 1833 2461 pro·
1974 2436 1977 2441 .

280 2496 410 2585 prietas
437 2493 481 2565 ad
508 2494 753 2566 monasterium
781 2491 1060 2565 Wancboczeuse
1087 2493 1246 2582 pertinet.
1273 2492 1312 2562 In
1331 2514 1401 2583 qua
1418 2498 1499 2563 sunt
1526 2512 1586 2561 sex
1611 2491 1831 2567 bonumne

280 2614 513 2687 cmetbouales
549 2614 717 2685 babentes
745 2634 866 2702 agroS,
894 2618 929 2683 ot
956 2612 1133 2703 quaelibet
1159 2613 1264 2683 solvit
1294 2633 1358 2703 pro
1385 2633 1491 2683 consu
1518 2633 1623 2681 unum
1650 2610 1833 2683 fertonem.
1976 2680 1983 2687 .

279 2735 366 2806 item
395 2721 540 2835 quilibet
567 2734 702 2813 cmetbo
731 2733 774 2805 de
802 2733 999 2805 lrortnlania
1035 2734 1171 2805 laborat
1207 2733 1429 2819 unum,diem
1467 2731 1629 2822 pedester
1661 2732 1695 2801 in
1722 2733 1833 2823 septi·
1917 2732 1925 2751 '

280 2875 391 2943 mana,
418 2856 542 2926 itinere
560 2861 596 2925 et
615 2854 733 2925 labore
761 2853 922 2944 pedestri.
950 2854 1035 2925 110οι
1065 2877 1132 2925 000
1161 2853 1297 2925 solvunt
1322 2875 1397 2942 ora,
1425 2874 1535 2943 neque
1562 2873 1690 2941 caseos,
1716 2872 1879 2945 nequq„·

280 2995 432 3047 arenam.
464 2974 550 3053 Item
578 2996 647 3046 non
674 2975 835 3047 laborant
856 2973 1048 3070 promolmm.
1097 2975 1183 3047 Item
1211 2975 1357 3065 quilibet
1385 2974 1490 3045 solvit
1523 2994 1628 3045 unum
1655 2992 1831 3064 caponem.

278 3095 365 3166 Item
400 3116 468 3167 non
495 3101 550 3167 est
576 3096 623 3166 ibi
652 3095 850 3185 praedium,
887 3118 955 3167 nou
992 3101 1074 3167 sunt-
1100 3096 1286 3181 tabernae,
1322 3116 1433 3185 neque
1470 3095 1698 3166 lrortulaniae.
1741 3093 1829 3167 110οι

278 3236 396 3287 omnes
423 3217 497 3305 agri
526 3215 780 3305 praedictarum
807 3237 865 3287 ser
895 3216 1181 3305 hortulaniarum,
1209 3217 1266 3306 qui
1294 3216 1524 3289 aestimantur
1550 3215 1597 3287 ad
1623 3236 1685 3287 sex
1710 3213 1768 3299 lan
1874 3298 1881 3315 .

278 3336 404 3426 largos,
431 3336 569 3408 solvunt
595 3343 631 3407 et
658 3336 853 3408 conducunt
880 3336 1045 3408 decimam
1070 3336 1317 3427 manipularem
1336 3343 1372 3406 et
1390 3336 1587 3426 cauepalem
1617 3356 1680 3424 pro
1699 3234 1903 3481 vitaer*

278 3458 499 3547 praebendae¹
522 3457 831 3546 Sandomiriensis3
866 3479 954 3548 quae
981 3457 1178 3547 appellatur
1206 3456 1443 3547 Mydlowska,
1471 3457 1569 3529 cuius
1596 3457 1696 3527 valor

278 3586 393 3651 matur
420 3579 464 3650 ad
491 3578 578 3650 duas
606 3564 758 3667 marcas,
799 3578 984 3669 aliquando
1012 3578 1056 3649 ad
1084 3583 1244 3668 quatuor,
1270 3583 1329 3649 001
1358 3578 1518 3669 quinque.
1564 3576 1725 3649 Confluat

279 3698 576 3790 Nabrzeszye
603 3706 640 3769 et
667 3698 940 3792 Trzesznya

365 3818 598 3891 ,anraowa
625 3840 725 3891 norm
754 3820 990 3891 Lmsmowl
1016 3820 1172 3908 Wourn,
1199 3820 1283 3892 villa
1309 3820 1373 3892 sub
1401 3820 1566 3910 parochia
1593 3820 1757 3891 ecclesiae
1784 3818 1830 3911 de
1941 3894 1949 3903 ,

278 3938 434 4030 Myrcz
462 3941 548 4029 sita,
584 3941 681 4011 cuius
709 3941 905 4030 proprietas
933 3939 978 4011 ad
1005 3940 1250 4012 monasterium
1278 3940 1556 4012 Wancboczense
1582 3941 1743 4032 pertinet.
1787 3941 1829 4011 In

279 4081 347 4150 qua
374 4065 455 4130 sunt
482 4060 549 4132 duo
577 4061 666 4131 lanei
702 4067 763 4133 aut
790 4038 939 4151 quatuor
975 4061 1227 4149 cmetbonales,
1262 4066 1298 4133 01
1324 4061 1470 4152 quilibet
1496 4060 1602 4133 solvit
1632 4080 1829 4153 perunum

278 4178 458 4271 fertonem,
485 4182 566 4253 item
594 4203 660 4253 ora
686 4182 840 4272 triginta,
876 4183 957 4254 item
985 4182 1097 4272 gallos
1124 4182 1219 4271 duos,
1256 4183 1338 4254 item
1366 4202 1496 4270 caseos,
1531 4183 1613 4253 item
1634 4178 1831 4278 pronubam,

277 4303 359 4385 item
387 4303 495 4391 labor,
532 4303 614 4375 item
642 4278 797 4398 osszpep,
833 4305 916 4374 item
942 4300 1109 4392 taberna,
1141 4304 1223 4373 item
1251 4303 1447 4394 hortulani,
1473 4304 1563 4375 item¹
1584 4304 1829 4385 molendinum.

277 4424 364 4495 Item
392 4422 570 4513 praedium
597 4444 665 4495 uon
692 4430 747 4494 est
773 4423 973 4495 coenobiale
992 4425 1027 4494 in
1045 4424 1164 4495 eadem
1185 4423 1276 4495 villa.
1305 4423 1392 4495 ltem
1422 4424 1580 4497 scoltetia
1605 4433 1669 4515 est,
1696 4425 1829 4497 habeus

277 4545 363 4617 duos
388 4544 516 4634 laneos,
543 4546 579 4615 in
607 4544 726 4615 eadem
754 4544 847 4634 villa,
874 4544 1019 4617 etfacit
1046 4545 1616 4617 0001101001000011100000010010.
1643 4545 1730 4618 Item
1749 4551 1830 4636 post

276 4686 393 4739 omnes
430 4686 532 4755 agros
568 4666 716 4738 solvitur
743 4670 778 4737 ot
804 4666 1009 4740 conducitur
1045 4667 1179 4739 decima
1214 4666 1439 4756 manipularis
1466 4672 1502 4739 et
1529 4667 1722 4757 canapalis,
1764 4687 1829 4758 pro

83 4844 94 4869 ,
235 4856 255 4879 ‚
276 4768 485 4861 monasterio
515 4786 794 4882 Waucboczensi,
822 4793 857 4858 et
884 4789 981 4860 valor
1008 4788 1084 4859 eius
1111 4789 1316 4861 aestimatur
1342 4788 1386 4869 ad
1414 4787 1501 4859 dues
1528 4807 1673 4860 marcas.
1713 4784 1835 4859 000113

275 4913 337 4980 001
362 4929 439 4979 cum
466 4907 693 5001 Jagodue,
720 4905 896 4998 (ludica,
923 4907 1308 4999 Sakarsziczsko,
1335 4909 1566 5007 Parszow,
1593 4908 1826 5000 Szdbpow.

380 5028 612 5103 anrszown
641 5025 802 5118 Wocrn,
829 5030 893 5101 sub
921 5030 1086 5120 parochio
1114 5030 1278 5101 ecclesiae
1306 5032 1348 5101 de
1376 5031 1722 5103 Woncboczslro
1748 5031 1827 5122 sita,

275 5150 372 5219 cuius
399 5150 607 5240 proprietas,
621 5150 663 5220 ad
692 5151 938 5221 monasterium
967 5150 1247 5223 Woncbocaenso
1281 5153 1440 5241 pertinet.
1486 5151 1525 5222 ln
1554 5173 1619 5242 qun
1648 5159 1730 5224 sunt·
1756 5151 1827 5225 duo

274 5277 410 5341 tantum
438 5271 528 5341 lanei
557 5271 801 5362 curetlronales,
829 5277 864 5342 ot
884 5272 1028 5363 quilibet
1055 5272 1161 5343 solvit
1188 5293 1251 5362 pro
1270 5293 1375 5343 censu
1403 5294 1507 5345 uuum
1534 5272 1714 5361 fertonem,
1742 5273 1826 5343 item

274 5412 341 5463 ora
366 5392 522 5481 triginta
550 5391 633 5462 item
651 5392 761 5479 gallos
780 5391 876 5481 droa,
904 5394 983 5463 item
1012 5412 1142 5480 roseos,
1168 5393 1250 5463 item
1271 5391 1468 5487 0010110000
1495 5395 1576 5465 item
1605 5394 1714 5484 labor,
1741 5394 1827 5465 item

274 5536 427 5608 omepep,
455 5514 537 5585 item
564 5513 729 5601 tabenm,
765 5513 846 5583 item
875 5513 1062 5587 hortulani.
1105 5512 1191 5586 Item
1231 5514 1463 5586 molendinum
1500 5521 1536 5586 et
1571 5514 1703 5587 fabrica
1738 5514 1825 5587 ferri

274 5639 328 5705 est
353 5635 401 5705 ibi
428 5639 463 5705 01
490 5635 592 5705 solrit
622 5656 685 5724 pro
704 5655 807 5705 censu
835 5634 952 5707 decem
972 5640 1007 5705 01
1026 5640 1103 5705 octo
1131 5655 1277 5707 marcas.
1305 5636 1390 5706 ltem
1419 5636 1599 5725 praedium
1625 5635 1826 5707 coenobiale

277 5756 312 5825 in
340 5755 458 5826 eudem
493 5754 577 5824 villa
612 5777 680 5826 non
710 5762 772 5825 est.
816 5754 904 5825 item
933 5755 1094 5827 scoltetia
1128 5764 1199 5844 est,
1235 5758 1367 5831 babens
1395 5757 1480 5828 duos
1508 5755 1645 5846 100000,
1680 5755 1823 5829 etfacit

273 5876 440 5947 scoltetus
469 5876 613 5947 servitia
641 5877 862 5947 monasterio.
890 5876 977 5948 Item
1005 5883 1086 5965 post
1108 5899 1226 5948 omnes
1254 5898 1357 5967 agros
1385 5877 1530 5949 solvit-nr
1557 5884 1593 5948 et
1620 5877 1825 5949 conducitur

273 5996 403 6067 decimo
431 5996 656 6093 nranipuluris
683 6004 719 6067 et
745 5995 939 6086 carrapuliS,
981 6019 1043 6087 pro
1072 5998 1219 6087 plebano
1247 5998 1537 6086 Wanebomensi,
1564 6004 1600 6069 et
1626 5998 1723 6069 ralor
1750 5999 1826 6069 eius

271 6119 476 6189 aestimatur
502 6118 546 6189 ad
574 6117 660 6188 duas
688 6138 834 6206 marcae,
861 6118 1047 6209 aliquando
1075 6119 1119 6191 od
1147 6125 1304 6209 quatuor.
1332 6117 1489 6189 (10011001
1519 6140 1595 6190 cum
1622 6118 1823 6210 Lyenar-

268 6239 1005 6329 1000100111,1100010,ὓο0000.
