4217 8059
306 1501 382 1574 234

305 1711 413 1781 sterio
442 1762 556 1778 .....
597 1705 685 1777 Item
704 1709 784 1797 post
812 1725 915 1795 agros
944 1703 1178 1775 cmetbonales
1206 1703 1356 1776 solvitur
1375 1703 1507 1773 decima
1533 1701 1760 1791 manipularis
1790 1701 1863 1793 epi-

306 1850 411 1919 scopo
438 1826 677 1917 cracoviensi,
705 1833 740 1898 et
767 1826 866 1897 valor
892 1827 966 1896 eius
994 1824 1269 1897 aestimatur'ad
1296 1824 1443 1895 mediam
1471 1843 1631 1894 marcam.

408 1949 688 2037 Manaowrcza,
715 1948 798 2019 villa
826 1948 890 2017 sub
917 1947 1083 2036 parocbia
1109 1946 1153 2016 de
1179 1944 1365 2015 Manina
1392 1946 1469 2033 sita
1497 1945 1594 2015 cuins
1619 1944 1724 2015 villae
1750 1926 1863 2016 maior

104 2154 115 2167 ,
272 2071 471 2160 'medietas
507 2069 551 2140 ad
578 2068 825 2139 monasterium
862 2067 1010 2138 Sanctae
1028 2065 1159 2138 'Crucis
1193 2067 1355 2156 pertinet
1395 2065 1531 2154 inqua
1567 2064 1753 2136 medietate
1780 2071 1862 2135 suut
1948 2080 1953 2084 ·

191 2222 194 2233 ·
246 2202 259 2231 ’
302 2197 377 2262 tres
403 2190 503 2261 lanei·
522 2188 775 2278 cmetbonales,
803 2196 840 2259 et
858 2188 1006 2278 quilibet
1031 2187 1137 2259 solvit
1164 2187 1206 2257 de
1226 2187 1325 2285 laneo
1352 2186 1499 2256 mediam
1527 2181 1749 2276 se'xageuam
1776 2187 1862 2256 item

163 2326 167 2335 '
200 2376 206 2393 ,
305 2312 451 2403 quilibet
476 2311 615 2382 laborat
641 2331 754 2381 unum·
776 2310 865 2379 diem
902 2309 937 2379 in
966 2309 1179 2398 septimana,
1215 2308 1357 2397 proprio
1385 2326 1488 2377 curru
1515 2312 1577 2378 ant
1604 2312 1742 2396 aratro,
1778 2307 1861 2377 item

199 2515 203 2519 ,
303 2432 451 2523 triginta
480 2453 564 2520 ova,
601 2431 682 2502 item
709 2430 820 2520 gallos
849 2430 953 2518 duoS,
990 2431 1073 2500 item
1102 2449 1240 2517 caseos,
1276 2430 1360 2498 item
1391 2428 1538 2499 taberna
1552 2435 1634 2497 'una
1661 2428 1863 2498 monasterii

303 2552 437 2627 babens
464 2573 586 2644 agros,
610 2558 659 2622 et
686 2551 791 2624 solvit
827 2571 890 2641 pro
917 2571 1022 2621 censu
1059 2570 1162 2621 unam
1192 2570 1341 2620 maroam
1369 2555 1405 2619 et
1431 2568 1534 2619 unum
1562 2568 1740 2639 gronam,
1776 2550 1860 2619 item

290 2664 525 2747 -bortulaniae
556 2694 623 2744 non
660 2679 751 2744 sunt.
790 2673 878 2743 Item
909 2672 1048 2743 decima
1085 2672 1132 2742 ibi
1160 2671 1385 2760 manipularis
1423 2671 1575 2760 episcopi
1612 2669 1862 2758 Oracoviensis,

295 2797 387 2896 item
415 2796 595 2885 praedium
623 2816 692 2866 non
720 2799 782 2864 est.
822 2793 910 2864 Item
937 2792 1171 2864 molendinum
1197 2792 1402 2863 monasterii
1430 2812 1505 2862 cum
1533 2791 1674 2881 piscina,
1703 2800 1739 2861 et
1757 2791 1863 2861 soluit

304 2936 407 2988 unam
437 2933 651 3008 sexagenum.
692 2915 780 2986 item
800 2915 945 2985 alteram
974 2914 1193 2985 medietatem
1206 2904 1386 2983 'maiorem
1405 2912 1510 2982 villae
1537 2913 1667 2983 babent
1694 2911 1860 2984 Nicolaus
1901 2920 1911 2930 ·

305 3042 341 3110 'et
375 3036 500 3109 Petrus
536 3037 670 3108 nobiles
705 3036 876 3108 dedomo
912 3035 936 3106 J
947 3034 1237 3107 astrzambcz
1248 3056 1278 3124 y.
1325 3032 1423 3104 Hanc
1459 3033 1575 3104 villam
1612 3026 1749 3103 eteius
1784 3040 1860 3104 tres

303 3166 423 3250 partes
451 3159 534 3228 emit
559 3157 793 3259 Matthias
821 3158 929 3228 abbas
957 3177 1021 3246 pro
1048 3156 1258 3226 monasterio
1296 3176 1316 3224 a
1343 3153 1625 3243 Zirniczsky
1652 3161 1689 3224 et
1717 3152 1860 3244 Bogu-

304 3279 516 3370 slawsky.
556 3277 716 3350 Confluat
743 3299 819 3349 cum
847 3277 1158 3365 Rostowioze‚
1198 3275 1518 3371 Nagorzycze,
1544 3272 1861 3346 Witboslani-

166 3484 170 3490 .
304 3418 398 3489 cae,
426 3397 692 3488 Graszkou,
719 3398 994 3470 Janowicze.
1698 3410 1701 3415 ·
1753 3412 1757 3417 ·

335 3596 339 3605 .
408 3516 770 3612 Graszkow,'villa
797 3520 861 3589 sub
880 3519 1046 3608 parocbia
1074 3518 1117 3588 de
1135 3513 1322 3587 Manina
1349 3517 1436 3605 sita,
1463 3517 1561 3587 cuius
1588 3515 1788 3605 proprietas
1816 3516 1861 3587 ad

303 3642 550 3711 monasterium
588 3624 734 3711 Sanctae
770 3639 891 3710 Crucis
928 3639 1089 3729 pertinet.
1123 3638 1266 3728 inqua
1301 3644 1382 3708 sunt
1417 3643 1496 3707 octo
1523 3656 1599 3707 cum
1626 3635 1740 3707 medio
1766 3636 1859 3706 lanei

304 3760 538 3832 cmetbonales
566 3766 601 3831 et
620 3760 725 3831 solvit
751 3760 898 3849 quilibet
923 3758 1093 3829 fertonem
1121 3766 1157 3828 et
1175 3778 1239 3849 pro
1265 3754 1432 3854 porodlne
1459 3764 1609 3848 quatuor
1633 3758 1747 3846 grossi
1774 3758 1858 3828 item

306 3880 453 3972 quilibet
480 3880 619 3953 laborat
646 3881 733 3951 dnos
761 3880 835 3949 dies
862 3881 897 3951 in
917 3881 1112 3968 septimana
1139 3881 1281 3969 proprio
1309 3898 1412 3950 curro
1441 3884 1515 3949 aut
1529 3860 1657 3966 aratro,
1685 3880 1766 3948 item
1795 3898 1862 3949 oua

303 4001 463 4090 triginta,
491 4001 573 4070 item
596 4000 710 4090 gallos
738 4000 833 4072 duos.
861 4001 943 4069 item
972 4018 1108 4089 caseoS,
1136 4000 1217 4070 item
1245 4001 1391 4071 taberna
1418 4020 1487 4070 una
1513 3999 1644 4069 babens
1673 4018 1797 4088 agros,
1824 4007 1861 4069 et

305 4120 409 4190 solvit
436 4141 500 4209 pro
521 4140 624 4191 censu
653 4121 740 4191 duae
768 4140 923 4209 marcas,
951 4121 1034 4190 item
1053 4120 1243 4209 hortulani,
1270 4121 1353 4191 item
1373 4119 1552 4209 praedium
1581 4124 1635 4188 est
1661 4118 1861 4189 coenobiale

304 4239 441 4330 bonum
469 4241 511 4311 de
530 4241 626 4311 cuius
653 4242 747 4331 agris
774 4263 842 4311 non
862 4241 1010 4312 solvitur
1036 4241 1139 4312 alicui
1167 4241 1316 4331 decima,
1344 4241 1497 4311 sedeam
1527 4241 1775 4312 monasterium
1795 4258 1859 4328 pro

305 4378 343 4429 ae
369 4359 470 4429 tollit.
510 4361 596 4432 itam
626 4362 669 4432 de
696 4362 791 4452 agris
818 4361 1093 4433 cmetbonalibus
1120 4362 1269 4432 solvitur
1295 4367 1331 4431 et
1357 4361 1564 4432 conducitur
1590 4361 1725 4431 decima
1751 4361 1862 4430 mani-

289 4479 435 4571 pularis
471 4487 506 4550 et
532 4484 724 4574 canapalis,
759 4503 824 4574 pro
852 4485 1064 4555 monasterio
1100 4482 1246 4553 Sanctae
1273 4481 1395 4553 Crucis
1431 4481 1563 4553 Calvi
1592 4480 1790 4569 Montis,
1824 4488 1861 4552 et

305 4600 403 4672 valor
438 4602 512 4672 eius
540 4606 745 4676 aestimatur
780 4605 823 4675 ad
851 4604 1031 4676 duodecim
1058 4623 1201 4675 marcas.
1241 4603 1329 4674 Item
1366 4609 1420 4674 est
1448 4605 1482 4673 in
1511 4603 1629 4673 eadem
1657 4601 1741 4672 villa
1769 4622 1860 4673 ome-

304 4721 457 4793 tboualis
485 4721 603 4792 laneus
631 4745 732 4812 unns,
754 4727 819 4815 ‚qui
847 4727 1071 4815 proprietate·
1094 4745 1157 4795 sua
1182 4725 1337 4815 pertinet
1364 4723 1407 4796 ad
1430 4725 1628 4815 episcopum
1657 4722 1862 4794 Lubuczen·

307 4854 403 4931 sem,
425 4840 522 4912 etde
541 4841 637 4911 ouius
659 4845 759 4932 agris
786 4845 934 4917 solvitur
960 4845 1094 4917 decima
1123 4845 1347 4935 manipularis
1376 4846 1538 4937 episcopo
1566 4843 1795 4943 Lnbbczensi,
1825 4851 1872 4915 et·

306 4983 376 5032 una
402 4982 520 5032 marca
546 4982 610 5050 pro
629 4981 743 5031 censu.
783 4964 869 5035 ltem
896 4988 1000 5038 unum
1029 4968 1223 5057 pomarium
1250 4973 1304 5038 est
1331 4968 1379 5038 ibi
1403 4966 1598 5057 episcopale
1625 4965 1860 5036 Lubuozense.

307 5083 392 5153 Item
429 5102 498 5151 nna
525 5081 724 5153 hortulania
750 5086 903 5174 episcopi
929 5086 1180 5178 Lnbuczensis,
1217 5095 1252 5157 et
1280 5089 1385 5159 solvit
1413 5141 1555 5157 ......
1593 5087 1680 5157 Item
1717 5092 1772 5156 est
1809 5087 1858 5156 ibi

306 5224 378 5274 una
404 5203 501 5293 sylva
527 5202 704 5292 pertinens
740 5202 782 5272 ad
811 5206 1008 5295 episcopum
1034 5188 1303 5280 Lubuczeusem.
1343 5207 1504 5280 Confluat
1529 5227 1607 5278 oum
1635 5206 1722 5278 Tru
1735 5207 1861 5279 sabo-

307 5323 485 5416 lyaszy‚
521 5322 801 5414 J-anowicze,
832 5323 1176 5419 ¹Milepouicze,
1212 5337 1247 5401 et
1278 5328 1463 5401 Pirkow
1500 5333 1536 5399 et
1570 5329 1647 5399 aliis
1683 5328 1776 5399 villis
1814 5318 1859 5399 ad

307 5443 499 5536 Pyrkow
525 5445 791 5534 pertinentibus.
1214 5467 1217 5472 ·

410 5566 738 5657 Monnraozrczn,
770 5565 853 5637 villa
879 5566 1012 5637 habens
1038 5568 1074 5638 in
1104 5588 1141 5638 se
1167 5572 1399 5659 parochialem
1431 5571 1614 5643 ecclesiam
1622 5568 1766 5687 §aucto
1794 5570 1861 5641 se

306 5688 445 5759 aedicto
464 5689 632 5774 dicatam,
659 5708 724 5778 per
741 5690 943 5779 magistrum
969 5688 1273 5761 Bartholomaenm
1293 5692 1335 5761 de
1353 5692 1586 5783 Oppatbou
1604 5666 1742 5782 lapideo
1760 5712 1861 5762 muro

306 5808 521 5882 fabricatam.
548 5809 587 5879 ln
606 5829 674 5900 qua
692 5815 774 5880 sunt
800 5815 878 5882 octo
907 5829 983 5880 cum
1011 5809 1125 5881 medio
1152 5811 1243 5881 lanei
1271 5813 1503 5884 cmetbonales
1531 5821 1566 5883 et
1584 5813 1729 5903 quilibet
1756 5812 1861 5883 solvit

306 5953 370 6022 pro
390 5951 494 6002 censu
522 5951 625 6000 anam
653 5950 801 6000 marcam
822 5931 933 6001 minus
962 5937 1112 6022 quatuor
1137 5933 1287 6022 grossis,
1314 5933 1398 6002 item
1416 5932 1527 6021 gallos
1553 5933 1673 6023 duos,
1686 5933 1860 6005 itemova

306 6053 460 6141 triginta,
488 6051 568 6121 item
596 6069 735 6138 caseos3
770 6050 854 6121 item
882 6051 1026 6141 quilibet
1053 6052 1191 6128 laborat
1226 6050 1317 6123 diem
1344 6071 1448 6121 onum
1477 6052 1511 6122 in
1540 6055 1749 6142 septimana,
1777 6073 1861 6142 pro-

306 6174 383 6264 prio
411 6193 515 6244 curru
543 6178 604 6242 aut
631 6178 767 6261 aratro,
804 6171 887 6241 item
914 6171 1079 6244 ducturas
1106 6172 1236 6242 iaciunt
1263 6171 1456 6261 ordinarie,
1483 6173 1566 6243 item
1594 6175 1760 6244 tabernae
1786 6180 1861 6256 tres

306 6293 475 6365 habentes
502 6314 621 6384 agros,
649 6293 826 6383 quaelibet
852 6293 957 6364 solvit
984 6294 1070 6364 duas
1097 6311 1231 6362 marcas
1260 6299 1295 6362 et
1322 6313 1426 6362 uuum
1453 6292 1642 6380 fertonem3
1667 6295 1861 6365 itam-bor·
1910 6365 1915 6373 ,

306 6413 458 6484 tulaniae
486 6421 557 6483 tres
585 6415 901 6504 babentes‘agros3
937 6415 1019 6485 item
1058 6413 1190 6502 piscina
1223 6413 1257 6483 in
1285 6413 1399 6484 medio
1427 6414 1543 6505 villae,
1582 6417 1663 6484 item
1687 6420 1862 6505 stagnum,

417 6664 455 6735 ..ᾗ
