4217 8059
1725 1484 1798 1555 285
1881 1506 1885 1513 ·

124 1769 126 1772 ,
259 1712 320 1780 pro
349 1711 452 1761 censu
479 1711 548 1759 una
574 1710 691 1759 marca
717 1710 794 1761 cum
820 1688 935 1759 media
961 1694 996 1759 et
1023 1695 1102 1758 octo
1129 1689 1250 1775 grossi.
1277 1688 1364 1758 Item
1383 1689 1459 1776 agri
1477 1707 1594 1761 omnes
1621 1693 1692 1757 tam
1719 1688 1829 1782 hor-¹

184 1822 193 1862 ’-
257 1813 464 1882 tulaniarum
505 1830 606 1900 quam
643 1811 883 1892 tabernarum,
923 1809 1077 1879 solvunt·
1097 1810 1263 1879 decimam
1299 1809 1548 1898 manipularem
1584 1807 1803 1897 praebendae

257 1932 496 2017 Cracoriensi,
532 1948 619 2018 quae
647 1935 790 2001 vocatur
816 1929 1133 2018 Sthanyateczsha,
1156 1938 1197 1999 et
1223 1936 1386 2001 tenentur
1413 1949 1487 2000 eam
1515 1930 1666 2018 propriis
1692 1929 1802 1999 curri-

117 2038 121 2045 ’
257 2054 321 2121 hus
351 2051 512 2120 inducere
540 2051 573 2119 in
602 2030 763 2121 horreum
792 2070 812 2117 a
839 2051 1003 2120 canonico
1030 2049 1220 2134 locandum,
1248 2056 1284 2118 et
1309 2048 1406 2118 valor
1434 2049 1508 2118 eius
1527 2049 1799 2118 aestimator...

259 2172 344 2240 Item
371 2172 407 2239 in
436 2170 554 2239 eadem
583 2169 666 2239 villa
692 2175 745 2238 est
772 2169 949 2256 praedium
987 2170 1070 2237 satia
1098 2169 1243 2254 honum,
1280 2169 1360 2238 hcet
1396 2189 1464 2238 uon
1492 2156 1641 2257 amplum
1677 2186 1800 2237 coeno·

258 2292 359 2378 hlale,
388 2292 422 2360 in
449 2291 534 2359 duos
561 2309 699 2377 campos
727 2288 892 2371 divisum,
928 2288 970 2357 de
998 2288 1095 2358 cuius
1130 2288 1224 2374 agris
1251 2287 1423 2376 aliquibus
1451 2268 1599 2376 percipit
1625 2306 1700 2357 eam
1728 2307 1801 2356 mo-

260 2411 465 2496 nesterium,
502 2409 544 2478 de
572 2408 744 2497 aliquibus
781 2428 863 2477 vero
899 2407 992 2478 cedit
1022 2407 1057 2476 in
1081 2404 1288 2499 ,qoailhwcm
1323 2407 1537 2494 praebendae
1574 2404 1803 2477 Gracovieusi.

258 2530 345 2598 Item
371 2529 455 2598 villa
482 2527 636 2616 praefata
664 2528 813 2598 hahebat
835 2529 947 2596 bonas
975 2527 1088 2615 sylvas
1107 2534 1143 2596 et
1162 2526 1291 2613 horres,
1319 2527 1379 2596 sed
1403 2525 1510 2596 multa
1537 2531 1702 2614 occupata
1720 2530 1802 2596 sunt

260 2668 322 2736 per
349 2648 538 2737 potentiam
566 2648 658 2735 regis
685 2657 720 2733 et
748 2667 887 2716 suorum
915 2645 1122 2732 officialium,
1148 2653 1186 2715 et
1212 2653 1326 2716 castro
1354 2645 1714 2735 Nyepalomicze
1740 2665 1804 2733 per

260 2769 329 2837 vim
357 2768 589 2856 approprIata.
617 2767 704 2836 Item
723 2766 805 2837 rilla
823 2765 980 2854 praefata
999 2765 1151 2837 confluat
1168 2785 1244 2835 cum
1271 2766 1303 2835 N
1313 2766 1522 2854 yepalam
1534 2767 1647 2852 icze,
1675 2764 1805 2836 stha-

262 2888 487 2977 uyantky,
515 2886 740 2974 Zagurae,
769 2885 1038 2956 Podlansze.
1106 2932 1109 2941 ,

365 3005 508 3093 Garun,
536 3006 618 3075 villa
645 3008 709 3075 suh
736 3007 902 3093 parochia
929 3005 1093 3091 ecclesiae
1121 3006 1164 3075 de
1182 3006 1411 3105 Brzeszpe
1438 3007 1515 3093 sita,
1534 3006 1629 3076 cuius
1649 3007 1805 3095 proprie·
1854 3087 1870 3097 .,
1911 3083 1919 3097 .
1995 2994 2007 3047 ’-

175 3129 177 3132 ⁴
260 3134 316 3196 tas
351 3134 388 3196 et
422 3126 609 3195 dominium
650 3125 694 3195 ad
734 3126 980 3196 monasterium
1021 3125 1332 3205 sanctimonialium
1372 3126 1418 3195 in
1443 3114 1810 3215 Sthauyanth'kp'

260 3247 419 3335 pertinet.
447 3246 486 3315 In
515 3267 583 3334 qua
609 3252 689 3314 sunt
717 3253 865 3335 quatuor
891 3246 981 3315 lanei
1009 3244 1250 3331 cmethonaleS,
1277 3266 1422 3334 quorum
1449 3266 1538 3316 unus
1561 3245 1664 3333 solvit
1682 3245 1805 3335 viginti

262 3373 400 3453 scottae,
417 3376 500 3436 ‘tres
527 3386 610 3435 vero
637 3365 770 3434 residui
798 3365 941 3453 quilibet
967 3372 1039 3435 tres
1066 3364 1228 3451 fertones,
1255 3366 1338 3435 item
1366 3366 1496 3454 vIgInti·
1516 3385 1591 3449 ora,
1617 3366 1698 3436 item
1718 3363 1808 3443 duos

257 3506 397 3573 caseos,
434 3487 516 3555 item
554 3486 640 3555 duos
676 3485 796 3573 gallos.
836 3486 921 3554 Item
958 3485 1104 3575 quilibet
1139 3485 1273 3555 emetha
1309 3486 1352 3555 de
1378 3485 1497 3572 laneo,
1523 3506 1546 3556 a
1570 3485 1660 3568 festo
1686 3485 1806 3557 Sancti

263 3604 444 3676 Michaelis
472 3626 579 3693 usque
606 3604 650 3674 ad
677 3603 799 3674 festum
828 3604 945 3674 Sancti
972 3604 1152 3692 Iohannis,
1178 3611 1328 3674 tenetur·
1343 3604 1504 3675 laborare
1531 3611 1604 3676 tres
1631 3605 1705 3679 dies
1723 3623 1804 3692 pro·

264 3726 340 3813 prio
376 3744 478 3795 curru
514 3733 575 3792 aut
610 3731 748 3810 aratro,
775 3723 911 3794 alesta
948 3744 1029 3794 vero
1067 3722 1182 3825 &acti
1218 3723 1388 3794 Iohannis
1415 3744 1523 3814 usque
1550 3724 1594 3794 ad
1621 3723 1745 3794 lestum
1772 3722 1805 3793 S.

264 3843 461 3931 Michaelis,
488 3845 531 3914 de
568 3845 666 3913 laneo
703 3844 856 3932 quolibet
892 3844 947 3914 die
982 3850 1145 3914 terrentur
1171 3844 1348 3931 laborare,
1375 3850 1514 3933 praeter
1540 3845 1629 3915 diem
1656 3843 1808 3931 Sabbatl,

265 3965 325 4035 sed
361 3965 471 4035 solum
508 3964 674 4033 medietas
712 3964 813 4034 villae
850 3964 1001 4051 laborat,
1029 3964 1193 4034 medietas
1222 3985 1303 4034 vero
1330 3972 1440 4034 vacat.
1481 3965 1565 4034 Item
1594 3963 1738 4052 quilibet
1764 3963 1807 4035 de
1855 3946 1879 4019 ¹·

254 4084 363 4154 laneo
399 4083 503 4154 solvit
537 4083 624 4153 duas
658 4104 757 4154 coros
783 4104 930 4169 arenae,
958 4104 1139 4154 mensurae
1166 4082 1405 4154 (bracariensis
1433 4084 1616 4154 confertae.
1657 4084 1744 4154 Item
1772 4084 1806 4153 iu

265 4203 384 4274 eadem
411 4204 493 4273 villa
519 4224 587 4273 non
615 4211 696 4272 sunt
721 4204 866 4290 aliquae·
884 4204 1058 4290 tabernae,
1086 4224 1195 4291 neque
1223 4205 1382 4291 piscinae.
1410 4205 1497 4273 Item
1525 4224 1592 4273 non
1607 4182 1701 4273 'suut
1728 4204 1808 4273 hor-

265 4323 426 4414 tulauiae.
453 4324 549 4393 Item.
567 4330 620 4392 est
646 4322 823 4410 praedium
852 4323 886 4391 in
916 4322 998 4392 silla
1024 4321 1180 4410 praelata
1206 4323 1404 4393 coenobiale
1422 4323 1558 4409 honum,
1577 4323 1619 4393 de
1638 4343 1705 4410 qua
1724 4321 1809 4393 nulli

266 4443 370 4513 solvit
404 4443 568 4523 decimani
586 4502 590 4509 .
605 4442 872 4530 manipularem,
908 4443 970 4512 sed
1005 4463 1080 4513 earu
1117 4463 1180 4530 pro
1212 4463 1248 4511 se
1276 4442 1368 4512 tollit
1395 4452 1431 4511 et
1450 4436 1498 4511 in
1520 4442 1681 4513 horreum
1700 4461 1807 4513 suum

265 4563 406 4634 inducit.
439 4563 526 4633 Item
562 4564 637 4652 egri
674 4568 709 4631 et
735 4562 826 4633 lanei
853 4563 955 4634 villae
982 4557 1157 4652 praelatae
1194 4563 1332 4632 solvunt
1358 4563 1523 4632 decimam
1550 4562 1809 4649 manipularem,

266 4691 303 4753 et
328 4704 390 4771 per
417 4688 563 4774 quatuor
599 4684 737 4771 derogas
771 4683 987 4772 canapalem,
1024 4683 1188 4753 ecclesiae
1216 4681 1404 4770 parochiali
1434 4682 1468 4753 in
1498 4682 1746 4778 Brzeszye,
1772 4688 1809 4753 et

265 4810 428 4873 tenentur
455 4823 529 4872 eam
557 4803 706 4891 propriis
734 4802 891 4873 curribus
919 4803 1053 4903 ducere¹
1071 4805 1106 4872 in
1133 4805 1296 4872 horreum
1324 4823 1345 4871 a
1372 4802 1518 4890 plebano
1546 4800 1747 4891 locandum,
1771 4808 1808 4871 et

267 4923 364 4992 valor
390 4924 463 4993 eius
478 4923 694 4991 aestImatur
721 4923 764 4992 ad
792 4923 943 5012 quiaque
971 4942 1113 4993 marcas.
1141 4922 1228 4992 Item
1247 4920 1435 5010 sciendum,
1454 4922 1534 5011 quia
1552 4920 1634 4993 villa
1652 4919 1810 5011 praelata

266 5050 342 5113 tota
368 5043 482 5115 locata
508 5042 593 5111 alias
621 5041 685 5111 hrit
712 5043 844 5131 integre
873 5030 1120 5130 cmethonihus,
1149 5043 1250 5113 hodie
1277 5062 1360 5113 vero
1387 5048 1463 5113 tota
1489 5042 1666 5123 desertata
1692 5047 1755 5130 est,
1772 5047 1809 5117 at

268 5165 344 5251 agri
379 5161 612 5232 cmethonales
649 5162 749 5231 villae
785 5161 961 5249 praelatae
998 5163 1157 5233 coluntur
1190 5183 1253 5251 pro
1280 5162 1423 5251 praedIo
1448 5161 1624 5251 coenobii,
1650 5166 1686 5232 et
1712 5160 1811 5233 multi

269 5280 344 5370 agri
381 5281 481 5351 villae
509 5283 600 5352 versi
628 5288 709 5352 sunt
725 5260 770 5351 'in
798 5283 985 5371 praedium.
1022 5282 1109 5352 Item
1145 5282 1227 5353 villa
1262 5281 1416 5371 praelata
1438 5282 1587 5353 continet
1613 5302 1689 5352 cum
1718 5282 1808 5353 villis

270 5401 478 5501 Brnesze,
505 5401 654 5472 Socha
680 5401 812 5490 Raha,
839 5401 1416 5492 Sthanyathky,.Zagorze.

374 5521 560 5609 Ponuazr,
587 5523 670 5594 villa
696 5523 760 5593 sub
787 5524 951 5611 parochia
977 5523 1141 5595 ecclesiae
1168 5521 1211 5594 de
1239 5522 1595 5612 Nyepolomicze
1623 5522 1698 5612 sita,
1717 5523 1812 5595 enim

270 5644 465 5731 proprietas
501 5650 536 5717 et
570 5644 757 5714 dominium
792 5644 836 5714 ad
873 5644 1150 5715 sanctImoniales
1186 5644 1342 5715 coenobii
1379 5645 1412 5713 in
1451 5642 1813 5735 Sthanyanthky

270 5763 371 5851 pleno
398 5764 473 5854 iure
500 5765 658 5852 pertinet.
685 5765 726 5833 In
751 5783 820 5852 qua
846 5771 928 5833 sunt
953 5765 1069 5834 decern
1097 5764 1188 5834 lanei
1214 5764 1458 5851 cmetlrouales,
1476 5770 1513 5832 et
1531 5764 1675 5853 quilibet
1693 5764 1812 5835 laneus
1845 5767 1852 5779 “

271 5902 334 5970 pro
362 5903 475 5952 annuo
503 5903 605 5953 censu
626 5884 736 5960 solvit
763 5883 1021 5972 quatuordecim
1049 5878 1189 5972 scottos,
1208 5885 1290 5954 item
1309 5882 1396 5953 duos
1415 5886 1573 5972 capones,
1591 5883 1678 5977 item
1692 5884 1815 5972 viginti

271 6023 354 6089 ova,
382 6004 464 6073 item
492 6004 578 6073 duos
604 6024 742 6092 caseos;
769 6005 851 6073 ilem
880 6023 943 6091 pro
972 6001 1142 6095 inpodowe
1168 6004 1314 6093 quilibet
1340 6010 1481 6087 tenetur
1506 6003 1640 6073 salvere
1667 6003 1816 6079 nemum

271 6142 447 6211 grossum,
474 6124 568 6193 item
595 6143 657 6211 pro
690 6144 848 6216 mamae
875 6123 979 6192 etiam
1004 6122 1156 6192 medium
1184 6112 1361 6211 grossum3
1398 6125 1480 6195 item
1508 6122 1654 6212 quilibet
1680 6129 1819 6197 tenetur

272 6243 315 6314 de
342 6244 443 6331 laneo
472 6244 622 6329 solvere,
650 6242 735 6315 duos
762 6264 860 6329 coroa
878 6263 1017 6313 avenae
1044 6261 1226 6313 mensurae
1252 6242 1488 6343 Gramriensis
1516 6241 1701 6315 confertae.
1727 6242 1818 6339 ltqrp
1971 6323 1976 6328 ,

272 6365 419 6433 taberna
436 6409 439 6415 -
454 6384 524 6434 una
549 6382 619 6435 uon
645 6362 776 6433 hahens
801 6384 924 6454 agros,
950 6383 1037 6452 quae
1063 6363 1217 6452 pertinet
1242 6361 1288 6433 ad
1313 6363 1562 6452 proprietatem
1588 6342 1758 6461 eacssne
1778 6365 1815 6437 in
1906 6376 1909 6382 ’
2015 6375 2018 6380 ’
