4217 8059
236 1516 259 1593 3
313 1481 385 1555 uo

309 1694 408 1780 sunt,
434 1687 517 1761 item
544 1683 722 1777 praedium
749 1705 822 1756 non
844 1690 907 1755 est.
947 1683 1037 1754 Item
1064 1702 1183 1754 omnes
1210 1681 1287 1773 agri
1313 1680 1416 1753 villae
1443 1676 1582 1754 solvunt
1607 1687 1645 1751 et
1662 1675 1859 1764 oorrdueunt

308 1809 480 1883 dammam,
501 1806 749 1895 manipularem
776 1810 813 1875 et
830 1804 1031 1893 oanapalem
1058 1825 1122 1894 pro
1150 1803 1361 1875 monasterio
1388 1801 1683 1891 Ymramorienai,
1708 1808 1745 1873 et
1762 1801 1861 1874 valor

154 1998 157 2003 .
308 1930 383 2001 aias
408 1926 615 1999 aestimator
650 1926 695 1997 ad
722 1926 873 2015 quinque
898 1945 1043 1996 mareas.
1070 1925 1159 1995 ltem
1186 1924 1419 1996 molendinum
1446 1929 1632 2027 estunam
1659 1922 1709 1993 ibi
1735 1922 1772 1993 in
1797 1920 1860 1993 Iu·

200 2034 203 2039 ’
308 2050 399 2120 mine
423 2046 657 2139 Dlubnya,
684 2045 777 2136 qnod
795 2045 899 2118 solvit
926 2065 989 2135 pro
1008 2046 1219 2117 monasterio
1246 2065 1381 2116 mareas
1398 2045 1561 2136 quinque.
1597 2043 1762 2115 Gonlinat
1780 2063 1857 2114 eum

309 2168 465 2258 Uliua,
491 2166 816 2258 Srryenyawa,
842 2165 1173 2238 Scriboraieze
1199 2172 1236 2243 et
1262 2165 1623 2238 Ymramowiere
1924 2158 1926 2162 ’

412 2288 668 2377 Tnznezrasz,
696 2287 779 2357 villa
796 2287 861 2358 sub
879 2287 1045 2375 parocbia
1063 2286 1107 2357 de
1123 2285 1146 2357 J
1155 2287 1357 2376 angrotb
1383 2287 1461 2376 sita,
1484 2286 1586 2357 onina
1603 2285 1798 2376 proprietas
1816 2283 1860 2357 ad

311 2409 560 2499 monasterium
595 2407 878 2480 Ymramoviense
909 2408 1073 2496 pertinet
1112 2407 1152 2477 In
1179 2427 1249 2498 qua
1275 2413 1357 2479 sunt
1382 2406 1563 2479 duodecim
1589 2406 1682 2477 lanei
1707 2405 1859 2495 emetbo

307 2529 425 2620 nales,
452 2533 490 2599 et
515 2528 619 2600 solvit
645 2527 791 2618 quilibet
825 2547 889 2618 pro
917 2546 1023 2598 censu
1048 2548 1155 2599 unum
1181 2525 1371 2617 fertonem,
1405 2527 1489 2597 item
1516 2546 1583 2598 ora
1608 2526 1752 2616 viginti,
1779 2525 1859 2596 item

306 2649 419 2739 gallos
444 2649 550 2738 duos,
586 2648 668 2718 item
695 2666 832 2718 eoseum
858 2668 974 2719 unum.
1013 2648 1103 2718 Item
1130 2647 1292 2721 laborant
1326 2654 1363 2719 at
1388 2646 1507 2718 eolunt
1525 2667 1636 2737 agros
1664 2644 1858 2737 praedialoa

307 2744 525 2858 monasterii,
561 2768 722 2857 serendo,
757 2767 936 2856 metendo,
970 2773 1009 2838 et
1033 2767 1272 2856 conducendo,
1299 2774 1371 2838 tam
1397 2787 1462 2857 pro
1488 2768 1629 2858 hyeme,
1663 2786 1766 2857 qnam
1787 2786 1857 2854 -pro

307 2910 409 2979 vere;
443 2890 527 2960 item
562 2910 679 2983 eoepep
715 2889 855 2960 solvimt
890 2909 951 2960 sex
987 2889 1111 2960 cboros
1149 2909 1279 2960 avenae
1314 2894 1351 2959 et
1386 2882 1513 2978 quator·
1529 2963 1534 2977 ,
1549 2889 1675 2961 choros
1701 2886 1860 2977 siliginis.

121 3056 133 3069 -
168 2986 173 3009 ¹
213 3100 216 3105 ι
308 3010 398 3095 bem
418 3007 603 3105 pomobmn
622 3009 791 3082 laborant
809 3015 1004 3100 utramque,
1031 3030 1096 3098 pro
1114 3010 1236 3099 hyeme
1262 3009 1396 3081 seilicet
1421 3014 1459 3081 et
1475 3021 1542 3099 pro¹
1558 3028 1650 3081 vera
1689 3007 1779 3079 Item
1805 3016 1860 3078 est

309 3130 358 3202 ibi
375 3129 523 3201 taberna
548 3150 619 3201 una
635 3131 837 3203 monasterii
856 3121 987 3202 babens
1014 3150 1136 3219 agros,
1163 3136 1201 3201 et
1218 3130 1323 3217 solvit
1349 3150 1414 3221 pro
1430 3149 1536 3201 censu
1563 3135 1696 3220 septem
1716 3149 1859 3201 umreaa

309 3249 397 3323 ltem
427 3249 647 3323 bortulauiae
677 3250 746 3321 non
786 3256 876 3322 sunt.
919 3250 1008 3322 Item
1040 3257 1094 3321 est
1126 3251 1174 3321 ibi
1206 3250 1367 3321 scoltetia
1396 3250 1528 3322 habens
1554 3249 1642 3322 duos
1672 3249 1792 3321 lenem
1825 3254 1862 3320 et

309 3390 412 3441 unam
438 3371 633 3459 tabernam,
663 3370 765 3442 etde
793 3371 952 3442 omnibus
978 3369 1127 3441 solvitur
1152 3370 1287 3442 decima
1312 3369 1536 3459 manipularis
1567 3368 1742 3441 edelmiae·
1755 3389 1858 3459 parm

163 3496 167 3505 “
309 3491 413 3562 ahiali
445 3491 482 3560 in
506 3490 753 3579 Jaugroth.
797 3490 886 3561 ltem
917 3510 1036 3561 omnes
1067 3491 1142 3579 agri
1173 3491 1276 3562 villae
1307 3491 1448 3563 solvunt
1478 3498 1515 3562 et
1541 3491 1737 3563 eonducrrnt
1766 3490 1860 3569 deal,
1925 3529 1927 3532 ·

311 3630 403 3680 mam
431 3610 681 3701 manipularem
708 3616 745 3681 et
762 3610 962 3700 oauapalem
981 3631 1045 3701 pro
1063 3612 1275 3683 monasterio
1293 3611 1583 3702 Ymramoviensi,
1599 3618 1652 3683 et
1668 3611 1767 3684 valor
1785 3611 1860 3681 eius

284 3777 286 3780 -
308 3731 513 3803 aestimatur
529 3731 575 3801 ad
593 3731 744 3821 quinque
759 3750 910 3820 mareas,
936 3731 1123 3822 aliquando
1141 3733 1187 3803 ad
1205 3741 1294 3805 octo.
1308 3731 1409 3805 Item
1427 3732 1671 3806 molendinum
1697 3731 1859 3805 Oonlinat
1899 3826 1902 3835 Ι

309 3871 386 3921 enm
413 3849 659 3940 Jangrotlr,
685 3849 883 3941 Glanow,
909 3852 1150 3925 Zadrosze.
1761 3924 1763 3929 .

411 3971 644 4061 ZaoonovrA,
680 3972 763 4044 villa
789 3974 854 4044 sub
889 3974 1056 4062 parocbia
1075 3956 1125 4055 ¹de
1152 3974 1505 4047 Ymramowioze
1531 3974 1618 4064 sita,
1653 3975 1750 4046 ouius
1777 3984 1859 4065 prd-

116 4174 130 4193 ‚.
308 4091 439 4180 prietes
464 4091 510 4161 ad
536 4093 783 4164 monasterium
810 4092 1094 4165 Ymramoviense
1121 4094 1282 4183 pertinet
1316 4093 1357 4166 In
1384 4115 1455 4184 qua
1480 4094 1680 4185 sunt.lanei
1706 4095 1861 4166 ernetbo-

127 4216 131 4221 '
239 4268 242 4273 .
308 4211 423 4301 nales,
450 4218 487 4282 et
513 4211 660 4301 quilibet
686 4213 792 4285 solvit
817 4233 882 4302 pro
908 4234 1012 4285 oensu
1048 4235 1155 4286 unam
1180 4213 1368 4305 fertonem,
1394 4217 1479 4287 item
1505 4236 1573 4288 ova
1598 4215 1741 4305 viginti,
1777 4216 1860 4287 itam

306 4331 393 4405 duos
418 4331 544 4422 gallos,
581 4333 665 4403 item
691 4355 797 4405 unum
823 4354 979 4424 caseum
1015 4336 1099 4407 item
1126 4337 1288 4409 laborant
1313 4343 1351 4408 et
1380 4336 1501 4409 oolunt
1533 4356 1638 4426 agros
1663 4336 1858 4427 praedialea
1975 4392 1977 4397 .

256 4542 259 4547 Ι
308 4453 525 4543 monasterii,
564 4454 715 4545 arando,
755 4456 920 4546 serendo,
968 4457 1176 4548 arpioando,
1206 4457 1386 4548 metendo,
1427 4456 1647 4530 conducendo
1686 4464 1862 4547 tempto

179 4534 448 4675 Ι,Ιςκ-ζιῖἶᾶήχθιηθ,
483 4594 585 4663 quam
618 4594 800 4666 provere
839 4576 927 4648 Item
955 4576 1141 4673 potoobooa
1175 4578 1338 4650 laborant
1372 4586 1573 4677 utramque,
1600 4586 1671 4650 mur
1699 4577 1859 4649 videlieet

307 4693 545 4766 intrumentis
571 4694 787 4785 hyemalibus
814 4717 917 4786 quam
944 4697 1179 4769 aestivalibus
1217 4698 1310 4769 Item
1337 4678 1454 4792 oasyep
1481 4699 1619 4771 solvunt
1647 4719 1707 4769 ser
1729 4699 1860 4771 eborea

308 4832 439 4885 arenae
467 4822 504 4886 et
529 4822 679 4905 quatuor
705 4816 872 4906 siliginis,
908 4837 1101 4889 mensurae
1258 4819 1345 4890 Item
1372 4820 1537 4910 taberna,
1563 4820 1645 4891 itam
1673 4818 1860 4908 hortulani,

308 4936 392 5005 item
419 4935 616 5025 praedium,
654 4938 736 5009 item
763 4937 925 5009 scultetis
959 4945 1014 5008 eat
1049 4938 1117 5029 ibi,
1152 4939 1285 5012 babens
1321 4948 1471 5030 quatuor
1496 4941 1624 5012 laneos.
1664 4940 1752 5012 Item
1779 4947 1860 5029 post

186 5140 194 5149 ι
307 5076 426 5146 omnes
452 5077 557 5146 agros
583 5058 817 5130 cmetbonales
843 5064 880 5130 et
897 5059 1108 5157 scultetiales
1135 5061 1283 5133 solvitur
1308 5068 1345 5133 et
1362 5062 1567 5135 conducitur
1589 5062 1723 5133 deoima
1748 5062 1858 5133 mani·

153 5196 232 5275 'ff
306 5176 438 5269 palaris
463 5159 694 5267 eteauapalis
714 5200 777 5268 pro
796 5158 1007 5251 monasterio
1033 5181 1071 5251 ln
1089 5173 1454 5273 Imramo'wioze,
1480 5192 1517 5255 et
1535 5184 1633 5255 valor
1659 5183 1734 5254 eiua
1751 5184 1857 5267 aesti-
1902 5241 1904 5245 a

154 5288 158 5293 ’
307 5303 423 5369 matur
447 5298 494 5371 ad
520 5299 701 5373 duodecim
729 5320 872 5371 marcas
914 5300 1076 5375 Gerulimt
1112 5323 1189 5375 oum
1217 5303 1442 5394 Milunky,
1480 5302 1680 5393 Glanow,
1706 5298 1860 5375 e't-Ym·

308 5439 588 5493 ramowreze.

451 5680 653 5807 Decimae
685 5685 969 5786 manipulares
1002 5687 1247 5765 monasterii
1281 5684 1335 5765 ds
1367 5685 1718 5768 Ymramowloze'.
1844 5732 1848 5741 ·

411 5904 716 5994 Ymaauowrczn,
742 5904 876 5976 damma
902 5905 1127 5995 manipularis
1159 5913 1239 5997 post
1266 5907 1352 5978 duos
1380 5907 1499 5977 laneos
1526 5908 1761 5980 emethonales
1787 5928 1861 5981 mo·

307 6027 473 6117 nasteru,
500 6033 536 6097 et
562 6025 660 6097 valor
686 6028 761 6097 eius
788 6026 831 6096 ad
858 6026 945 6097 duas
971 6047 1115 6097 uraroas.

414 6132 1311 6239 TflauuawA,deoimamouasteriiI'mramoviensis,
1321 6149 1707 6223 aestimaturaddeoem
1717 6172 1860 6224 marcas.

411 6267 667 6357 Manrszrcaa,
694 6269 827 6341 decima
844 6270 1046 6341 monasterii
1075 6266 1386 6356 Ymramovieuais,
1414 6270 1617 6341 aestimatur
1644 6271 1688 6343 ad
1707 6273 1859 6362 quinque
1930 6266 1933 6287 ²

260 6392 267 6405 ’
308 6404 454 6467 marcas.
