4217 8059
1749 1360 2187 1516 ‘'²³¹‘.·5'·⁵''''³·
2207 1354 2377 1529 '2⁴1

1881 1533 2006 1599 ,ἡκ
2058 1549 2071 1559 ·
2281 1551 2303 1576 ⁹

551 1700 674 1767 aut
727 1700 964 1767 aratro
1017 1716 1229 1767 unum
1282 1696 1466 1768 diem
1518 1697 1590 1767 in
1649 1682 2033 1786 septimana
2082 1694 2431 1782 laborare.»
2479 1702 2553 1769 et
2602 1694 2863 1768 faciunt
2916 1697 3247 1768 ducturas
3304 1695 3393 1768 ad
3436 1698 3652 1770 ratio-

549 1838 706 1889 nem
761 1817 1048 1906 dierum3
1101 1818 1268 1888 item
1323 1838 1610 1890 avenam
1665 1838 1802 1889 non
1840 1816 2014 1889 dant
2063 1816 2485 1906 cmethones3
2538 1819 2733 1889 item·
2762 1817 3097 1889 decimam
3130 1820 3651 1913 ‚manipularem

549 1939 636 2011 de
691 1940 1012 2011 omnibus
1083 1940 1270 2029 agris
1325 1939 1532 2028 dant,
1603 1944 1676 2009 et
1725 1939 2062 2011 inducunt
2125 1941 2523 2010 cmothones
2594 1939 2878 2029 proprio
2952 1960 3159 2011 curru
3228 1941 3651 2013 monasterio

549 2060 1174 2161 Szeczechoviensi,
1227 2066 1302 2131 et
1351 2060 1550 2131 valor
1601 2060 1751 2131 eins
1805 2060 1892 2131 ad
1949 2080 2070 2131 sex
2126 2082 2413 2131 marcas.
2467 2061 2641 2131 Item
2694 2060 3162 2132 molendinum
3218 2068 3325 2131 cst
3378 2062 3474 2131 ibi
3528 2061 3654 2132 ha-

553 2182 724 2253 bens
777 2202 1004 2272 agroS,
1059 2180 1338 2253 solvens
1396 2201 1526 2271 pro
1581 2200 1791 2252 censu
1845 2180 2019 2252 duas
2072 2202 2343 2253 marcas
2396 2201 2524 2272 pro
2579 2182 2872 2253 ecclesia
2923 2182 2995 2252 in
3050 2181 3653 2255 Szeczechow

550 2302 950 2393 parochiali.
1003 2304 1176 2373 Item
1231 2302 1564 2377 decimam
1621 2303 2018 2393 canapalem
2073 2303 2353 2375 solvunt
2401 2323 2529 2394 per
2582 2307 2726 2374 tres
2780 2304 3073 2394 ierugaS.
3128 2302 3448 2375 Confinat
3498 2322 3651 2375 cum

553 2424 736 2496 villis
787 2424 1392 2516 Koszynycze
1414 2479 1697 2513 ......
1749 2424 1888 2495 Per
1943 2424 2477 2513 Sethcgium
2536 2425 2856 2496 comitem
2910 2425 3185 2497 donata.

759 2545 1244 2635 anssmcm,
1297 2545 1466 2617 villa
1517 2546 1716 2617 iuxta
1767 2545 1971 2617 Visl
1995 2566 2038 2617 a
2059 2566 2130 2616 m
2184 2545 2338 2636 sita,
2392 2545 2656 2618 habens
2709 2546 2781 2616 in
2818 2566 2893 2617 se
2936 2544 3403 2638 parochialem
3440 2546 3655 2617 eccle-

552 2668 724 2739 sia-m
778 2667 1072 2757 ligneam
1092 2722 1109 2757 ,
1183 2658 1378 2739 cuius
1432 2668 1767 2757 plebanus
1847 2673 1920 2738 et
1974 2668 2209 2759 oppidi
2265 2667 2905 2739 Szeczechoviensis
2974 2688 3155 2738 unns
3208 2672 3419 2759 atque
3471 2666 3651 2739 idem

517 2796 680 2878 est,
733 2795 806 2860 et
859 2789 1068 2860 villae
1121 2790 1516 2880 proprietas
1588 2788 1894 2880 pertinet
1947 2790 2036 2861 ad
2091 2790 2585 2861 monasterium
2658 2787 3295 2861 Szeczechoviense.
3383 2790 3461 2860 In
3520 2810 3656 2879 qna

552 2916 716 2982 sunt
769 2912 1072 3002 quinque
1097 2912 1308 2988 lanei
1361 2911 1850 3001 cmethonaleS,
1905 2916 1977 2982 ct
2031 2912 2324 3002 quilibet
2378 2911 2587 2983 solvit
2640 2932 2767 3001 pro
2804 2930 3013 2983 censu
3066 2932 3274 2982 unum
3312 2912 3650 2983 fertonem

551 3038 624 3103 et
675 3033 968 3122 triginta
1021 3053 1181 3122 ova,
1253 3033 1425 3104 item
1479 3033 1651 3104 duos
1704 3034 1966 3124 gallos3
2038 3033 2201 3104 item
2260 3033 2551 3123 quilibet
2604 3033 2690 3103 de
2744 3033 2945 3105 laneo
3000 3038 3280 3107 tenetur
3329 3033 3653 3105 laborare

552 3174 763 3226 unum
815 3153 998 3239 diem
1069 3155 1140 3225 in
1197 3131 1620 3245 septimana,
1693 3161 1767 3225 et
1817 3154 2081 3225 faciunt
2153 3154 2481 3227 ducturas
2553 3154 2643 3225 ad
2696 3155 3035 3227 rationem
3106 3155 3412 3245 dierum,
3484 3155 3649 3247 item

553 3274 902 3347 humnlnm
959 3276 1258 3366 solvunt,
1314 3276 1607 3371 quilibet
1658 3298 1872 3348 unum
1929 3276 2214 3348 chorum
2270 3275 2671 3347 confertum.
2722 3275 2898 3347 Item
2938 3281 3101 3347 sunt
3152 3278 3251 3348 ibi
3302 3277 3654 3367 tabernae,

551 3419 691 3468 una
741 3398 1182 3487 monasterii,
1237 3403 1310 3469 et
1363 3397 1576 3469 solvit
1630 3398 2090 3488 quadraginta
2142 3418 2460 3489 grossos,
2516 3404 2589 3468 et
2641 3397 2819 3469 duae
2872 3398 3191 3488 plebani,
3254 3418 3393 3469 una
3447 3397 3655 3469 solvit

553 3520 846 3591 mediam
903 3538 1351 3610 sexagenam,
1421 3521 1762 3592 habentes
1835 3540 2070 3592 omnes
2128 3542 2333 3610 agros
2354 3534 2397 3610 ,·
2443 3519 2668 3591 altera
2720 3519 3015 3590 mediam
3068 3539 3390 3591 marcam.
3476 3520 3651 3591 Item

551 3662 686 3712 non
743 3646 906 3712 sunt
954 3641 1427 3731 hortulaniae,
1500 3661 1639 3712 non
1695 3646 1803 3713 est
1855 3641 2340 3713 molendinum.
2430 3641 2607 3713 Item
2662 3640 2993 3712 scoltetus
3067 3646 3175 3712 est
3236 3641 3335 3712 ibi
3386 3632 3653 3713 habetis

553 3761 726 3833 duos
778 3762 1016 3834 laneos
1068 3762 1344 3834 liberos,
1399 3762 1572 3833 Item
1623 3740 1766 3834 nna
1817 3764 2130 3852 taberna,
2186 3782 2359 3852 quae
2415 3762 2625 3834 habet
2678 3782 2905 3853 agroS,
2961 3762 3169 3834 solvit
3222 3782 3427 3833 unam
3472 3779 3655 3843 mar-

553 3904 720 3955 cam.
807 3883 982 3954 Item
1036 3904 1171 3955 non
1229 3889 1337 3955 est
1388 3885 1488 3955 ibi
1544 3884 1921 3974 praedium.
2000 3885 2179 3956 Item
2234 3889 2393 3974 post
2446 3867 2682 3955 omnes
2736 3904 2943 3975 agros
2998 3884 3291 3973 scolteti,
3348 3883 3654 3955 cmetho-

553 4007 744 4077 nales
797 4012 870 4076 et
919 4008 1386 4096 tabernarum,
1443 4007 1737 4078 solvitur
1774 4006 2042 4077 decima
2076 4007 2532 4096 manipularis⁴
2572 4005 2871 4097 plebano
2925 4007 2997 4076 in
3051 4005 3656 4077 Szeczechow

551 4132 624 4198 et
675 4126 1027 4199 inducitur
1080 4128 1151 4197 in
1203 4128 1530 4199 horreum
1566 4148 1609 4197 a
1635 4128 1937 4218 ,plebano
1992 4127 2377 4215 locandum,
2433 4134 2504 4198 et
2556 4128 2754 4199 valor
2805 4129 2955 4199 eius
3009 4128 3098 4199 ad
3136 4127 3438 4218 quinque
3472 4147 3657 4197 mar-

547 4268 679 4320 cas.
732 4248 909 4320 Item
962 4247 1297 4320 decimam
1349 4250 1594 4339 canapi
1647 4246 1926 4321 solvunt
1977 4268 2104 4338 per
2155 4270 2362 4319 unam
2416 4250 2745 4338 ierugam.
2798 4248 3119 4320 Gonfinat
3162 4268 3316 4320 cum
3370 4246 3497 4319 Ko
3520 4270 3553 4319 s
3574 4268 3646 4317 z-

554 4370 829 4442 micze
883 4375 958 4441 et
1008 4370 1162 4441 aliis
1216 4369 1400 4441 villis
1453 4370 1684 4460 regiis.
1738 4368 1875 4441 Per
1929 4368 2186 4439 milites
2242 4370 2515 4441 donata.

760 4490 1030 4580 PsARY,
1086 4491 1252 4561 villa
1296 4492 1424 4563 sub
1461 4490 1794 4582 parochia
1845 4490 2177 4561 ecclesiae
2230 4490 2316 4560 de
2370 4490 2996 4562 Brzesznicza
3047 4491 3202 4581 sita,
3262 4489 3456 4561 cuius
3490 4510 3653 4581 pro-

554 4612 814 4701 prietas
885 4613 974 4683 ad
1028 4614 1524 4683 monasterium
1581 4612 2201 4684 Szeczechoviense
2272 4612 2594 4703 pertinet.
2681 4612 2763 4683 In
2818 4632 2954 4703 qua
3024 4617 3188 4684 sunt
3242 4618 3405 4683 'tres
3472 4611 3657 4683 lanei

551 4734 1038 4824 cmethonales,
1093 4741 1167 4805 et
1220 4736 1512 4826 quilibet
1565 4754 1690 4824 pro
1745 4755 1954 4806 censu
2010 4736 2220 4807 solvit
2272 4735 2633 4824 fertonem,
2714 4735 2884 4805 item
2937 4735 3234 4825 triginta
3286 4754 3436 4823 ova,
3490 4735 3655 4806 item

550 4855 721 4927 duos
772 4855 1032 4946 gallos3
1084 4856 1253 4927 item
1309 4856 1603 4947 quilibet
1655 4856 1742 4928 de
1795 4858 1996 4929 laneo
2050 4862 2332 4929 tenetur
2386 4876 2601 4928 unum
2658 4856 2839 4928 diem
2895 4857 2967 4926 in
3023 4856 3409 4946 septimana
3462 4856 3655 4927 labo-

553 4998 710 5049 rare
728 5033 744 5066 ‚
817 4978 1103 5068 proprio
1157 4998 1366 5049 curru
1433 4983 1555 5049 aut
1608 4982 1879 5069 aratro,
1951 4985 2025 5049 et
2055 4978 2341 5050 -faciunt
2392 4979 2720 5049 ducturas
2791 4978 2903 5049 ad·
2932 4979 3273 5049 rationem
3346 4978 3656 5067 diernm3

553 5099 718 5171 item
772 5099 1069 5171 taberna
1121 5120 1259 5170 una
1295 5095 1576 5169 ‘habens
1631 5120 1855 5190 agros,
1912 5101 2121 5172 solvit
2174 5121 2383 5171 unum
2420 5099 2780 5189 fertonem3
2834 5100 2999 5170 item
3036 5100 3475 5177 hortulaniae
3512 5121 3647 5172 non

555 5226 732 5308 sunt,
785 5221 953 5292 item
1007 5221 1372 5311 praedium
1427 5241 1564 5292 non
1620 5226 1748 5310 est;
1802 5221 1968 5293 item
2023 5221 2377 5292 humulum
2432 5222 2711 5294 solvunt
2763 5221 3056 5311 quilibet
3106 5242 3317 5293 unum
3372 5222 3656 5293 chorum

554 5339 954 5412 confertum.
1005 5342 1182 5413 Item
1236 5350 1400 5432 post
1449 5363 1686 5414 omnes
1739 5362 1944 5435 agros
2000 5343 2297 5414 solvitur
2368 5341 2638 5416 decima
2688 5343 3140 5433 manipularis
3197 5343 3529 5414 ecclesiae
3582 5343 3653 5413 in

554 5464 1154 5535 Szeczechow
1205 5470 1278 5536 et
1330 5465 1684 5536 inducitur
1736 5466 1806 5535 in
1851 5465 2177 5536 horreum
2234 5486 2276 5535 a
2329 5465 2625 5556 plebano
2678 5464 3064 5553 locandum,
3118 5464 3315 5536 valor
3369 5464 3517 5535 eins
3570 5463 3658 5534 ad

552 5589 696 5653 tres
750 5604 1040 5656 marcas.
1095 5586 1268 5658 Item
1322 5584 1656 5681 decimam
1711 5586 2110 5676 canapalem
2167 5585 2447 5658 solvunt
2497 5606 2624 5677 per
2675 5606 2884 5658 unam
2940 5586 3268 5675 ierugam.
3335 5584 3655 5657 Gonfinat

552 5724 704 5774 cum
759 5704 1300 5779 Koszmicze
1355 5713 1428 5779 et
1481 5707 1637 5777 aliis
1692 5707 1878 5778 villis
1937 5708 2170 5797 regiis.
2226 5706 2365 5778 Per
2420 5706 2965 5797 Setheginm
3021 5706 3341 5778 comitem
3378 5706 3653 5778 donata.

761 5825 1260 5918 San'fflxow,
1315 5829 1481 5900 villa
1517 5828 1647 5900 sub
1683 5828 2012 5918 parochia
2065 5828 2151 5899 de
2205 5829 2616 5920 Antiqua
2666 5828 3003 5900 Radom
3058 5828 3215 5918 sita,
3270 5830 3462 5901 cuins
3499 5847 3659 5918 pro-

552 5946 815 6035 prietas
869 5952 942 6019 et
991 5947 1368 6021 dominium
1422 5950 1512 6021 ad
1563 5950 2062 6021 monasterium
2111 5948 2731 6023 Szeczechoviense
2788 5951 3112 6042 pertinet.
3166 5951 3248 6022 In
3304 5972 3442 6041 qua
3488 5956 3661 6021 sunt

567 6069 868 6160 quinque
923 6070 1106 6142 lanei
1159 6071 1644 6162 cmethonales,
1697 6077 1769 6142 et
1821 6071 2115 6162 quilibet
2162 6071 2374 6145 solvit
2425 6093 2553 6163 pro
2591 6090 2801 6143 censu
2834 6092 3047 6143 unum
3080 6071 3439 6160 fertonem,
3493 6071 3657 6143 item

551 6191 844 6282 triginta
897 6211 1048 6280 ova,
1102 6192 1268 6263 item
1321 6192 1542 6282 gallos
1597 6193 1793 6284 dnos3
1847 6195 2014 6265 item
2063 6192 2391 6267 laborant
2443 6213 2653 6264 unum
2707 6193 2890 6264 diem
2925 6194 2997 6265 in
3034 6192 3445 6283 septimana,
3497 6213 3657 6284 pro·
3766 6184 3777 6195 ’

550 6312 704 6401 prio
759 6330 967 6385 curru
1021 6318 1145 6384 aut
1195 6317 1432 6385 aratro
1451 6370 1468 6405 ,
1549 6320 1621 6386 et
1671 6316 2002 6389 ducturas
2055 6314 2151 6389 ad·
2198 6314 2539 6415 rationem
2595 6315 2861 6387 dierum
2914 6312 3194 6386 faciunt.
3280 6292 3485 6385 Item²
3512 6335 3653 6387 non

553 6439 722 6509 sunt
773 6435 874 6509 ibi
927 6435 1284 6525 tabernae,
1335 6453 1560 6529 neque
1591 6437 2076 6513 molendinum.
2126 6416 2322 6541 Itafl
2342 6441 2451 6509 est
2483 6435 2897 6529 hortulania,
2948 6436 3122 6508 nihil
3166 6436 3393 6529 solvit,
3446 6458 3660 6511 unum
