4217 8059
309 1472 383 1542 ιιι
1134 1448 1136 1452 ’
1309 1407 1579 1495 '⁰²

305 1678 494 1748 animarum
524 1673 698 1745 salubrius
724 1672 920 1742 recolatur
986 1698 1114 1777 q-‚eqt
1127 1669 1283 1743 volumus
1309 1673 1346 1738 ot
1371 1667 1415 1737 ad
1442 1666 1480 1737 id
1506 1665 1632 1737 ιιιιιιι
1654 1665 1858 1737 monasterii

305 1799 474 1889 praedict
464 1796 704 1929 robligamus,
732 1793 808 1862 ιιι
799 1815 833 1863 ιι
862 1813 942 1863 con
1099 1794 1130 1887 f
1124 1791 1161 1861 in
1189 1790 1401 1861 monasterio
1420 1788 1577 1879 praefato
1597 1788 1744 1878 singulis
1761 1787 1858 1859 leriia

924 1895 1128 1984 1=³sse⁸⁴sso
1162 1912 1169 1925 ’
1191 1911 1321 1985 domini
1338 1909 1510 1983 Jobannis
1529 1910 1571 1981 de
1589 1907 1857 2001 Olyeschni-

305 2061 382 2111 ιιι
408 2038 564 2128 palatini,
592 2036 748 2126 germani
777 2035 887 2106 nostri
924 1996 1189 2122 nostrorumque
1217 2040 1400 2121 parentum
1427 2033 1698 2121 progenitorum
1714 2037 1754 2103 et·
1775 2051 1856 2101 con.-

306 2161 572 2248 sanguineorum
598 2157 721 2244 salute,
675 2163 802 2245 tper
828 2155 955 2253 fratros
981 2155 1054 2224 illic
1081 2154 1273 2225 existentes
1298 2153 1406 2225 mism
1432 2153 1672 2225 defunctorum
1699 2158 1858 2226 cantetur

304 2288 342 2353 et
368 2285 565 2370 peragatur.
591 2278 678 2349 Item
708 2277 874 2362 uolumus,
902 2283 942 2347 ut
969 2275 1115 2364 siugulis
1141 2275 1265 2361 diebus
1291 2272 1520 2364 septimanae,
1534 2273 1657 2345 diebus
1676 2273 1857 2347 dominicis

304 2410 342 2473 et
367 2401 629 2473 festivitatibus·
644 2399 841 2488 maioribus¹
859 2398 1023 2487 exceptis,
1051 2397 1087 2467 in
1113 2397 1219 2466 missa
1246 2378 1381 2469 matura
1408 2395 1586 2467 cantabili.
1599 2415 1663 2484 pro
1682 2400 1805 2477 nostra
1820 2402 1858 2469 et

306 2524 389 2595 dicti
416 2521 573 2613 germani
601 2520 711 2591 nostri
739 2519 867 2590 domini
895 2517 918 2592 J
928 2518 1126 2589 ohannis
1153 2517 1306 2606 palatini,
1331 2522 1597 2606 nostrorumque
1614 2510 1880 2607 praedecesso¹

309 2626 387 2715 rum
414 2643 575 2734 specialis
602 2641 754 2713 collecta.
774 2641 809 2710 iu
837 2641 910 2710 vita
936 2661 1000 2729 pro
1027 2639 1188 2728 peccatis,
1215 2638 1288 2711 fato
1307 2636 1434 2709 lunens
1453 2659 1516 2728 pro
1531 2638 1724 2713 annmbm
1750 2638 1859 2729 impe

306 2773 419 2836 natur.
459 2765 546 2834 ltem
582 2751 768 2833 teneantur
798 2761 926 2832 fratres
958 2760 1139 2850 praedicti·
1155 2760 1357 2831 monasterii
1384 2758 1451 2831 duo
1478 2759 1734 2851 anniversaria,
1759 2762 1859 2847 annis

306 2886 460 2975 siugulis,
487 2882 907 2973 temporibussperpetuis
934 2902 1046 2970 agere,
1074 2886 1189 2970 unum,
1216 2881 1307 2971 quod
1334 2902 1399 2971 pro
1426 2881 1526 2953 nobis
1552 2881 1589 2952 in
1616 2883 1737 2971 nostri,
1764 2883 1858 2953 aliud

306 3028 391 3078 vero
431 3008 467 3078 in
503 3004 652 3096 praelati
688 3004 818 3081 domiui
843 3003 876 3075 J
886 3003 1083 3075 ohannis
1119 3002 1265 3092 palatini
1300 3000 1608 3092 Sandomiriensis,
1636 3003 1859 3094 eiusdemque

309 3129 481 3199 consortis
508 3127 667 3197 dominae
693 3125 817 3196 Annae
838 3125 886 3195 de
923 3124 1157 3199 Thanczin
1194 3124 1311 3194 obitus
1346 3123 1500 3213 diebus‚·.
1521 3124 1660 3195 missam
1696 3124 1858 3197 defuncto
1926 3168 1930 3180 ·
1964 3110 1967 3115 ⁵

306 3270 381 3321 rum
384 3269 475 3338 ‚per
500 3248 598 3338 prius
630 3247 758 3318 ιιιιιι
749 3267 778 3316 rs
806 3245 935 3335 vigiliis
962 3265 1086 3315 novem
1112 3242 1298 3316 lectionum
1325 3242 1392 3315 die
1408 3244 1608 3354 immediate
1636 3245 1859 3335 praecedenti

307 3371 342 3441 in
379 3369 575 3440 huiusmodi
612 3367 860 3439 anniversariis
896 3357 1118 3455 complendo,
1146 3386 1247 3474 quam
1284 3366 1433 3455 primurn
1460 3350 1527 3439 eis
1537 3366 1611 3437 obit
1595 3371 1652 3438 tua
1678 3372 1798 3439 ιιιιιι
1815 3373 1860 3439 ιι

89 3488 183 3595 ,.’“,’.“·
307 3490 391 3560 dicti
418 3490 548 3560 domini
574 3487 815 3559 lobannis
842 3486 987 3576 palatini
1023 3488 1092 3557 erit
1118 3492 1230 3557 notus
1266 3487 1353 3557 Item
1379 3493 1566 3563 teneantur
1591 3485 1716 3559 fratres
1743 3508 1859 3559 mona

85 3588 102 3655 ⁵·
306 3611 406 3683 sterii
434 3609 603 3700 praedicti
631 3629 694 3698 pro
723 3608 823 3678 nobis
850 3614 886 3679 et
906 3607 1072 3697 praefato
1098 3607 1237 3681 domino
1263 3607 1287 3679 J
1297 3608 1476 3678 ohanne
1504 3608 1668 3698 palatino,
1696 3615 1859 3698 tanquam

198 3738 207 3770 ·’·
220 3714 226 3803 'z
240 3714 303 3829 --Ϊῇ
357 3732 368 3815 ἶ,
390 3732 417 3800 's
453 3736 489 3802 et
516 3729 636 3820 primis
663 3727 904 3801 fundatoribus
931 3729 1134 3800 monasterii
1150 3726 1327 3818 praefati,
1355 3729 1391 3800 ιι
1418 3729 1564 3819 missis,
1579 3729 1800 3817 orationibus
1825 3737 1863 3802 et

178 3890 194 3907 ··
229 3860 238 3879 ¹
381 3846 394 3855 ”
416 3848 486 3922 ¹svis
527 3851 604 3920 aliis
644 3850 816 3940 deprecat
793 3850 947 3921 tionibus
987 3869 1092 3940 agere
1127 3850 1330 3923 memoriam
1364 3849 1562 3939 specialem
1611 3849 1699 3921 ltem
1739 3850 1861 3922 damus

155 3952 222 4051 ·’·ςιῑ
386 3994 419 4043 ιι
447 3970 658 4045 monasterio
694 3970 922 4078 temporibus
942 3971 1120 4060 perpetuis
1155 3972 1191 4041 in
1218 3969 1357 4063 flumine
1384 3968 1537 4042 Nida
1527 3993 1564 4042 ιι
1591 3969 1750 4043 omuibus
1777 3972 1861 4043 locis

253 4076 352 4169 ·ῗ-ῗιιιι
380 4113 531 4182 quaese
561 4091 748 4162 dominium
775 4097 855 4162 nost
856 4113 932 4162 rum
960 4090 1126 4180 extendit,
1153 4091 1297 4161 liberam
1326 4091 1458 4181 absque
1485 4091 1695 4181 piscatorum
1722 4098 1859 4164 nostro-
1905 4185 1909 4191 .

309 4234 394 4302 rum,
422 4213 481 4303 qui
507 4212 632 4284 flumen
651 4211 847 4284 huiusmodi
874 4218 953 4302 pret
955 4213 988 4284 io
1015 4213 1226 4285 conveniunt
1253 4212 1465 4302 praeiudicio
1492 4219 1528 4284 et
1554 4213 1704 4286 damno
1681 4213 1859 4304 spissatu-

309 4355 393 4405 ram
416 4335 512 4405 Item
548 4334 706 4405 volumus
740 4339 781 4407 ut
816 4334 912 4425 prior
934 4339 975 4405 et
1000 4332 1128 4409 iratres
1165 4334 1367 4406 monasterii
1393 4334 1601 4424 praedicti'
1590 4356 1628 4405 ιι
1656 4334 1860 4407 molendinis

188 4454 193 4461 '
308 4460 388 4526 nost
389 4456 437 4525 ris
464 4454 912 4545 Pyandziczoviensibus‚e
913 4455 1035 4528 taliis
1054 4455 1343 4546 quibuscumque,
1370 4453 1544 4540 frumenta
1570 4475 1702 4527 eornm
1717 4462 1754 4527 et
1779 4457 1859 4527 bra·
1881 4525 1893 4537 ,

309 4597 369 4647 sea
396 4574 580 4649 erimbrot
613 4576 752 4669 generis
787 4577 897 4649 libere
933 4577 1083 4665 molent,
1110 4582 1147 4648 et
1173 4576 1302 4649 nullam
1328 4577 1431 4649 nobis
1458 4597 1653 4649 mensuram
1679 4579 1860 4651 occasione

309 4697 404 4769 illius
437 4668 629 4793 moliffioair
661 4695 808 4768 reddere
842 4703 1045 4788 teneantur,
1072 4718 1234 4770 mensura
1269 4697 1555 4770 molendinatoria
1592 4718 1729 4789 semper
1750 4699 1860 4771 salva.

114 4810 121 4835 ⁸
186 4839 192 4851 ·
311 4817 400 4889 ltem
436 4786 595 4913 volumus
628 4818 676 4915 ιιι
695 4818 813 4889 annis
809 4818 967 4908 singulis
995 4820 1092 4909 prior
1119 4825 1155 4891 et
1181 4825 1370 4892 conventus
1398 4825 1533 4891 monast
1534 4820 1599 4891 erii
1625 4819 1774 4909 praefati
1801 4819 1861 4895 do·

310 4936 404 5009 mino
430 4932 454 5007 J
463 4906 652 5019 ohanni
659 4922 814 5027 palatino
842 4938 1030 5029 praedicto,
1057 4945 1093 5011 et
1119 4960 1160 5017 eo
1187 4941 1292 5013 rebus
1319 4941 1479 5012 humanis
1505 4947 1610 5013 exuto
1636 4939 1716 5011 tiliis
1733 4939 1806 5011 suis
1824 4948 1861 5010 et

268 5054 589 5154 flauccessoribus,
601 5076 658 5126 ex
694 5057 823 5129 femore
850 5079 913 5130 suo
940 5059 1150 5132 descendent
1134 5062 1245 5152 tibus,
1273 5071 1309 5133 et
1335 5063 1498 5135 videlicet
1524 5062 1579 5134 ιιι
1604 5062 1698 5133 bona
1723 5059 1861 5151 Pyan·
1974 5079 1983 5097 ·

313 5168 515 5249 dniczon
542 5182 636 5249 sorte
665 5177 915 5268 contingerent,
941 5183 1124 5254 stationem
1153 5184 1257 5255 rebus
1284 5182 1770 5274 infrascriptamdimitatam,
1798 5181 1861 5254 dn·

312 5299 388 5370 eale
414 5297 577 5370 videlicet
603 5298 771 5387 digerium
800 5300 1043 5391 continentem,
1071 5303 1231 5375 videlicet
1255 5309 1413 5395 quartam
1432 5312 1566 5395 partem
1585 5304 1694 5392 bovis,
1713 5308 1862 5394 quatuor

270 5418 493 5527 *mensuras
519 5440 657 5508 avenae,
685 5440 789 5490 unum
817 5425 873 5491 oct
858 5419 952 5491 tuale
978 5425 1157 5512 cervisiae·
1183 5428 1284 5496 urtam
1312 5426 1413 5527 panis
1440 5442 1646 5516 sexagenam
1670 5429 1707 5496 et
1732 5424 1862 5497 duode-

230 5630 234 5641 ,
286 5543 379 5613 cim
417 5541 546 5631 galloS,
583 5546 618 5612 et
653 5541 688 5611 in
724 5540 813 5611 sesto
849 5540 965 5612 Sancti
1001 5541 1146 5615 Martini
1185 5547 1285 5618 annis
1312 5547 1458 5641 singulis
1483 5567 1588 5627 anum
1615 5546 1793 5619 vasculum
1819 5546 1862 5617 de
2002 5632 2008 5642 ,

313 5684 431 5734 eorum
460 5663 570 5750 vinea,
597 5682 674 5734 cum
702 5660 836 5732 duobus
864 5662 1011 5751 panibus
1039 5662 1205 5754 offerant,
1231 5668 1436 5762 tradantet
1420 5668 1651 5757 tassignant.
1682 5666 1756 5739 Nec
1781 5686 1861 5757 pro·

315 5792 438 5874 pterea
476 5784 519 5854 ad
547 5769 776 5874 redditionem
805 5782 982 5873 praelatae
1008 5782 1189 5874 stationis,
1206 5787 1278 5859 vini
1312 5795 1350 5861 st
1375 5789 1475 5880 panis
1501 5808 1562 5861 eos
1590 5789 1762 5879 obligatos
1788 5808 1864 5859 esse

314 5906 479 5993 volumus,
507 5910 547 5976 ut
573 5925 633 5975 eos
660 5904 901 5994 quoquomodo
928 5892 1123 5997 oneremus,
1149 5907 1212 5978 sed
1239 5915 1279 5981 ιιι
1304 5930 1368 5999 per
1393 5911 1460 5982 boc
1486 5911 1522 5980 in
1548 5909 1703 5983 futurum
1721 5909 1862 5982 evidens

314 6027 528 6117 relinquatur·
555 6026 700 6115 signnm,
727 6047 790 6097 nos
817 6030 852 6095 et
877 6023 1070 6116 praelatum
1093 6024 1272 6101 dominum
1297 6030 1549 6103 iohannem
1574 6032 1775 6122 palatinum,
1793 6051 1864 6101 rne-

306 6169 436 6245 {mque
473 6149 610 6219 domurn
638 6146 884 6237 etiamtiam,
910 6168 973 6238 per
999 6147 1125 6220 lineam
1152 6149 1376 6222 masculinam
1403 6151 1687 6241 descendentem,
1713 6152 1863 6243 praelati

314 6270 514 6339 monasterii
529 6290 617 6370 ¹esse
644 6290 755 6359 veros,
775 6268 947 6359 legitimos
974 6274 1010 6341 et
1036 6270 1155 6343 unicos
1180 6268 1392 6360 fundatores,
1418 6272 1596 6345 dotatores
1613 6282 1658 6347 et
1667 6274 1865 6363 collatores,

314 6395 351 6458 et
376 6389 479 6459 talem
507 6391 750 6512 obligationem
777 6396 812 6461 et
830 6377 1015 6465 stationem
1033 6388 1166 6555 vis
1182 6390 1317 6482 (ligurii,
1335 6392 1371 6463 ιι
1389 6393 1525 6487 signum
1544 6395 1629 6467 iuris
1647 6400 1862 6486 patronatus,

804 6600 839 6653 0
