4217 8059
129 1532 135 1550 ·
197 1604 236 1697 ἃ
1773 1504 1822 1587 or

183 1718 409 1857 spamae,
437 1736 618 1795 mensurae
644 1711 884 1795 Zatlroriensis
902 1711 1035 1814 planae.
1063 1712 1151 1794 Item
1171 1727 1227 1801 ost
1242 1714 1290 1794 lbi
1308 1716 1456 1795 taberna
1473 1741 1542 1794 una
1559 1718 1690 1799 habens
1709 1740 1823 1813 agros,

142 1850 196 1941 25·
209 1874 220 1919 ι,
260 1838 444 1931 ussum
467 1848 530 1935 pro
557 1866 662 1915 censu
690 1850 840 1934 quatuor
875 1865 1018 1914 nuarcas.
1060 1845 1146 1915 Item
1174 1843 1374 1915 hortulanis
1401 1841 1489 1932 arra,
1515 1844 1559 1913 de
1587 1841 1663 1934 qua'
1682 1851 1823 1916 tenetur

182 1966 188 1975 “
370 1944 382 2053 ’,
398 1939 529 2062 :lpum
557 1965 696 2054 litteris
714 1971 751 2036 et
770 1964 918 2036 sedecim
936 1985 1079 2054 grossos
1097 1965 1297 2035 communis.
1325 1963 1412 2035 Item
1432 1964 1664 2036 molendinum
1682 1966 1822 2056 bonrum,

173 2077 179 2089 ’
240 2074 260 2145 2⁵⁸
311 2164 321 2177 μ
363 2070 493 2187 ffl
509 2140 517 2157 .
535 2140 571 2157 ..
599 2087 684 2157 Imm
712 2085 761 2157 ibi
788 2094 842 2157 est
868 2085 1048 2175 praedium
1075 2084 1204 2156 bonum
1231 2070 1493 2156 coenobiale'in
1521 2085 1700 2175 praedicta
1727 2070 1786 2157 vill
1816 2147 1819 2156 .

266 2209 310 2279 de
337 2186 678 2303 qmltpunastenun
714 2226 779 2298 pro
815 2227 853 2278 se
880 2206 1047 2278 decimam
1074 2204 1177 2277 tollit.
1217 2206 1305 2277 Item
1333 2207 1500 2296 plebanus
1526 2207 1634 2277 babet
1659 2200 1821 2297 p'roprios

265 2348 368 2418 agros
395 2318 533 2401 libd'ros.
559 2326 647 2398 Item
673 2328 896 2417 omnes-agri
922 2328 1026 2399 villae
1052 2327 1194 2398 solvunt
1219 2333 1256 2398 et
1282 2327 1479 2398 conducunt
1514 2326 1681 2397 decimam
1709 2329 1821 2400 mani·
1855 2332 1861 2338 ‘

266 2450 441 2540 pularem,
467 2456 504 2519 et
535 2449 735 2539 canapalem
762 2470 826 2540 per
852 2430 1003 2539 quatuor
1029 2434 1187 2539 ierugas,
1213 2469 1277 2538 pro
1304 2447 1449 2526 ecclesia
1475 2449 1666 2537 parochiali
1682 2450 1822 2520 ¹ibidem

238 2570 301 2665 ‘in
328 2569 632 2659 Krzczaeziu,
658 2576 696 2640 et
722 2554 822 2641 valor
847 2571 921 2640 eins
948 2571 1155 2642 aestimatur
1181 2570 1226 2640 ad
1253 2561 1377 2658 viginti
1405 2589 1548 2640 marcas
1589 2569 1677 2640 Item
1704 2570 1820 2658 babet,

266 2687 426 2781 praeima
451 2691 537 2762 villa
561 2691 672 2762 bonas
700 2691 815 2780 sylvas
841 2697 878 2762 et
903 2698 1015 2781 prata.
1050 2692 1138 2763 Item
1166 2690 1332 2762 ecclesiae
1360 2696 1396 2761 et
1422 2690 1570 2780 plebano
1598 2711 1661 2780 pro
1689 2696 1822 2775 nicaeae

267 2811 406 2882 solvunt
432 2811 577 2901 quilibet
604 2810 647 2882 de
673 2811 776 2883 laneo
801 2832 904 2882 unam
932 2833 1129 2887 mensuram
1156 2812 1313 2902 siliginis,
1340 2811 1443 2881 aliam
1471 2832 1601 2882 avenae
1620 2810 1834 2882 consertam·

267 2928 427 3004 mannae
457 2952 535 3004 curn
561 2917 782 3023 Zel‘yczIn
809 2939 845 3004 et
871 2933 1022 3006 Borelr
1050 2940 1087 3006 et
1112 2933 1454 3022 S-oszuowycue.
1487 3015 1490 3019 ,

369 3051 457 3125 Item
483 3053 553 3124 dun
581 3054 688 3126 babet
714 3053 764 3125 ibi
790 3054 846 3124 ius
872 3068 1080 3145 supremum,
1108 3055 1152 3125 de
1179 3074 1247 3144 quo
1274 3054 1424 3125 solvitur
1450 3052 1549 3141 daei,
1575 3074 1663 3124 uuus
1691 3054 1819 3149 chorus

265 3175 403 3244 avenae
422 3193 602 3244 mensurae
627 3171 814 3264 confertae,
840 3180 876 3246 et
905 3175 972 3245 duo
990 3166 1075 3265 galli
1094 3175 1137 3246 de
1155 3174 1310 3265 quolibet
1328 3174 1438 3262 laneo,
1456 3179 1492 3244 et
1511 3175 1662 3264 quinque
1681 3194 1818 3273 marcae
1838 3226 1840 3231 .

262 3313 340 3364 cun
367 3313 437 3364 uno
462 3292 597 3366 tortora
624 3296 814 3366 commmis
840 3295 1015 3385 pecuniae.
1041 3295 1129 3366 Item
1156 3301 1238 3367 sunt
1264 3295 1314 3366 ibi
1340 3284 1402 3366 sex
1424 3282 1592 3383 piscinae,
1619 3293 1709 3365 duae
1738 3316 1818 3384 par-

265 3432 330 3483 vae
356 3419 395 3484 et
419 3419 569 3503 quatuor
594 3414 752 3485 maiores.
779 3413 820 3484 In
845 3412 1200 3486 terra'Zatlroriensi.
1338 3429 1344 3440 ·
1477 3414 1486 3430 “
1698 3510 1706 3516 -
1775 3406 1781 3435 ²

208 3628 214 3638 ‘
369 3531 529 3622 Rooovv,
564 3534 648 3604 villa
682 3534 746 3605 sub
784 3535 950 3624 paroobIa
984 3535 1027 3606 de
1063 3522 1281 3639 Muoharz
1312 3534 1404 3631 sita,
1426 3533 1524 3604 cuius
1549 3534 1747 3623 proprietas
1774 3533 1819 3604 ad

265 3653 514 3743 proprietatem
540 3655 743 3727 monasterii
770 3638 1056 3747 prerzynensIs
1082 3656 1243 3749 pertinet
1275 3655 1315 3726 In
1344 3674 1412 3746 qua
1439 3661 1521 3725 sunt
1542 3654 1637 3745 lanei
1666 3655 1820 3726 cmetho-

265 3773 362 3843 nales
387 3778 424 3844 et
449 3773 597 3864 quilibet
624 3775 728 3846 solvit
750 3766 764 3845 ’.
783 3831 790 3846 .
810 3830 835 3866 .,
863 3777 946 3848 item
974 3798 1050 3868 ova,
1077 3778 1160 3848 item
1186 3777 1308 3867 gallos,
1327 3776 1418 3847 ‘item
1446 3793 1575 3864 caseos,
1602 3776 1684 3846 itera
1705 3758 1836 3863 labor,
1885 3871 1889 3879 Ι

264 3891 348 3971 itam
373 3892 671 3987 peccacatum
698 3917 845 3993 oacayep,
872 3898 956 3969 item
983 3890 1132 3970 taberna
1157 3918 1227 3968 una
1252 3896 1302 3968 ibi
1328 3898 1460 3969 babens
1487 3917 1599 3985 agros,
1627 3896 1711 3973 item
1738 3897 1820 3996 bor-

264 4013 497 4103 tulaui,ite1u
520 4015 764 4107 molendinum,
791 4019 875 4089 item
902 4018 1092 4108 praedium.
1118 4020 1206 4090 Item
1233 4039 1352 4090 omues
1380 4019 1455 4107 agri
1483 4017 1585 4089 villae
1614 4017 1754 4088 solvunt
1782 4022 1817 4088 et

264 4126 460 4205 coadunant
484 4135 651 4206 decimam
678 4139 928 4229 manipularem
956 4145 991 4210 et
1010 4139 1390 4230 canapalem...Habet
1406 4137 1563 4230 praefata
1581 4121 1671 4208 villa
1687 4145 1819 4208 utram·

265 4272 331 4344 que
365 4256 477 4345 ripam
512 4256 664 4328 fluminis
699 4256 926 4350 Skanina,
958 4261 1091 4333 babens
1126 4266 1231 4350 prata
1265 4265 1301 4332 et
1336 4260 1460 4352 sylvas.
1497 4259 1537 4329 In
1565 4264 1662 4329 terra
1687 4258 1816 4331 Zetho·
1942 4321 1944 4324 ,

137 4400 140 4404 ·
266 4376 415 4447 meusi‘
457 4405 462 4414 ¹
1326 4417 1328 4419 ·

366 4495 575 4586 Mocuaaz,
601 4497 685 4570 villa
711 4518 754 4569 ex
781 4499 895 4589 lapide
921 4498 1127 4577 fabricatam
1154 4500 1386 4591 parochialem
1414 4486 1593 4571 ecclesiam
1621 4500 1753 4570 babens
1780 4499 1815 4575 iu

263 4635 310 4705 se,
336 4615 521 4688 Nativitati
534 4617 695 4689 Sanctae
721 4618 857 4691 Mariae
884 4620 1045 4711 dicatam,
1072 4622 1170 4693 cuins
1197 4620 1386 4691 dominium
1413 4620 1457 4690 ad
1476 4620 1724 4716 proprietatem
1743 4641 1816 4689 mo-

264 4738 405 4808 raterii
431 4737 716 4830 Znyerzynensis
742 4741 906 4830 pertinet.
945 4742 985 4813 In
1013 4764 1082 4833 qua
1108 4749 1191 4814 sunt
1217 4740 1309 4813 lanei
1335 4740 1578 4831 cmethonales,
1605 4746 1642 4811 et
1669 4741 1815 4831 quilibet

263 4856 368 4928 solvit
393 4879 456 4948 pro
484 4879 588 4929 censu
624 4880 688 4949 per
712 4861 864 4933 sedecim
890 4883 1049 4953 grossos,
1077 4864 1161 4934 item
1184 4882 1255 4964 ova
1280 4862 1444 4952 triginta,
1473 4862 1562 4932 item'
1583 4860 1694 4951 gallos
1722 4861 1808 4932 duos

263 4977 344 5048 item
380 4998 499 5051 mseos
526 4980 622 5050 duos.
659 4981 746 5051 Item
775 4979 945 5074 laborant,
973 4989 1076 5074 prata
1101 4982 1323 5072 falcastrum,
1352 4989 1388 5054 et
1414 4982 1580 5054 domoras
1607 5003 1670 5071 pro
1696 5003 1814 5059 mona-

262 5100 370 5171 sterIo
395 5099 534 5177 faciunt
561 5101 650 5173 Item
675 5101 865 5197 powodom,
891 5105 984 5177 item*
1003 5127 1139 5200 oscyep3
1167 5106 1250 5204 item
1276 5104 1423 5176 taberna
1448 5125 1517 5176 non
1545 5110 1600 5173 est
1627 5104 1685 5197 ibi.
1725 5103 1813 5173 Item

262 5220 407 5309 quilibet
431 5221 476 5292 de
501 5223 602 5295 laneo
629 5224 734 5322 solet
760 5225 909 5314 plebano
935 5226 978 5297 de
1005 5225 1203 5298 missalibus
1230 5225 1317 5297 duos
1335 5226 1460 5297 choros
1478 5245 1609 5296 avenae
1629 5222 1813 5296 confertae.
1871 5292 1881 5306 Ν

261 5338 349 5410 Item
376 5341 543 5430 plebanus
570 5345 679 5417 habet
703 5345 791 5417 duos
817 5346 935 5418 laneos
961 5347 1091 5418 liberos
1117 5366 1182 5436 pro
1208 5366 1272 5418 suo
1298 5345 1453 5436 praedio.
1480 5344 1567 5416 Item
1595 5325 1829 5414 homotoniae

262 5479 330 5530 uon
353 5467 446 5556 ¹aurat
472 5462 559 5534 Item
586 5465 821 5537 molendinum
848 5488 918 5539 non
945 5473 1009 5538 est.
1035 5467 1128 5538 Item
1154 5466 1335 5557 praedium
1362 5486 1430 5536 non
1458 5455 1513 5536 es't
1538 5465 1586 5537 ibi
1613 5464 1814 5535 coenobiale

262 5579 524 5671 aliquod.filtera
552 5606 671 5657 ornnes
698 5588 774 5677 agri
798 5587 901 5660 villae
919 5589 1059 5689 solvunt
1086 5594 1123 5658 et
1147 5588 1343 5659 conducunt
1368 5587 1535 5658 decimam
1561 5585 1813 5675 manipularem

261 5706 298 5770 et
332 5704 538 5794 canapalem
567 5727 631 5797 pro
667 5707 814 5778 ecclesia
839 5709 1030 5797 parocbIali
1066 5708 1193 5781 ibidem
1220 5709 1256 5779 in
1283 5707 1526 5795 Macharz,
1550 5712 1587 5778 et
1614 5707 1712 5778 valor
1739 5707 1813 5776 eius
1939 5708 1944 5714 ’

218 5847 229 5919 3
261 5822 466 5895 aestuamur
490 5825 537 5896 ad
556 5847 624 5898 sex
651 5847 804 5916 marcas3
832 5829 1030 5919 canapalem
1059 5829 1366 5901 autemdeoimam
1394 5829 1507 5918 solvit,
1525 5829 1622 5899 iuxta
1640 5828 1813 5918 quantillu-

262 5947 331 6011 tem
359 5962 524 6032 pecorum
542 5948 737 6037 arandum,
762 5968 841 6019 nam
861 5949 891 6018 si
917 5955 996 6020 arat
1023 5957 1173 6040 quatuor
1197 5950 1320 6039 bobus,
1339 5955 1400 6021 aut
1417 5936 1566 6039 quatuor
1582 5947 1690 6038 equis,
1709 5946 1814 6018 solvit
1840 5986 1851 6057 ,-
1967 6045 1971 6052 ¹

260 6069 343 6133 octo
358 6063 505 6155 ierugus,
523 6067 554 6137 si
572 6074 687 6140 autem
704 6069 848 6158 duobus,
875 6070 981 6141 solvit
1007 6076 1166 6159 quatuor,
1191 6071 1220 6140 si
1247 6077 1363 6142 autern
1377 6071 1469 6158 uno,
1496 6069 1599 6139 solvit
1616 6068 1703 6138 duas
1721 6067 1813 6139 ieru-

258 6203 323 6272 gas
339 6191 375 6254 et
393 6185 437 6256 do
454 6175 772 6299 amplioribmsqu·
791 6195 940 6271 tenetur.
965 6190 1127 6261 Confluat
1144 6173 1230 6262 'cum
1257 6190 1483 6279 Skuwcze,
1509 6188 1537 6258 Ζ
1547 6209 1725 6277 agorze.

290 6352 295 6359 -
360 6303 772 6436 (ὶιιοιηιτειωῆςῑ,Ἣχᾶ
788 6334 842 6413 τ’·
858 6309 1026 6411 parocbia
1061 6310 1117 6381 de·
1140 6310 1316 6381 Zatbor
1351 6310 1479 6399 oppido
1506 6310 1595 6399 sita,
1623 6309 1720 6381 cuins
1748 6303 1811 6382 do·

254 6425 401 6513 miuium
436 6427 483 6499 ad
526 6459 565 6494 c*
594 6415 680 6514 Q,
773 6453 1076 6524 aaa
1110 6431 1271 6522 pertinet
1315 6431 1357 6502 ln
1393 6450 1462 6520 qoa
1495 6437 1577 6503 suot
1616 6437 1694 6504 octo
1720 6431 1812 6505 lanei
