4217 8059
273 1486 348 1559 316

376 1686 576 1779 Daiaonrn,
613 1688 695 1759 villa
722 1689 787 1759 snb
814 1688 981 1777 parochia
1006 1686 1173 1757 ecclesiae
1199 1684 1242 1755 de
1268 1684 1568 1756 Jankowicze
1594 1684 1673 1771 sita,
1700 1690 1735 1751 et
1764 1702 1831 1772 per

274 1812 540 1883 Bolcslaum
568 1809 786 1881 Pndicnm
814 1811 911 1899 regni
940 1790 1253 1879 Poloniae'ducem
1272 1806 1484 1877 monasterio
1510 1803 1828 1875 sanctimonialium

272 1930 533 2002 Zavchostensi
578 1930 725 2018 donata,
762 1930 798 1999 in
838 1928 1040 1999 fundatione
1079 1934 1116 1998 et
1154 1926 1383 1998 translatIone
1419 1925 1571 1997 eiusdem
1614 1924 1831 1997 monasterii.

248 2052 311 2121 ·In
339 2072 408 2141 qna
435 2058 517 2122 sunt
544 2051 660 2122 decem
687 2057 724 2121 et
751 2056 828 2121 octo
855 2049 948 2121 lanei
975 2046 1225 2135 cmetbonales,
1253 2056 1289 2117 et
1316 2046 1462 2137 quilibet
1489 2038 1593 2117 solvit
1618 2066 1683 2135 pro
1710 2064 1830 2116 annuo
1874 2076 1888 2091 ι

272 2192 377 2243 censu
404 2178 484 2243 octo
511 2178 651 2242 scottos.
680 2170 766 2241 Item
794 2169 905 2260 gallos
931 2189 1001 2240 non
1028 2168 1121 2257 dant,
1148 2170 1231 2239 item
1259 2187 1325 2238 ova
1351 2187 1420 2238 non
1448 2166 1602 2253 solvunt,
1629 2184 1741 2255 noque
1768 2184 1830 2236 ca·

272 2312 359 2362 seos.
386 2292 474 2363 Item
501 2293 648 2364 taberna
675 2312 745 2373 una
778 2291 980 2362 monasterii
1007 2290 1138 2361 babens
1166 2304 1289 2379 agros,
1324 2298 1361 2358 et
1387 2287 1492 2359 solvit
1525 2307 1628 2357 unam
1664 2302 1831 2356 maram.

271 2413 359 2482 Item
387 2410 608 2483 hortulaniae
634 2432 698 2501 pro
724 2412 937 2482 monasterio
965 2431 1032 2481 non
1060 2418 1150 2481 sunt.
1177 2408 1264 2479 Item
1291 2409 1471 2498 praedium
1499 2415 1554 2478 est
1576 2404 1639 2495 ibi,
1666 2405 1710 2476 de
1726 2407 1831 2477 cuius

272 2534 367 2622 agris
395 2534 528 2603 decima
555 2532 781 2621 manipularis
809 2531 956 2603 solvitur
983 2533 1146 2620 episcopo
1173 2528 1394 2601 cracoviensi
1421 2530 1457 2599 iu
1481 2524 1697 2625 ponddmum.
1737 2522 1831 2599 Item

273 2656 473 2724 cmethones
499 2673 564 2742 pro
593 2674 673 2723 vere
701 2660 736 2723 et
762 2654 885 2744 hyeme
913 2653 1095 2739 seminant,
1136 2658 1248 2739 arant,
1276 2658 1411 2721 metunt
1437 2658 1473 2720 et
1500 2649 1696 2721 conducunt
1722 2650 1832 2739 agaba

273 2774 476 2862 praediales,
504 2780 539 2843 ct
567 2774 731 2843 ducturas
749 2773 881 2843 faciunt
899 2774 935 2842 in
962 2770 1235 2843 cracoviam
1263 2772 1448 2858 ordinarie,
1475 2770 1611 2860 quoties
1634 2746 1832 2855 mandatur.

185 2874 192 2886 ⁸
273 2893 359 2963 Item
381 2890 430 2962 'de
457 2893 551 2982 agris
578 2895 808 2980 cmetbonnm,
835 2894 1061 2963 tabernarum
1089 2901 1125 2962 et
1151 2892 1415 2962 hortolanorum
1434 2890 1581 2961 solvitur
1603 2889 1737 2961 declina
1754 2908 1832 2959 vna-

273 3013 451 3102 nipnlaris‚
479 3002 516 3084 et
541 3033 614 3102 per·
630 3006 781 3102 quatuor
807 3015 947 3102 Ierngus
974 3013 1150 3103 canapalis
1174 3013 1391 3102 'episcopatui
1413 3010 1637 3083 cmooviensi
1663 3016 1700 3081 et
1725 3008 1833 3081 Indu·

273 3134 365 3203 citnr
391 3134 426 3202 in
454 3134 616 3204 borreum
644 3133 796 3221 episcopi
824 3152 887 3221 per
906 3134 1115 3205 cmethoncs.
1142 3132 1230 3203 Item
1259 3135 1355 3203 iuxta
1377 3132 1493 3203 vlllam
1520 3124 1730 3203 D'aronin
1755 3128 1833 3201 cita

273 3260 356 3324 aunt
381 3260 483 3342 prata
511 3273 653 3343 magna,
689 3274 730 3323 ex
758 3254 853 3343 agris
879 3253 991 3341 faeta,
1031 3253 1219 3342 inquibus
1247 3250 1681 3324 olimsedebatvillaad
1706 3266 1832 3323 mon*

272 3374 417 3443 sterium
445 3372 755 3444 Sancti-Andreae
787 3374 968 3462 pertinens
997 3352 1321 3461 Brzescniani,
1357 3380 1393 3443 et
1419 3360 1584 3464 de'agris
1611 3372 1686 3442 eius
1712 3370 1838 3443 solvo·
1879 3400 1891 3409 ·

272 3495 376 3564 batur
411 3494 544 3562 decima
580 3493 808 3582 manipularis
843 3496 1006 3583 episcopo
1034 3492 1274 3581 cracoviensi,
1316 3501 1352 3564 et
1378 3494 1493 3564 omnia
1519 3499 1622 3582 prata
1648 3488 1867 3583 pracdim‘
1906 3560 1916 3569 .

274 3620 419 3701 occupat
445 3633 508 3683 rex
535 3633 599 3702 pro
627 3621 742 3683 castro
770 3614 1051 3686 Sandomiriensi.
1080 3615 1166 3685 Item
1193 3615 1353 3686 scoltetia
1378 3620 1453 3703 cat,
1489 3634 1579 3704 qnae
1612 3614 1720 3685 habet
1744 3632 1832 3703 pru·

274 3733 387 3820 prium
417 3724 595 3820 praedium
623 3738 658 3804 et
684 3740 757 3804 tres
783 3732 904 3804 laneos
920 3734 1171 3824 cmetbonales,
1198 3736 1241 3805 de
1260 3734 1414 3824 quolibet
1440 3734 1542 3804 laneo
1568 3732 1719 3804 mediam
1735 3746 1833 3803 mar·

275 3870 350 3920 cam
377 3836 493 3921 solvit
509 3853 656 3922 scoltcto
684 3870 748 3941 pro
775 3872 890 3942 censu,
916 3861 953 3924 et
980 3854 1147 3924 decimam
1174 3854 1435 3943 manipularem,
1462 3861 1499 3924 et
1525 3834 1691 3925 §cubans
1716 3858 1755 3923 et
1773 3851 1833 3924 aui

275 3971 473 4067 emethones
500 3958 663 4060 episcopo
690 3971 920 4062 GracovIensi,
948 3981 984 4043 et
1011 3973 1110 4044 valor
1136 3974 1180 4044 ad
1208 3975 1333 4064 viginti
1359 3994 1503 4046 marcas.
1529 3973 1620 4046 Item
1645 3992 1711 4064 pro
1736 3956 1832 4044 accl-
1886 3976 1892 3983 '

273 4096 347 4160 teto
374 4111 443 4161 una
468 4092 615 4162 taberna
642 4093 773 4164 habens
800 4104 915 4184 agros,
942 4093 1046 4165 aolvit
1063 4095 1151 4166 duas
1168 4116 1312 4183 marcas,
1338 4102 1374 4165 ct
1390 4096 1461 4166 una
1478 4092 1834 4166 hortulanialmbeua

274 4230 377 4300 agros
404 4218 441 4281 et
466 4211 569 4281 solvit
596 4232 701 4283 unum
728 4213 895 4286 fertonem
923 4223 959 4285 et
986 4236 1092 4286 unum
1133 4215 1223 4286 diem
1250 4214 1398 4287 laborat.
1443 4214 1604 4288 conlinat
1629 4234 1707 4286 cnm
1731 4212 1834 4287 villis

275 4329 762 4422 Stodoli,·Sobothka‚
789 4333 1104 4426 Przeszwod‘r,
1137 4335 1458 4428 Pyelyaszovv,
1484 4335 1835 4441 Szavlovvicza,

274 4450 463 4523 Liszovv.
1378 4472 1383 4479 ·

378 4570 702 4663 Sennwnowrczn,
741 4573 826 4645 villa
852 4576 917 4647 snb
943 4577 1110 4665 parocbIa
1136 4576 1301 4649 ecclesiae
1328 4578 1372 4649 de
1398 4577 1631 4670 Maliczye
1662 4577 1751 4666 alta,
1783 4582 1834 4649 ot

274 4712 337 4781 per
372 4693 636 4764 Bolcslanm
671 4692 893 4766 Pndicnm
930 4698 1050 4767 ducem
1082 4696 1181 4789 regni
1209 4697 1374 4769 Poloniae
1401 4700 1612 4771 monasterio
1639 4690 1838 4771 sanctino

275 4812 416 4883 nialinm
443 4812 773 4885 Zawichostensium
800 4817 836 4885 in
864 4817 938 4886 eius
964 4817 1167 4889 fundatione
1193 4824 1230 4890 et
1254 4818 1487 4892 translatIone
1513 4820 1650 4891 donata
1689 4818 1731 4890 In
1759 4838 1833 4909 qua

276 4940 357 5003 sunt
382 4934 499 5004 decem
528 4941 563 5003 et
590 4941 670 5005 octo
705 4935 796 5005 lanei
833 4936 1068 5039 cmetbonales
1095 4945 1131 5009 et
1158 4939 1304 5029 quilibet
1340 4941 1445 5012 solvit
1480 4962 1543 5031 pro
1570 4958 1684 5013 annuo
1719 4960 1832 5012 ocnan

276 5058 353 5121 octo
381 5059 511 5122 scottos
537 5054 581 5123 de
598 5055 764 5125 tredecim
793 5056 911 5147 laneis,
940 5059 1037 5129 et-de
1056 5061 1208 5149 quinque
1233 5061 1343 5132 laneis
1369 5082 1434 5151 per
1453 5061 1648 5152 anndecim
1674 5082 1832 5153 grossos,

275 5171 358 5240 item
382 5172 506 5260 gallos,
533 5174 616 5243 item
644 5196 720 5263 ova3
760 5177 843 5247 item
870 5179 1026 5268 taberna,
1055 5182 1137 5251 item
1165 5182 1384 5253 hortuloniae
1411 5184 1500 5255 duae
1526 5182 1832 5269 monasteriih-

275 5290 397 5360 bentes
423 5310 544 5381 agroS,
585 5315 654 5364 nna
681 5294 784 5405 solvit
810 5318 913 5367 unam
942 5320 1110 5387 marcam,
1151 5301 1263 5391 altera
1298 5303 1388 5373 diem
1423 5323 1528 5374 unum
1565 5305 1601 5374 In
1628 5303 1829 5392 septimana

274 5410 420 5482 laborat.
465 5413 552 5483 Item
580 5415 758 5503 praedium
776 5426 841 5487 -est
868 5420 1084 5507 coenobiale,
1112 5422 1155 5491 de
1191 5436 1258 5511 quo
1286 5425 1532 5494 monasterium
1568 5444 1632 5514 pro
1667 5442 1706 5494 se
1732 5422 1831 5495 tollit
1937 5494 1941 5501 .

143 5550 156 5576 ·
274 5532 450 5602 decimam.
496 5534 582 5604 Item
611 5536 769 5607 scoltetia
805 5544 858 5607 est
885 5539 1017 5610 habens
1054 5562 1157 5632 agros
1185 5542 1403 5631 sufficientes,
1429 5551 1466 5614 et
1491 5538 1593 5615 onam
1631 5545 1832 5635 tabernam,

276 5673 363 5740 qnae
390 5654 495 5725 solvit
531 5655 596 5727 sibi
617 5638 711 5727 ‘duas
738 5678 881 5745 marcae,
909 5670 943 5730 et
972 5660 1058 5732 dnas
1086 5662 1312 5734 hortulanias.
1357 5664 1443 5735 Item
1476 5666 1519 5735 de
1546 5652 1704 5737 omnibns
1720 5666 1832 5755 ‚agria

275 5773 497 5843 tabernarum
525 5783 560 5845 et
587 5778 849 5865 hortulanovum
878 5788 914 5850 et
941 5782 1137 5872 scoltetiae,
1174 5784 1322 5855 solvitur
1357 5786 1490 5856 decima
1525 5786 1762 5876 manipularis,
1782 5794 1831 5859 at

274 5912 338 5980 per
365 5900 515 5981 quatuor
541 5897 679 5986 ievngas
707 5900 882 5991 canapalis
909 5903 1123 5992 episcopatui
1151 5905 1387 5993 cmcoviensi,
1415 5914 1451 5977 et
1479 5908 1656 5978 inducitur
1681 5908 1718 5979 iu
1733 5908 1832 5979 'bor-

275 6032 372 6082 reum
399 6033 463 6101 per
490 6016 687 6088 cmethones
723 6022 875 6110 propriis
911 6024 1070 6094 curribus
1097 6045 1117 6093 a
1143 6025 1275 6096 factore
1303 6028 1454 6116 episcopi
1482 6027 1683 6115 locandum3
1723 6028 1830 6101 valor

274 6132 348 6201 cius
376 6133 419 6202 ad
447 6136 571 6223 viginti
598 6158 741 6208 marcas.
770 6140 855 6211 Item
879 6145 1078 6215 cmetbones
1105 6166 1169 6234 pro
1196 6166 1277 6216 vere
1296 6154 1331 6216 ct
1350 6148 1473 6236 hyeme
1500 6150 1682 6240 seminant,
1710 6154 1831 6239 arant,

274 6259 419 6341 metunt,
447 6264 483 6325 et
509 6257 708 6331 conducunt·
731 6263 901 6334 seminata
927 6264 963 6335 in
991 6266 1087 6355 agris
1113 6266 1347 6354 praedialibus
1374 6277 1411 6338 et
1437 6269 1603 6341 ducturas
1626 6267 1761 6341 iaciunt
1788 6272 1830 6343 in
