4217 8059
274 2728 393 2807 Ordo
424 2704 793 2857 Sanctaa'clarao
826 2725 929 2809 allas
961 2682 1104 2803 Sancti
1138 2710 1339 2820 Damiani,
1373 2721 1412 2800 iu
1444 2674 1635 2803 dioecesi
1657 2719 1820 2815 oraco-

273 2886 407 2963 visnci
441 2882 568 2961 babai
600 2880 684 2958 duo
718 2870 986 2978 monasteria,
1021 2876 1221 2958 videlicet
1251 2877 1395 2956 Sancti
1420 2875 1618 2956 Andreae
1652 2879 1691 2955 lu
1714 2873 1821 2955 Ors-

407 3042 543 3159 covic,
576 3043 621 3117 at
653 3037 691 3115 ln
725 3034 1133 3138 antiqua·8andecz,
1169 3032 1474 3112 monasterium
1508 3033 1685 3169 primum

295 3259 325 3327 ’·
445 3296 707 3439 sinon
752 3302 1105 3479 nonanta
1151 3301 1228 3433 m
1278 3296 1665 3434 cnuoovu..
1911 3411 1922 3427 .

374 3620 625 3691 Boleslaus
652 3618 721 3688 dux
749 3624 785 3687 et
810 3616 1003 3687 monarcha·
1024 3617 1123 3704 regni
1151 3614 1335 3701 Poloniae,
1361 3615 1407 3686 ob
1434 3613 1673 3686 incredibilem
1697 3626 1823 3703 corpo-

271 3744 320 3812 ris
347 3710 594 3830 iutdgritatem,
620 3739 902 3827 castitatemque,
930 3755 1031 3825 quam
1064 3737 1352 3824 speciosissimam
1379 3735 1511 3805 babens
1537 3736 1574 3805 in
1601 3734 1822 3805 mamimortio

272 3861 450 3949 coniugem
486 3855 824 3961 Kunegundim,
856 3855 960 3926 filiam
998 3854 1139 3925 Belae
1178 3854 1379 3945 Huugariae‘
1415 3854 1526 3944 regis,
1553 3853 1703 3925 maxima
1728 3872 1823 3943 cura,

270 3980 488 4067 maximoque
515 3977 630 4048 studio
658 3996 765 4066 usque
793 3975 837 4047 ad
864 3981 1054 4057 extremum
1082 3976 1176 4046 vitae
1204 3968 1409 4059 custodivit,
1432 3973 1640 4045 'Pudicus
1667 3971 1821 4063 appella·

271 4106 349 4187 tus,
384 4099 587 4189 scrupulosa
622 4089 803 4187 diligentia
838 4096 1042 4184 advertens,
1078 4097 1113 4167 iu
1150 4097 1313 4183 universo
1349 4097 1447 4186 regni
1475 4086 1640 4166 Poidriiae
1665 4112 1823 4185 corpore,

272 4218 402 4320 nullum
438 4219 610 4309 virginum
646 4226 682 4288 et
717 4216 943 4288 foeminarum
971 4225 1092 4288 extare
1119 4215 1340 4304 coenobium,
1368 4216 1499 4287 nullum
1526 4215 1601 4286 Deo
1628 4215 1823 4286 dicatarum

264 4335 333 4412 'ant
358 4340 581 4411 dicandorum
608 4345 730 4410 extare
757 4346 980 4426 conventum,
1008 4338 1149 4439 inquo
1183 4337 1383 4408 militarium
1411 4338 1511 4426 regni
1538 4336 1703 4408 Polouiae
1728 4334 1823 4407 tiliae

270 4461 542 4551 consangvincae
569 4466 605 4530 et
631 4480 690 4531 sor
732 4552 734 4557 Ι
771 4504 793 4546 ,-
807 4479 870 4549 pro
897 4458 1083 4529 devotione
1110 4478 1174 4528 sua
1199 4465 1236 4529 et
1262 4457 1333 4528 vita
1359 4457 1525 4547 religiosa
1542 4456 1722 4545 explenda
1740 4475 1823 4546 poa·

270 4587 348 4652 seut
365 4580 503 4669 includi,
517 4587 553 4652 et
570 4581 722 4670 dignum·
758 4599 799 4650 eo
814 4579 899 4650 coeli
918 4599 982 4667 pro
1000 4579 1212 4668 virginitatis
1230 4579 1410 4668 proposito
1428 4577 1595 4649 exhibere
1607 4576 1820 4666 famulatum,

272 4699 434 4788 consiliis,
451 4699 628 4774 instantiis
645 4705 682 4770 et
700 4698 880 4787 praecibus
900 4697 1210 4768 illustrissimorum
1229 4695 1454 4769 foeminarum
1473 4694 1823 4787 Grzymislavae

271 4821 449 4910 genitricis
476 4828 513 4890 et
538 4818 844 4908 Kanegundis
871 4818 1085 4888 conthoralis
1113 4837 1196 4887 snae
1214 4837 1409 4906 persensus,
1427 4819 1674 4895 monasterinm
1694 4806 1824 4888 sancti-

265 4942 471 5021 monialium
498 4939 653 5027 fundare,
681 4939 803 5010 dotare
830 4945 866 5009 et
893 4939 1037 5027 erigere,
1065 4939 1099 5008 in
1119 4938 1277 5009 'animum
1297 4939 1555 5010 sunminducit.
1584 4939 1686 5012 Anno
1703 4939 1824 5028 itaque

272 5060 409 5131 Domini
441 5061 549 5135 1257.
577 5066 676 5129 senta
711 5079 819 5130 nouas
855 5044 995 5146 Martii,
1023 5059 1113 5148 apud
1150 5058 1325 5148 villaginm
1353 5059 1554 5132 Korczin
1576 5058 1823 5151 ,cracoviensis

274 5179 458 5264 dioecesis,
486 5199 591 5267 supra
629 5178 786 5249 Nidam
823 5179 961 5249 flnmnm
996 5180 1119 5264 sitnm,
1146 5179 1296 5249 omnium
1330 5199 1470 5249 surarum
1497 5185 1670 5250 terrarum
1698 5177 1822 5249 indicit
1878 5169 1885 5177 “

253 5282 501 5386 conventum,
529 5298 573 5369 ad
609 5319 708 5388 quem
746 5318 813 5368 nou
841 5299 950 5369 solum
987 5298 1137 5371 Praud
1151 5300 1262 5394 otha
1290 5300 1472 5390 episcopus
1497 5299 1757 5387 cracoviensis,
1782 5318 1825 5370 ac

275 5421 425 5493 barones
452 5426 488 5490 et
514 5438 677 5509 proceros
705 5417 953 5505 Cracoviensis,
980 5418 1279 5509 Saudontiricusis,
1306 5420 1525 5493 Lublinensis
1552 5427 1736 5509 terrarum,
1752 5418 1828 5491 ned
1867 5452 1871 5461 ·

252 5547 311 5612 ¹et
336 5541 584 5613 Oasin-irus
620 5537 855 5627 Cniavieusis,
892 5538 1127 5610 Lauriniensis
1163 5549 1199 5610 et
1235 5541 1471 5631 Syradieusis,
1498 5542 1534 5611 et
1559 5518 1823 5612 Samos-itus

273 5663 452 5734 Mazoviae
471 5662 585 5751 ducem
613 5659 819 5731 Boleslai
838 5659 1002 5729 Pudici
1030 5659 1125 5730 ducis
1144 5660 1383 5733 Gracovieusis
1401 5662 1529 5733 fratres
1548 5661 1724 5750 patrueles
1740 5680 1821 5750 ger-
1953 5652 1957 5663 '

274 5786 376 5872 mani,
403 5782 632 5872 personaliter
659 5803 735 5852 cum
755 5781 826 5851 suis
844 5780 1049 5851 consiliariis
1068 5784 1181 5870 rogati
1200 5774 1422 5871 advenerant,
1440 5783 1499 5854 ubi
1518 5802 1582 5872 per
1600 5786 1674 5856 dies
1703 5784 1825 5876 plnres

274 5904 316 5975 de
343 5906 422 5976 novi
450 5902 652 5974 monasterii
679 5922 742 5992 pro
769 5902 1087 5973 sanctimonialibus
1114 5910 1150 5973 et
1175 5902 1351 5991 foeminis,
1379 5905 1544 5977 coelibem
1572 5909 1678 5978 vitam
1718 5924 1824 5995 agere

274 6022 523 6110 aestuantibus,
550 6021 707 6111 pluribus
735 6023 917 6123 sententiis
944 6022 1009 6093 fuit
1036 6023 1249 6113 disputatum
1278 6031 1314 6094 et
1340 6028 1536 6115 tract-atum,
1569 6027 1740 6117 quomodo
1773 6029 1824 6118 pii

277 6145 442 6233 principis
471 6142 679 6214 Boleslai
708 6141 871 6213 Pudici
900 6141 1149 6232 Cracoviensis,
1168 6130 1394 6229 desiderium,
1422 6148 1512 6236 quod
1539 6149 1574 6218 in
1598 6170 1639 6220 eo
1659 6148 1741 6221 felix
1759 6169 1826 6222 sna
1928 6184 1937 6193 ·

275 6286 415 6336 consors
442 6261 746 6352 Kuuegundis
773 6264 992 6349 accenderat,
1019 6263 1231 6352 impleretur.
1258 6263 1424 6336 Omnibus
1452 6275 1564 6373 autem
1594 6271 1824 6341 intentionem
1862 6320 1866 6327 -

137 6388 140 6393 ’
274 6407 371 6458 suam
399 6392 550 6458 sanctam
578 6405 702 6476 magna
727 6384 829 6456 laude
854 6384 1014 6455 certatim
1033 6389 1071 6454 et
1088 6382 1310 6457 efferentibus
1328 6392 1364 6458 et
1381 6370 1617 6479 probfflus,
1635 6389 1822 6480 praecibus

1441 6576 1623 6639 ὀ-,
