4217 8059
1713 1476 1715 1481 ’
1749 1476 1823 1549 409

270 1668 412 1758 proprio
445 1688 550 1739 curru
576 1675 637 1740 aut
663 1676 793 1761 aratro,
820 1670 902 1741 item
928 1670 1129 1765 ponebam,
1160 1673 1242 1743 item
1270 1694 1417 1769 oaazyep,
1442 1675 1526 1747 item
1544 1677 1719 1767 taberna,
1744 1682 1825 1754 item

268 1787 465 1877 hortulani,
493 1789 574 1859 item
612 1788 811 1878 praedium;
838 1792 920 1863 item
948 1791 1181 1864 molendinum
1219 1815 1288 1865 non
1315 1801 1372 1866 est
1399 1795 1435 1866 in
1462 1797 1581 1868 eadem
1610 1799 1702 1871 villa.
1738 1802 1826 1873 Item

252 1900 345 1998 ¹agui
372 1907 485 1997 villae,
512 1908 556 1981 ad
583 1910 832 1981 monasterium
861 1909 1142 1983 Wanchoczense
1168 1915 1395 2003 pertiuentes,
1419 1916 1557 1987 solvunt
1575 1924 1612 1989 et
1630 1922 1826 1995 conducunt

267 2028 434 2099 decimam
462 2029 709 2117 manipularem
738 2037 774 2101 et
800 2032 1010 2121 canapalern,
1038 2053 1102 2122 pro
1130 2035 1341 2107 monasterio
1359 2034 1641 2128 Wanchoczensi,
1668 2047 1705 2112 et
1726 2042 1825 2147 ralqr

267 2150 342 2220 etus
359 2151 573 2233 ¹aestimatur
590 2150 634 2221 ad
654 2155 802 2239 quatuor
821 2173 963 2222 marcas.
990 2152 1078 2224 Item
1098 2153 1237 2227 residua
1255 2176 1337 2244 pars
1356 2156 1458 2227 villae
1476 2178 1560 2246 prae
1562 2156 1653 2230 fatae
1672 2150 1826 2249 pertinbt

268 2270 311 2341 ad
326 2246 565 2343 canonicatum
584 2278 621 2343 et
640 2271 870 2361 praebendam
891 2272 1203 2345 Sandomiricnaem
1206 2296 1324 2365 ,quae
1342 2277 1538 2366 appellatur
1552 2278 1823 2369 Zayanczskop·

268 2392 352 2480 ska;
378 2392 413 2463 in
441 2413 509 2481 qua
536 2400 617 2464 sont
645 2400 806 2483 quatuor
820 2394 911 2466 lanei
938 2395 1182 2483 emetbouales,
1211 2401 1247 2465 et
1272 2397 1419 2486 quilibet
1446 2399 1550 2469 solvit
1576 2399 1662 2470 duas
1680 2422 1824 2491 marcas,

174 2510 180 2521 '
270 2512 417 2602 triginta
442 2534 527 2601 ova,
554 2513 641 2586 duos
668 2533 837 2604 capones;
873 2512 916 2585 de
943 2514 1001 2585 his
1029 2522 1179 2605 quatuor
1206 2516 1315 2587 laneis
1342 2518 1493 2608 percipit
1520 2519 1687 2591 decimam
1714 2522 1824 2593 mani-

270 2633 425 2723 pularem
452 2639 488 2704 et
514 2628 714 2723 canapalem
741 2634 887 2706 eeclesia
904 2635 939 2705 in
959 2634 1144 2725 Zwolya
1170 2635 1417 2711 Koniiiska
1443 2640 1478 2709 in
1497 2645 1593 2711 terra
1611 2639 1825 2732 Lublinensi,

268 2759 304 2825 et
339 2753 437 2827 valor
473 2754 548 2825 eius
584 2755 789 2827 aestimatur
827 2755 872 2828 ad
908 2762 1059 2845 quatuor
1095 2776 1238 2827 marcas.
1280 2756 1440 2829 Confluat
1466 2782 1543 2831 oum
1579 2760 1707 2851 oppido
1734 2760 1825 2833 Wa·
1896 2738 1899 2743 ⁵

271 2896 461 2966 sznyow.

371 2994 559 3085 LrssuoW,
586 2996 666 3066 villa
695 2997 759 3067 sub
787 2996 952 3086 parochia
978 2996 1144 3067 ecclesiae
1171 2997 1214 3068 de
1241 2995 1451 3087 Malyoze
1478 2998 1557 3087 sita,
1584 3020 1689 3089 qoam
1708 2998 1824 3072 Mar-

266 3117 453 3187 cussius
494 3116 602 3187 abbas
637 3117 680 3187 de
707 3115 1054 3188 Wanchoezsko
1091 3123 1127 3187 et
1154 3123 1344 3189 conventus
1370 3119 1465 3207 emit,
1492 3120 1536 3190 ab
1555 3118 1823 3193 Alexandro

268 3237 384 3309 Albo
411 3237 454 3307 de
482 3235 782 3309 Sandomiria
809 3260 872 3328 pro
900 3238 1101 3329 octuaginta
1128 3239 1254 3310 marcis
1273 3239 1351 3329 pori
1369 3240 1517 3329 argenti,
1535 3246 1572 3312 et
1589 3240 1688 3311 iuxta
1706 3240 1824 3313 villam

266 3359 375 3448 ipsam
418 3356 586 3447 quaedam
621 3364 719 3429 terra
728 3380 866 3449 ,quam
903 3359 994 3430 idem
1022 3358 1133 3431 abbas
1159 3359 1374 3449 comparavit
1401 3381 1423 3430 a
1450 3358 1726 3455 Gruthkone
1751 3360 1892 3489 filio.3g

268 3478 452 3569 Theodrici
488 3476 733 3568 Manczine
761 3478 803 3550 de
831 3478 932 3551 domo
961 3479 1115 3567 Rawa,
1142 3479 1185 3552 de
1212 3501 1380 3553 consensu
1406 3480 1590 3552 fratrum
1581 3482 1690 3572 Ipsina
1718 3471 1861 3553 Gro-

267 3599 427 3671 thonis
454 3620 518 3689 pro
545 3599 777 3689 quadraginta
803 3606 840 3671 et
868 3606 1018 3691 quatuor
1043 3601 1170 3672 marcis
1197 3601 1277 3690 pori
1302 3602 1448 3691 argenti.
1475 3601 1515 3672 In
1544 3623 1612 3693 qua
1638 3607 1721 3673 sunt
1738 3600 1824 3673 duo-

266 3718 387 3808 decim,
412 3720 499 3791 alias
526 3719 718 3810 quindecim
746 3721 836 3792 lanei
864 3719 1117 3809 emetbouales,
1144 3727 1182 3791 et
1207 3721 1354 3810 quilibet
1379 3720 1485 3792 solvit
1511 3721 1660 3793 sedecim
1680 3727 1822 3811 scottos,

267 3843 348 3913 item
377 3861 442 3913 ora
469 3841 625 3931 triginta,
651 3841 734 3913 ilem
762 3860 911 3930 capones
938 3838 1035 3929 duos,
1064 3840 1147 3912 item
1176 3861 1298 3914 caseos
1321 3840 1419 3931 duos,
1436 3842 1517 3912 item
1537 3841 1699 3914 laborant
1716 3863 1823 3914 unum

267 3964 357 4035 diem
384 3962 421 4035 in
449 3962 645 4053 septimana
670 3963 714 4033 de
736 3962 860 4061 laneo,
888 3960 1031 4051 proprio
1060 3982 1164 4033 curru
1192 3968 1254 4035 aut
1280 3968 1417 4053 aratro,
1444 3963 1527 4035 item
1553 3961 1734 4058 powebm
1759 3962 1823 4034 du-

136 4056 142 4075 *
266 4084 391 4175 plicem
418 4083 581 4155 laborant
607 4105 670 4174 pro
699 4104 790 4155 vere·
808 4104 922 4172 unam,
949 4090 986 4153 et
1012 4103 1077 4172 pro
1104 4083 1227 4173 hyeme
1254 4085 1412 4173 alteram,
1437 4085 1522 4157 item
1548 4105 1695 4179 omzpep.
1735 4084 1824 4156 Item

266 4207 432 4277 tabernae
459 4204 549 4275 duae
576 4203 743 4275 habentes
770 4224 884 4294 agros,
910 4210 947 4276 et
975 4204 1080 4285 solvit
1106 4202 1281 4293 quaelibet
1309 4225 1410 4275 unam
1438 4225 1600 4275 marcam.
1628 4204 1715 4275 Item
1743 4200 1840 4285 bor-'

265 4326 388 4398 tulani.
414 4325 503 4395 Item
530 4324 709 4414 praedium
738 4331 794 4396 est
820 4325 868 4427 ibi
896 4326 1063 4423 optimum
1091 4324 1300 4415 coenobiale,
1319 4322 1362 4395 de
1381 4346 1449 4414 quo
1468 4325 1715 4396 monasterium
1730 4324 1825 4397 tollit
1910 4328 1940 4401 “,
1997 4344 2003 4361 ·

267 4447 435 4519 decimam
461 4444 721 4535 manipularem.
748 4445 834 4516 Item
862 4446 1095 4541 molendinum
1123 4467 1191 4516 non
1219 4450 1282 4533 est,
1310 4444 1372 4517 sed
1399 4444 1533 4533 piscina
1559 4464 1627 4523 una
1645 4448 1708 4515 est.
1735 4440 1824 4518 Item

267 4588 387 4640 omnes
413 4567 490 4656 agri
518 4565 619 4637 villae
648 4565 787 4637 solvunt
813 4572 850 4637 et
876 4566 1074 4639 conducunt
1100 4567 1266 4639 decimam
1286 4564 1535 4654 manipularem
1558 4570 1595 4637 et
1613 4564 1815 4655 canapalem

269 4710 333 4777 pro
361 4688 561 4778 episcopatu
589 4685 811 4759 cracoviensi
839 4686 881 4758 de
908 4688 1022 4758 media
1049 4688 1140 4775 villa,
1167 4686 1209 4757 de
1236 4686 1347 4758 altera
1371 4685 1559 4757 medietate
1586 4705 1650 4776 pro
1678 4684 1948 4799 eoelesiffi,¹

268 4808 542 4879 iuMalieze.
583 4798 1255 4896 Confluatc'umSchawlowicze,
1282 4804 1501 4895 Malicze,
1527 4804 1852 4897 Nyeknalkn·
1956 4844 1959 4851 ·

268 4928 534 5001 Gedcchze.

373 5050 558 5138 Knnras,
587 5048 670 5121 villa
698 5049 762 5121 sub
799 5049 966 5139 parochia
1002 5048 1045 5121 de
1073 5049 1199 5121 Sancto
1226 5006 1368 5120 Petro
1359 5070 1394 5120 ιιι
1422 5047 1721 5120 Sandomiria
1746 5020 1824 5139 sila,
1872 5034 1934 5087 '⁶⁴'

268 5173 366 5243 cuius
394 5164 527 5262 partem
557 5170 739 5241 Herber
766 5169 911 5241 clericus
938 5171 1150 5241 monasterio
1177 5169 1338 5257 donavit,
1364 5176 1499 5259 partem
1527 5170 1775 5242 monasterium
1792 5190 1825 5242 a

267 5292 408 5364 Petro
445 5293 515 5373 filiu
552 5291 689 5363 scolteti
725 5298 762 5362 et
798 5290 878 5361 filiis
905 5290 1149 5363 Lamberti
1175 5289 1336 5392 doleamne
1362 5294 1398 5361 et
1424 5288 1621 5380 Stephano,
1647 5310 1712 5380 pro
1740 5311 1824 5381 qua·

273 5414 435 5503 draginta
461 5414 586 5484 marcis
614 5412 693 5502 puri
720 5411 858 5501 argenti
876 5411 1108 5502 comparavit;
1135 5410 1237 5483 uliam
1257 5411 1399 5483 tertiam
1417 5416 1551 5500 partem
1570 5408 1680 5482 abbas
1702 5409 1825 5482 domos

268 5554 331 5623 per
366 5534 671 5606 commutationem
706 5534 751 5604 ab
787 5533 933 5605 ecclesia
969 5529 1257 5615 Sondomirieusi
1273 5531 1434 5603 obtinuit.
1474 5529 1514 5600 ln
1542 5550 1611 5619 qua
1637 5536 1719 5601 sunt
1745 5534 1824 5602 octo

269 5655 362 5726 lanei
389 5654 633 5744 emetbouales,
661 5661 697 5726 et
725 5654 829 5724 solvit
856 5653 1028 5755 quilibet.
1050 5705 1131 5742 ...,
1159 5672 1304 5742 quorum
1332 5672 1393 5723 sex
1420 5650 1559 5723 solvunt
1585 5670 1649 5739 per
1675 5648 1824 5723 sedecim
1854 5750 1857 5755 Ι

267 5797 427 5869 grossos,
454 5776 621 5866 septimus
656 5773 936 5866 quatuordecim,
963 5780 1107 5846 caurus
1133 5772 1322 5863 Iertod'em,
1349 5772 1432 5843 item
1458 5771 1604 5861 triginta
1631 5790 1714 5859 ora,
1741 5770 1824 5842 item
1962 5786 1965 5793 ·

268 5898 356 5970 duos
381 5896 502 5988 gallos,
528 5896 610 5969 item
639 5917 775 5969 caseum
804 5915 919 5984 unum,
946 5895 1028 5967 item
1057 5894 1219 5999 laborant
1245 5892 1340 5975 duos,
1360 5893 1436 5965 dies
1462 5891 1498 5963 in
1525 5891 1726 5982 septimana,
1745 5911 1825 5980 pro-

269 6019 346 6110 prIo
374 6038 479 6089 curru
505 6022 568 6088 aut
594 6023 724 6106 metro,
750 6021 811 6088 aut
829 6013 954 6104 pedes;
982 6016 1065 6087 item
1077 6010 1264 6110 pomulam
1281 6020 1465 6104 utramque
1482 6011 1646 6083 laborant
1662 6032 1727 6102 pro
1746 6031 1827 6083 rere

268 6146 304 6211 et
330 6140 463 6230 hyeme,
490 6139 573 6209 item
599 6156 736 6232 oaazyep
765 6158 834 6211 non
861 6136 1012 6210 solvunt
1037 6136 1125 6207 Item
1152 6134 1323 6207 tabernae
1349 6155 1417 6206 uon
1445 6138 1535 6205 sunt.
1561 6132 1649 6237 Item
1668 6130 1826 6203 hortula-
1854 6152 1861 6161 ·

271 6261 351 6332 niae
380 6266 460 6331 sunt
488 6258 538 6329 ibi
564 6259 662 6348 dnae,
688 6258 857 6347 babentes
885 6278 1006 6351 agros,
1032 6262 1071 6329 et
1096 6252 1272 6353 quaelibet
1297 6253 1403 6327 solvit
1428 6275 1491 6345 per
1517 6273 1621 6324 uuum
1647 6250 1827 6335 fertonem.
1879 6246 1885 6275 ·’

269 6383 357 6454 Item
384 6379 564 6471 praedium
592 6384 647 6450 est
673 6378 722 6450 ibi
749 6376 962 6469 coenobiale,
989 6377 1032 6479 de
1059 6376 1158 6467 aplos
1177 6374 1289 6467 agna
1301 6366 1551 6485 'monasterium
1578 6371 1672 6445 tollit
1696 6390 1762 6463 pro
1788 6392 1826 6445 se

371 6548 576 6589 memnonem.
1617 6520 1654 6567 52
