4217 8059
1693 1450 1812 1579 ‘m

264 1711 515 1802 manipularem
541 1691 579 1782 et
605 1710 807 1802 canapalem
833 1732 897 1802 pro
923 1711 1135 1785 monasterio
1162 1711 1422 1804 Swyerzineusi,
1453 1711 1550 1785 cuias
1576 1711 1675 1787 valor
1710 1715 1816 1785 sesti.
1897 1750 1900 1759 ι

266 1841 382 1904 matur
399 1832 444 1904 ad
472 1885 586 1902 .....
604 1852 757 1903 marcas:
1424 1846 1427 1853 ’

367 1953 686 2043 Gauruuowracz,
712 1952 796 2025 villa
822 1954 887 2026 sub
913 1954 1079 2043 parocbia
1097 1954 1140 2026 de
1167 1996 1282 2025 ....-.
1301 2008 1308 2024 .
1329 1956 1406 2043 sita,
1432 1955 1530 2038 cuius
1556 1957 1753 2046 proprietas
1771 1957 1815 2028 ad

263 2076 512 2147 monasterium
540 2071 799 2166 Superaiuense
825 2075 985 2163 pertinet.
1020 2073 1062 2145 In
1090 2095 1159 2165 qua
1185 2082 1267 2146 suut
1293 2074 1385 2146 lanei
1412 2075 1648 2153 emetbonales
1675 2083 1712 2146 et
1739 2077 1815 2166 qui·
1903 2054 1905 2059 ¹

264 2195 353 2267 libet
375 2195 535 2267 solvit..
553 2248 580 2285 .,
606 2196 691 2267 item
718 2185 793 2283 ov'a,
820 2195 903 2284 item
929 2193 1050 2285 gallos,
1078 2197 1162 2266 item
1189 2215 1318 2285 caseos,
1345 2196 1429 2266 item
1456 2195 1564 2286 labor,
1591 2196 1675 2267 item
1697 2217 1814 2290 pomu-

161 2408 165 2415 .
265 2314 362 2404 bum,
387 2316 471 2423 item
507 2336 662 2410 casapcp,
688 2314 771 2386 item
798 2316 983 2405 tabernae,
1010 2317 1094 2387 item
1120 2316 1372 2405 molendinum,
1399 2316 1481 2386 item
1507 2316 1706 2406 praediump
1732 2317 1815 2387 item

265 2437 487 2526 omnesugri
513 2436 617 2509 villae
633 2437 1041 2521 ‚solruutetconducunt
1054 2436 1222 2508 decimam
1240 2437 1489 2527 manipularem
1507 2442 1544 2506 et
1561 2436 1815 2526 canapalem...
1863 2452 1867 2457 ·
1988 2513 1996 2528 „

370 2556 544 2648 Duum,
570 2557 656 2629 villa
679 2557 746 2629 sub
771 2557 939 2647 parocbia
966 2557 1009 2628 de
1026 2612 1034 2627 .
1053 2611 1089 2629 ..
1115 2559 1196 2647 sita,
1224 2559 1321 2629 euius
1348 2558 1543 2648 proprietas
1570 2556 1614 2628 ad
1642 2561 1832 2629 monaste*

266 2678 355 2748 rium
382 2677 657 2769 Zwyerayueuse
682 2678 844 2768 pertinet.
871 2677 910 2748 lu
938 2698 1007 2768 qua
1032 2682 1115 2749 sunt
1140 2678 1232 2748 lanei
1259 2677 1494 2749 cmetbonales
1520 2684 1557 2749 et
1583 2677 1730 2768 quilibet
1747 2675 1816 2748 sol·

266 2799 317 2868 vit
335 2852 342 2868 .
361 2852 369 2867 .
388 2851 414 2887 .,
432 2798 515 2869 item
543 2799 730 2889 ova„item
756 2797 876 2889 gallos,
903 2799 987 2870 item
1015 2818 1144 2888 caseos,
1171 2799 1254 2869 ltem
1280 2798 1388 2887 labor,
1415 2799 1497 2869 item
1518 2795 1815 2891 porratam-item

265 2939 411 3013 omapep,
437 2918 521 2989 item
546 2921 703 3008 taberna,
729 2919 811 2990 item
839 2920 1127 3010 nommant—item
1146 2919 1387 3009 molendinum,
1406 2920 1488 2990 item
1507 2919 1706 3008 praedium3
1732 2918 1815 2989 item

266 3040 486 3130 omnes-agri
512 3040 615 3112 villae
641 3040 782 3113 solvunt
806 3046 844 3112 et
860 3041 1058 3113 conducunt
1074 3041 1240 3111 decimam
1253 3038 1501 3130 manipularem
1520 3039 1817 3129 et‚eaaapalem.:.
1871 3115 1874 3121 ⁸

303 3200 306 3205 -
368 3159 625 3251 Nmuaaraan,
659 3162 807 3233 taberna
842 3162 907 3234 sub
941 3162 1108 3252 parocbia
1143 3161 1309 3232 eeclesiae
1339 3161 1578 3232 conventualis
1604 3160 1648 3232 de
1674 3159 1816 3250 Swye·

264 3300 495 3371 rzyuyecr
520 3281 598 3372 sita,
624 3283 722 3353 cuius
748 3282 945 3373 proprietas
971 3282 1015 3353 ad
1042 3280 1290 3353 monasterium
1317 3280 1680 3373 Swyeruynyecz
1706 3281 1816 3370 perti·

263 3408 343 3493 uet3
377 3403 594 3493 uuae'inter
626 3402 896 3475 Gracoviam
932 3409 968 3473 et
1002 3403 1249 3474 monasterium
1284 3401 1652 3494 Zwyerzynyecz
1688 3403 1813 3492 positu,

264 3522 381 3613 plures
407 3523 514 3595 babet
538 3524 807 3613 praerogativae
832 3529 869 3595 et
895 3524 1158 3595 commoditates
1185 3544 1228 3594 ex
1256 3524 1484 3612 contiguitate
1509 3528 1581 3595 tam
1607 3523 1759 3594 famosae
1772 3529 1815 3595 et

265 3643 467 3734 magnificae
501 3644 674 3733 cidtatis3
700 3644 807 3716 babet
840 3645 946 3715 etiam
982 3662 1087 3734 agros
1121 3646 1282 3734 proprios
1317 3645 1450 3733 amplos
1477 3651 1514 3715 et
1539 3645 1682 3733 uberes,
1710 3644 1816 3716 habet

265 3768 369 3854 prata
394 3770 432 3834 ot
456 3764 596 3853 hortos,
622 3765 759 3837 ratione
790 3785 937 3855 quorum
963 3764 1069 3836 solvit
1094 3766 1304 3836 monasterio
1331 3763 1590 3855 Swyerzynensi
1617 3784 1682 3855 pro
1709 3782 1815 3836 censu

267 3884 432 3956 ...ltern
459 3883 504 3956 de
528 3884 624 3975 agris
651 3884 829 3974 praefatae
855 3874 1023 3984 ‘tabernae
1048 3885 1293 3956 decima...·
1399 3942 1403 3949 .

364 4003 633 4091 ”rhodinum
662 4011 928 4099 antepartum
955 4012 1134 4080 autorum
1163 4007 1212 4078 tn.
1230 4001 1434 4079 oraturia.
1462 4005 1623 4078 Habebat
1640 3968 1829 4096 quondam
1953 4086 1960 4093 ,

265 4126 516 4199 tumulariam
543 4125 811 4218 Swyerayuense
838 4128 873 4197 iu
899 4127 1040 4197 flumine
1067 4127 1263 4198 Rudawa
1288 4133 1368 4197 aute
1383 4125 1522 4216 'portam
1541 4135 1696 4199 sutorum
1715 4127 1813 4198 urbis

264 4233 504 4319 Graoeriaum
530 4234 764 4320 molendinum
797 4249 951 4338 insigne,
978 4247 1069 4338 qued
1098 4249 1179 4337 quia
1205 4239 1352 4319 cortices
1378 4248 1580 4338 querciuos,
1607 4249 1651 4320 ad
1678 4249 1815 4340 querci·

264 4387 347 4439 nam
372 4366 523 4440 colorem
550 4369 703 4441 cuttibus
729 4369 980 4459 inducendum,
996 4389 1061 4459 pro
1089 4368 1273 4441 cerdonum
1293 4367 1441 4441 artilicio
1459 4370 1690 4459 concutiebat,
1711 4390 1812 4462 quer-

265 4489 378 4561 cinum
404 4489 638 4562 molendinum
665 4491 862 4579 vocabatur,
890 4496 926 4560 et
950 4490 1109 4561 solvebat
1135 4488 1280 4577 singulis
1298 4489 1524 4560 hebdomadis
1540 4493 1752 4563 monasterio
1770 4491 1814 4563 de

264 4610 519 4702 Swyerzinyecz
547 4631 610 4700 pro
637 4632 740 4681 censu
768 4611 914 4682 mediam
941 4629 1111 4699 marcam,
1139 4609 1270 4680 habens
1296 4611 1401 4680 etiam
1429 4616 1531 4699 prata
1557 4611 1688 4700 optima
1713 4612 1813 4683 iuxta

263 4725 404 4804 durium
429 4730 627 4803 Rudawa
662 4708 785 4822 posita
824 4730 1006 4803 Processu-
1021 4737 1135 4802 autem
1162 4731 1331 4820 temporis
1357 4730 1590 4803 molendinum
1617 4729 1810 4822 praelatum

264 4858 336 4923 uu
371 4840 670 4942 quesmosum,·a
695 4854 919 4924 monasterio-
942 4852 1204 4943 Swyeruynensi
1232 4853 1445 4923 abstractum
1472 4856 1527 4923 est
1551 4857 1597 4923 et·
1615 4853 1811 4946 alienatum,

242 4978 303 5045 ‘ut
334 4973 370 5045 in
407 4974 539 5062 regiam
574 4975 672 5045 veuit
705 4975 890 5063 ditionem3
930 4980 1032 5064 prata
1068 4994 1150 5045 vero
1186 4974 1373 5045 molendini
1409 4972 1556 5063 praefati
1590 4977 1817 5065 praepositus

180 5103 183 5107 ’
264 5094 548 5185 Zvyerayaensis
572 5102 624 5166 ·et
658 5100 855 5165 conventus-
883 5095 1079 5166 consulatui
1115 5102 1150 5165 et
1185 5096 1318 5193 civitati
1353 5090 1574 5167 Gracovieusi
1614 5097 1814 5169 venditione

265 5221 445 5306 perpetua·
459 5221 496 5287 et
523 5216 753 5305 irrevocabili,
779 5236 845 5305 pro
871 5215 1029 5287 ducentis
1054 5221 1098 5285 et
1113 5216 1371 5306 quinquaginta
1395 5217 1522 5288 marcis
1547 5214 1696 5289 latorum
1715 5228 1816 5307 gros·-

265 5356 381 5415 aorum
416 5319 661 5428 Paageusium,
692 5344 730 5408 et
766 5357 831 5427 pro
867 5336 1004 5426 lapidea
1037 5336 1182 5408 aeiali
1171 5358 1207 5407 m
1233 5337 1351 5427 platea
1377 5336 1496 5409 Sancti
1523 5338 1678 5408 Floriani
1688 5359 1813 5429 ,quae

265 5456 529 5530 commoveas
558 5458 802 5548 appellabatur
836 5459 923 5549 sita,
949 5457 1125 5547 vendidit,-
1160 5478 1211 5528 ex
1238 5458 1417 5548 pratisque
1452 5464 1588 5549 quoque
1614 5459 1812 5613 huiusmodi

264 5598 393 5668 pascua
416 5580 618 5678 ωιιιιιιιιιια
637 5579 770 5650 ciritae
787 5570 1028 5651 Orauoriensis
1053 5578 1166 5650 tecit

326 5699 924 5790 Lum1,villahabeusrnse
949 5695 1182 5791 parochialem
1209 5616 1387 5775 ecclesium
1414 5700 1582 5792 ligneam,
1609 5704 1707 5775 culus
1733 5724 1814 5794 pra

265 5822 398 5910 prietes
434 5829 473 5894 et
506 5821 693 5894 dominium
730 5822 812 5893 olim
835 5821 894 5893 ‚ad
927 5821 1176 5893 monasteriam
1207 5821 1254 5892 de
1281 5821 1644 5915 Zwyerzynyecz
1670 5845 1712 5894 ex
1739 5826 1811 5914 pri·

266 5962 388 6015 maora
412 5941 614 6015 fundatione
639 5942 845 6032 pertinebat,
872 5962 963 6012 nane
989 5949 1103 6013 autem
1122 5943 1274 6033 pertinet
1290 5943 1392 6032 pleno
1409 5934 1485 6014 iure
1503 5944 1546 6015 ad
1564 5945 1814 6023 monasterium

266 6062 499 6153 T-bincaieuue,
513 6085 577 6136 ex·
591 6083 701 6155 ,causa
727 6063 994 6153 permutationis
1020 6062 1065 6134 ad
1091 6063 1175 6134 illud
1203 6064 1382 6153 deuoluta3
1409 6063 1506 6135 dedit
1531 6065 1621 6135 enim
1641 6072 1814 6138 monaste

266 6185 356 6257 rium
383 6183 609 6285 Thiueaieuse
636 6204 700 6275 pro
726 6183 886 6273 praefata
910 6183 1205 6277 rilla·Lyszky'
1228 6184 1344 6267 uillam
1362 6174 1520 6256 sui'iuris
1538 6182 1813 6273 Wolowicae'
1921 6182 1923 6187 ’

266 6313 306 6376 ot·
327 6304 520 6378 meletium
547 6304 583 6376 in
610 6304 828 6396 Kolberlr,
853 6311 891 6377 et
917 6324 962 6376 ax
986 6305 1048 6376 illo
1065 6312 1222 6397 tempure
1240 6304 1357 6376 villam
1375 6305 1588 6398 Lysszlry'.
1608 6309 1684 6379 cum
1703 6308 1814 6382 horul-

265 6425 370 6499 nibus
400 6426 625 6519 ausmiptitiis
658 6428 907 6499 monasterium
942 6425 1185 6516 Thmcziense,
1212 6424 1329 6498 villam
1359 6446 1443 6498 vero
1470 6416 1749 6503 Wulowicre
1775 6437 1814 6507 et
