4217 8059
272 1462 347 1534 2⁷2

269 1672 517 1761 proprietatem
551 1672 753 1743 monasterii
789 1671 1110 1746 Szeczechoviensis
1147 1674 1345 1764 pertinens3
1381 1675 1444 1746 sed
1472 1675 1645 1746 incertum
1671 1681 1727 1748 est
1752 1697 1821 1768 qno
1897 1660 1909 1667 ⁸

272 1815 353 1865 casu
391 1799 452 1864 eut
477 1800 653 1883 tempore,
680 1799 742 1865 aut
767 1815 837 1884 que
861 1815 905 1865 en
932 1815 1036 1866 caum
1063 1795 1242 1886 disperiit,
1269 1816 1333 1866 nec
1358 1796 1532 1867 habentur
1556 1796 1632 1873 eius
1658 1796 1737 1869 loce
1761 1805 1823 1869 aut

171 1898 177 1906 ’
273 1915 435 2005 vestigia,
471 1916 507 1986 in
543 1913 757 1986 iurslationis
791 1920 907 1986 tamen
943 1916 1126 2006 privilegio
1153 1917 1190 1987 in
1216 1936 1361 1988 numero
1387 1917 1567 2006 villarum,
1594 1938 1681 2008 quas
1708 1922 1822 1998 eomes

272 2037 539 2125 Sethegius·
553 2022 764 2107 monasterio
783 2035 1084 2137 Szecnechoviensi
1102 2038 1138 2107 in
1157 2037 1273 2109 dotem
1291 2038 1480 2109 contulisse
1496 2039 1672 2128 scribitur,
1690 2039 1823 2111 inserta
1897 2120 1903 2131 ⁸

271 2163 332 2228 est.
359 2158 497 2228 Donata
524 2177 587 2247 per
613 2149 881 2247 Sethegium
909 2158 1068 2229 comitem
1096 2159 1316 2230 monasterio.

375 2258 573 2367 (insonus,
589 2278 625 2349 in
652 2279 719 2350 lroc
744 2278 821 2349 looo
846 2298 1021 2369 nunquam
1047 2278 1115 2350 init
1141 2279 1240 2363 ville,
1267 2280 1329 2350 sed
1354 2278 1496 2351 inerunt
1523 2280 1567 2351 ab
1594 2280 1694 2352 initio
1721 2288 1825 2376 utet
1904 2373 1910 2379 ἰ

271 2420 361 2472 nunc
388 2405 476 2490 sunt,
504 2400 635 2490 optima
648 2404 698 2470 -et
723 2400 796 2470 late
820 2406 933 2490 prata,
953 2400 988 2470 in
1015 2399 1228 2473 fundationis
1246 2418 1387 2491 quoque
1408 2400 1594 2491 privilegio.
1617 2385 1824 2493 Gheclrly

139 2538 144 2554 ¹
272 2526 374 2612 prata
400 2521 729 2611 nominantur,·non
756 2520 858 2608 villa3
884 2520 972 2592 haec
998 2522 1168 2612 siquidem
1195 2526 1298 2612 prata
1315 2540 1392 2591 cum
1410 2538 1432 2592 a
1449 2521 1619 2612 principio
1646 2521 1822 2594 mndatio-

241 2732 244 2739 .
273 2646 328 2714 nis
343 2643 556 2715 monasterii
583 2642 925 2731 Szeozechoviensis,
951 2664 1062 2733 usque
1102 2643 1146 2725 ad
1172 2655 1331 2734 tempora
1356 2642 1595 2713 Vladis-lai
1621 2642 1824 2728 Secundi

272 2766 413 2836 natione
450 2763 633 2855 Lithvani,
668 2762 833 2835 Poloniae
868 2764 979 2855 regis,
994 2799 998 2806 ·
1015 2765 1076 2855 qui
1111 2764 1205 2855 apud
1231 2764 1390 2836 -Polonos
1420 2776 1531 2836 anno*
1546 2763 1689 2835 Domini·
1716 2766 1824 2854 1386.

272 2906 427 2977 regnare.
445 2887 575 2976 coepit,
602 2886 646 2957 ad
673 2885 923 2975 proprietatem
950 2887 1154 2957 monasterii
1180 2884 1500 2967 Szeczechueiensis
1526 2884 1660 2976 absque
1686 2890 1824 2958 contro-

273 3008 388 3080 versia
413 3007 648 3098 pertinuisset,
676 3006 740 3078 sub
767 3006 933 3097 regimine
959 3011 1079 3077 tameo
1093 3005 1242 3097 praefati
1268 3004 1512 3091 Vladislai
1537 3004 1704 3077 Poloniee
1721 2989 1824 3097 regis,

273 3129 326 3200 vel
353 3129 507 3200 iussione
532 3149 596 3200 sua
621 3148 744 3218 parum
771 3127 999 3217 considerata,
1025 3128 1081 3215 vel
1108 3127 1202 3218 quod
1228 3128 1339 3217 magis
1357 3127 1573 3215 crediderim,
1592 3146 1734 3199 suornm
1753 3127 1824 3199 offi-

273 3250 410 3323 cialium
428 3236 595 3340 improba
628 3249 826 3321 temeritate
853 3255 1020 3339 occupata
1047 3254 1145 3339 sunt,
1173 3255 1210 3320 et
1236 3269 1258 3318 a
1285 3248 1496 3321 monasterio
1524 3247 1825 3321 Szeczeehoviensi

272 3371 467 3460 abstracta,
491 3371 694 3444 detinentur
729 3371 765 3441 in
792 3370 883 3441 hanc
908 3369 999 3441 diem
1026 3376 1202 3460 occupata,
1229 3369 1368 3441 assidue
1395 3369 1565 3459 divinam,
1592 3370 1661 3441 nisi
1686 3369 1826 3442 restim-

272 3499 386 3582 antur,
413 3492 611 3581 expetentia
631 3491 812 3562 ultionem.
838 3490 977 3562 Donata
1003 3511 1068 3581 per
1092 3490 1474 3563 Krziwoszadum
1499 3491 1685 3563 comitem

376 3614 595 3705 Onzncnow,
622 3611 903 3704 villafqnondam
929 3612 1001 3683 fuit·
1022 3612 1118 3685 culta
1143 3597 1179 3684 et
1205 3632 1375 3704 possessa,
1403 3612 1447 3684 ad
1463 3613 1726 3703 ‘proprietatem
1744 3611 1825 3686 Sue·

272 3735 526 3807 czechoviensis
552 3734 731 3825 pertinens
758 3731 968 3833 monasterii,
996 3733 1061 3804 sub
1088 3752 1240 3805 numero·
1259 3732 1438 3821 villarum,
1465 3752 1555 3822 quae
1581 3731 1826 3806 Szeczeclrori·

273 3858 347 3931 ensi
374 3857 409 3926 in
437 3838 554 3927 dotem
590 3855 764 3927 dabantur
790 3854 1021 3943 monasterio,
1047 3855 1084 3925 in
1110 3854 1293 3944 privilegio
1319 3850 1545 3925 fundationis.
1559 3855 1826 3946 comprehensa3
1918 3908 1924 3914 -

274 3977 334 4048 sed
369 3977 482 4049 sertim
511 3974 679 4067 periisse,
706 3981 768 4047 aut
804 3976 839 4046 in
876 3974 1125 4048 desolationem
1152 3994 1254 4046 versa
1280 3974 1382 4065 esse,
1403 3994 1478 4046 nec·
1494 3974 1829 4068 aliqui-supersunt,

273 4098 332 4187 qui
367 4099 443 4168 eius
478 4097 614 4188 possint
647 4103 843 4181 monstrare
880 4096 993 4168 locum
1028 4101 1091 4167 aut
1126 4097 1293 4197 uestigia,
1329 4102 1393 4170 aut
1424 4096 1575 4169 fluminis
1601 4096 1825 4169 Victo-lae
1902 4123 1906 4129 ·

274 4219 445 4292 alluvione
472 4219 647 4310 absorpta.
674 4219 814 4290 Donata
839 4216 1050 4305 monasterio
1077 4200 1145 4308 per'
1168 4217 1328 4289 comitem
1356 4215 1620 4289 Martinam.

176 4365 185 4370 ·
332 4415 334 4424 ,
377 4341 663 4431 Pnoszowrczn,
682 4339 766 4412 villa
784 4340 849 4411 sub
867 4339 1032 4431 parochia
1051 4338 1217 4416 ecelesiae
1235 4338 1278 4409 de
1297 4337 1607 4430 Wargoczino‘
1632 4339 1711 4429 sita,
1729 4340 1828 4412 cuius
1867 4322 1873 4329 ⁸

276 4463 472 4553 proprietas
496 4448 682 4553 'quondam
719 4461 764 4533 ad
789 4459 1037 4533 monasterinm
1064 4451 1374 4532 Szeczechoviense
1401 4461 1622 4551 pertinebat,
1640 4460 1680 4531 in
1705 4460 1824 4532 dotem

273 4589 309 4654 et
334 4584 411 4675 ipsa
444 4583 528 4657 data
563 4583 656 4654 circe
689 4581 926 4654 fundationem
954 4580 1193 4680 monasterio,
1219 4601 1284 4671 per
1319 4583 1420 4672 regni
1446 4579 1612 4654 Poloniae
1638 4581 1768 4654 milites
1794 4587 1830 4654 et

272 4725 443 4795 proceres.
477 4705 546 4776 Sed
571 4705 725 4776 alienate
751 4709 806 4775 est
832 4724 854 4775 o
877 4701 1440 4793 monasterioSzeczechoviensi,
1466 4703 1523 4774 vel
1548 4722 1592 4775 ex
1618 4717 1725 4776 causa·
1749 4723 1828 4794 per-

272 4827 474 4902 mutationis
511 4826 679 4916 cambita,
716 4826 772 4898 vel
809 4824 1036 4914 calumniose,
1063 4828 1125 4896 aut
1158 4845 1223 4914 per
1256 4823 1335 4895 vim.
1354 4829 1540 4915 usurpata,
1567 4833 1604 4896 et
1629 4830 1727 4898 tenet
1750 4844 1827 4910 eam

273 4967 365 5018 nunc
389 4947 746 5038 Dobrogoscius
783 4945 826 5016 de
852 4944 1203 5037 Lyan‘szenicze
1230 4945 1357 5018 nobilis
1385 4945 1429 5016 de
1455 4945 1558 5018 domo
1584 4945 1830 5037 Nalyancz.

274 5069 412 5140 Donata
438 5057 649 5140 monasterio
675 5087 739 5158 per
766 5066 901 5139 milites.
1355 5061 1358 5067 ’

376 5189 605 5279 Beznssczn‚
633 5188 717 5260 villa
753 5189 818 5261 sub
851 5187 1017 5279 parochia
1051 5188 1217 5288 ecclesiae
1244 5188 1287 5260 de
1314 5188 1595 5266 Stanszicza
1619 5189 1829 5294 sita,·cuius

272 5311 469 5401 proprietas
496 5311 670 5402 qnondam
696 5310 741 5381 ad
767 5305 1017 5382 monasterium
1045 5286 1354 5382 Szeczechoriense
1382 5310 1599 5401 pertinebat,
1626 5331 1690 5400 pro
1717 5308 1827 5408 duddi

274 5452 416 5504 munere
443 5437 478 5504 et
503 5432 580 5524 ipsa
607 5433 643 5503 in
662 5430 870 5503 ¹fundatione
897 5431 1109 5503 monasterio
1136 5429 1448 5521 Saeczechoviensi,
1466 5452 1530 5523 per
1546 5432 1646 5522 regni
1664 5406 1828 5503 Polon'iee

273 5553 400 5624 milites
426 5562 463 5625 et
490 5550 652 5643 proceres
680 5532 810 5626 donata
836 5558 873 5636 et
899 5551 1087 5642 inscripta;
1114 5550 1176 5622 sed
1202 5551 1381 5625 abstracta
1406 5557 1462 5623 est
1488 5552 1828 5625 aSzeczechovi'ensi

277 5674 495 5764 monasterio,
521 5675 693 5779 incertum
718 5695 762 5746 ex
790 5694 858 5764 quo
885 5679 1051 5763 tempore,
1080 5684 1173 5762 casu,
1200 5674 1410 5745 necessitate
1437 5678 1498 5745 eut
1525 5688 1639 5764 causa,
1658 5677 1695 5768 et
1711 5679 1830 5745 tenent
1900 5751 1906 5758 ,

274 5815 350 5866 eam
388 5815 478 5866 nune
511 5796 637 5867 milites
673 5776 845 5867 dedomo
872 5793 1170 5881 Thaurorum.
1205 5796 1345 5867 Donata
1370 5795 1584 5868 monasterio
1610 5788 1680 5886 pe'r¹
1691 5796 1831 5898 milite·
1855 5892 1865 5898 ῃ

266 5984 269 5989 ,
378 5916 611 5990 Szunusszrm
649 5916 736 5988 alios
772 5915 1058 6003 Seusamora
1091 5917 1156 5988 sub
1183 5916 1349 6007 parochia
1385 5916 1550 5988 ecclesiae
1576 5917 1621 5989 de
1647 5916 1831 5989 Szecze

273 6040 396 6111 chow
422 6038 502 6128 sita,
529 6037 574 6109 ad
592 6037 1064 6128 proprietatemmonasterii
1083 6037 1404 6111 Szeozechoviensis
1422 6039 1601 6128 pertinens
1621 6039 1724 6130 pleno
1742 6039 1828 6129 iure,

275 6180 362 6250 quae
389 6159 456 6231 etsi
483 6157 565 6230 olim
591 6156 696 6230 luerit
722 6158 767 6231 ab
793 6159 956 6249 agricolis
983 6159 1078 6231 culta
1103 6164 1140 6230 et
1165 6179 1336 6249 possessa,
1351 6160 1532 6245 ¹hactenus
1559 6166 1678 6236 minen
1704 6161 1741 6233 in
1768 6160 1827 6232 de·

166 6311 175 6363 2
275 6281 479 6351 solationem
515 6277 658 6350 redacta
693 6284 764 6369 est,
796 6285 833 6350 et
867 6285 971 6352 natae
1007 6283 1219 6370 exortaeque
1246 6280 1391 6352 suntin
1418 6281 1493 6355 eius
1520 6280 1613 6372 agris
1642 6287 1763 6361 uastae
1794 6287 1830 6354 et

286 6399 414 6471 densae
450 6399 569 6491 sylvae
578 6424 590 6489 ,·
621 6399 676 6472 in'
694 6397 915 6490 paladinibns
950 6399 1040 6475 enirn
1068 6404 1104 6472 et
1129 6398 1273 6475 undosis
1298 6400 1384 6475 locis
1410 6401 1479 6476 sita
1504 6408 1576 6493 est,
1602 6422 1667 6477 neo
1690 6408 1837 6496 propter
