4217 8059
284 1479 358 1550 284
421 1513 424 1522 ·

359 1681 590 1768 ¹GouznoW,
626 1678 709 1748 villa
735 1679 799 1749 sub
826 1679 992 1767 parocbia
1018 1679 1184 1751 ecclesiae
1211 1679 1254 1749 de
1282 1678 1598 1774 Rraesznioza
1624 1681 1701 1766 sita,
1727 1681 1825 1753 cuim
1954 1752 1957 1757 .

280 1803 475 1892 proprietas
495 1806 537 1871 'et
563 1800 750 1870 dominium
777 1797 822 1868 ad
849 1800 1050 1870 coenobium
1078 1798 1390 1870 sanctimonialium
1431 1801 1466 1870 in
1494 1801 1825 1890 Stbanyath-lry

278 1921 430 2011 pertinet
456 1920 556 2009 pleno
584 1921 668 1989 iure.
696 1920 735 1988 In
764 1907 832 2007 qua
859 1925 939 1989 sunt
966 1913 1057 1990 octo
1072 1940 1148 1990 cum
1166 1919 1278 1990 medio
1297 1919 1397 1989 'lanei
1425 1921 1669 2008 cmetbonales,
1695 1929 1731 1991 et
1750 1921 1825 2009 qui-
1927 1948 1930 1963 ·

201 2106 206 2111 .
277 2040 362 2111 libet
389 2039 494 2112 solvit
520 2060 583 2128 pro
611 2059 715 2109 censu
742 2059 856 2109 annuo
883 2039 918 2108 in
955 2038 1254 2129 Sthanyathlr
1262 2062 1284 2130 y
1320 2056 1422 2109 unam
1451 2061 1599 2109 marcam
1636 2043 1824 2111 eommunis
1855 2052 1865 2066 ⁸

167 2236 171 2251 ,
276 2161 459 2250 pecuniae,
494 2162 576 2231 item
603 2160 690 2230 dnos
716 2160 844 2248 gallos,
880 2180 986 2229 unum
1012 2180 1077 2248 pro
1103 2158 1476 2248 festo-assumptionis
1503 2161 1648 2248 Mariae,
1675 2167 1711 2231 et
1738 2160 1824 2230 alte-

277 2301 351 2351 rum
380 2302 443 2369 pro
469 2279 557 2350 iesto
585 2279 788 2350 Natiuitatis
815 2277 963 2367 Christi,
999 2280 1082 2350 item
1110 2279 1233 2368 viginti
1261 2300 1334 2368 ova,
1359 2281 1445 2380 -item
1472 2280 1558 2350 duos
1585 2300 1716 2368 caseos,
1741 2282 1823 2351 item

276 2401 362 2471 duos
388 2421 488 2470 coros
515 2420 655 2484 avenae,
682 2409 871 2475 mensurae¹
887 2399 1100 2469 Boebnensis
1120 2384 1313 2485 confertum
1340 2399 1422 2469 item
1451 2401 1597 2489 quilibet
1624 2402 1760 2471 cmetho
1780 2401 1823 2472 de

221 2612 223 2615 Ι
275 2520 375 2590 laneo
401 2525 542 2591 tenetur
567 2520 708 2608 proprio
735 2539 839 2589 curru
875 2524 936 2589 aut
961 2525 1078 2589 aratro
1114 2540 1218 2588 riuum
1246 2518 1336 2589 diem
1363 2519 1523 2591 laborare
1559 2521 1595 2589 in
1622 2521 1822 2609 septimana

233 2643 238 2650 '
276 2640 363 2709 Item
391 2639 553 2710 ducturas
588 2639 720 2710 iaciunt
747 2638 791 2708 ad
818 2639 987 2709 rationem
1022 2639 1156 2709 dierum
1193 2640 1227 2709 in
1255 2638 1449 2727 septimana
1484 2630 1690 2711 debitorum.
1735 2641 1822 2712 item
1951 2649 1954 2653 '

277 2759 422 2848 quilibet
448 2760 583 2830 cmetbo
620 2759 662 2829 de
688 2760 788 2829 laneo
816 2764 955 2828 tenetur
990 2779 1053 2847 pro
1080 2756 1251 2852 myodowe
1277 2764 1313 2829 et
1339 2780 1499 2851 opacum
1534 2761 1669 2830 solvere
1704 2760 1821 2831 decem

227 2964 230 2971 .
277 2879 495 2995 quadrantes.
539 2879 625 2949 item
652 2886 734 2949 sunt
761 2879 796 2947 in
823 2878 941 2985 eadem
969 2878 1052 2948 villa
1079 2877 1168 2949 duae
1194 2879 1379 2966 tabernae,
1416 2880 1715 2970 babentesagros
1734 2901 1821 2969 pro·

276 3000 380 3086 prius,
407 3005 444 3068 et
469 3019 537 3068 uua
563 3018 680 3069 earum
709 2999 812 3068 solvit
833 3005 998 3097 'quatuor
1033 3018 1167 3069 marcas
1201 3005 1238 3068 et
1265 3019 1368 3095 unum
1402 3000 1552 3088 lapidem
1581 3002 1672 3088 sepi,
1709 3001 1821 3071 altera

276 3137 358 3187 vero
385 3117 490 3188 soluit
517 3119 602 3189 duas
629 3136 819 3206 sexagenas
836 3123 881 3186 -et
906 3138 1011 3187 unum
1039 3103 1185 3206 lapidem
1215 3119 1298 3205 sepi.
1325 3118 1512 3188 [temnunt
1538 3121 1572 3189 in
1600 3119 1822 3191 eademnilla
1936 3194 1939 3202 ,

276 3237 425 3327 quinque
452 3237 688 3324 hortulaniue,
730 3243 878 3327 quatuor
905 3238 1044 3306 solvunt
1070 3257 1132 3326 par
1159 3258 1281 3307 novem
1310 3246 1440 3308 scottos
1468 3259 1531 3326 pro
1551 3260 1673 3338 censu,
1700 3241 1822 3328 quinta

275 3375 357 3427 vero
391 3357 496 3428 solvit
529 3378 635 3427 unum
668 3357 838 3427 fertonem
865 3363 900 3426 et
926 3358 1101 3453 quaelibet
1136 3363 1275 3427 tenetur
1302 3358 1337 3427 in
1358 3360 1558 3446 septimana
1593 3381 1699 3430 unum
1731 3359 1821 3429 dmm

274 3477 436 3564 pedester
462 3478 631 3547 laborare.
658 3477 745 3546 Item
763 3477 870 3545 estin
889 3476 1007 3546 eadem
1034 3477 1118 3546 villa
1142 3477 1291 3566 aliquale
1319 3478 1497 3565 praedium
1524 3479 1731 3567 coenobiale,
1759 3479 1821 3551 sed

275 3615 430 3684 parvum,
457 3596 500 3666 de
527 3618 594 3685 quo
622 3597 769 3666 solvitur
796 3595 928 3665 decima
955 3596 1180 3685 manipularis
1207 3597 1240 3665 in
1266 3594 1473 3690 ponitlawam
1500 3599 1717 3686 praebendae
1735 3596 1820 3669 Gra·

276 3716 426 3785 covieusi
454 3715 674 3806 Lyazowska
701 3715 788 3784 Item
815 3734 933 3785 omnes
953 3717 1032 3802 agri
1060 3717 1287 3799 cmetbonum
1315 3718 1576 3807 tabernatorum
1604 3726 1640 3788 et
1667 3718 1825 3793 bortulae.

276 3854 407 3921 norum,
435 3834 574 3905 solvunt
600 3835 767 3930 decimam
795 3834 1041 3921 manipularem
1070 3824 1287 3922 praebendae
1315 3834 1537 3908 Oracoviensi
1563 3845 1599 3907 et
1625 3839 1699 3908 eno
1714 3857 1820 3909 cano·
1886 3858 1890 3863 ·

275 3953 362 4040 nico,
390 3974 476 4041 quae
504 3960 647 4024 vocatur
674 3952 874 4055 Laaowska,
901 3958 937 4021 et
963 3958 1126 4023 tenentur
1153 3975 1226 4023 eam
1246 3956 1443 4025 ometbones
1470 3962 1507 4025 et
1534 3957 1666 4028 incolae
1693 3956 1819 4035 ducena

275 4073 426 4160 propriis
461 4074 620 4143 curribus
656 4073 691 4141 in
718 4074 899 4160 borreum,
934 4074 1146 4178 acanonico
1182 4074 1382 4163 locandum,
1419 4084 1455 4145 et
1481 4076 1619 4146 solvunt
1649 4076 1819 4149 decimam

275 4191 473 4281 canapaiem
500 4213 571 4286 per·
591 4199 739 4281 quatuor
766 4193 912 4280 ierugus,
939 4197 975 4260 et
1001 4192 1099 4262 valor
1125 4194 1200 4264 eius
1226 4197 1432 4266 aestimatur
1460 4195 1649 4267 addacem
1675 4215 1818 4289 marcas

275 4308 556 4400 Itemplebanus
596 4312 638 4382 de
666 4311 977 4381 Brzesznieza
1012 4316 1048 4381 et
1083 4312 1158 4382 eius
1193 4314 1337 4387 ecclesia
1373 4322 1452 4402 post
1487 4321 1618 4403 partem
1642 4336 1817 4405 >morum

274 4430 376 4499 unius
402 4431 636 4501 tabematoris
664 4430 765 4501 villae
793 4428 979 4519 praefatae,
1007 4431 1066 4519 qui
1094 4431 1221 4501 dicitur
1247 4432 1488 4504 Mikschar
1512 4443 1657 4523 etpost
1682 4443 1817 4524 partem

274 4549 419 4621 duorum
447 4538 720 4638 hortulanomm,
747 4550 805 4639 qui
833 4549 901 4619 illis
927 4570 969 4619 en
997 4551 1091 4637 agris
1119 4551 1352 4637 praedialibus
1377 4554 1529 4624 adiuncti
1556 4563 1644 4642 sunt,
1672 4556 1819 4645 percipit

273 4671 373 4741 annis
408 4671 552 4760 singulis
588 4672 754 4741 decimam
791 4669 1038 4757 manipularem
1065 4690 1129 4757 pro
1157 4685 1211 4757 se,
1246 4677 1283 4741 et
1310 4673 1407 4751 valor
1442 4675 1516 4743 eius
1543 4675 1748 4745 aestimatur
1761 4674 1819 4753 ,ad

274 4810 376 4859 unam
404 4812 563 4861 marcam.
591 4791 677 4879 Item
701 4789 881 4884 ponendam
909 4793 1089 4877 utramque
1115 4796 1279 4859 tenentur
1305 4792 1457 4879 implere.
1494 4794 1581 4864 Item
1605 4794 1691 4865 nilla
1718 4814 1816 4884 praa-

273 4907 346 4978 fata
371 4909 520 4980 confluat
547 4931 622 4980 cum
650 4909 777 4999 oppido
817 4909 1028 4996 Bocbnya
1063 4914 1099 4977 et
1127 4928 1203 4979 cum
1231 4909 1322 4978 villis
1350 4907 1592 4997 Gorzkow,
1628 4914 1817 4985 Brzesz-

275 5028 421 5113 uicza,
450 5030 641 5118 Lyaszy,
670 5029 924 5128 (lrzeozow.
1848 5034 1852 5039 ’

378 5145 563 5235 Ouausnz,
605 5149 686 5219 villa
713 5150 777 5220 sub
804 5149 967 5237 parocbia
993 5146 1158 5217 ecclesiae
1185 5148 1220 5217 in
1250 5149 1479 5240 Brzeszye
1507 5153 1584 5238 sita,
1611 5154 1708 5224 cuius
1737 5174 1816 5241 pro·

79 5285 82 5292 ’
196 5288 220 5304 ··
275 5267 405 5354 prietes
432 5273 468 5337 et
494 5268 679 5338 dominium
706 5269 750 5338 ad
778 5266 1055 5338 sanctimoniales
1083 5268 1125 5337 de
1152 5267 1477 5359 Stbanpantky
1506 5273 1664 5358 pertinet.
1691 5273 1819 5371 inqua

275 5393 356 5457 suut
378 5392 460 5458 ,octo
488 5388 715 5477 nordmaniae,
743 5407 831 5476 quae
858 5407 976 5477 omues
1003 5387 1198 5457 summatim
1226 5386 1364 5457 solvunt
1391 5409 1454 5478 pro
1478 5411 1581 5461 ceusu
1609 5412 1722 5463 annuo
1741 5413 1818 5465 coe·

274 5508 377 5578 nobio
404 5515 476 5578 tres
503 5528 635 5578 marcas
657 5508 859 5606 communis
895 5507 1071 5595 pecuniae.
1115 5506 1201 5576 item
1229 5514 1392 5578 tenentur
1428 5529 1568 5579 currere
1596 5518 1632 5580 et
1660 5513 1711 5581 ire
1739 5532 1816 5583 cum

274 5625 395 5714 literis,
423 5648 636 5716 quocumque
662 5633 698 5697 et
726 5628 1005 5715 quotiescumque
1032 5627 1236 5715 mittuntur,
1272 5629 1307 5697 iu
1335 5629 1485 5717 propriis
1513 5631 1683 5718 expensis.
1728 5632 1814 5707 lton

274 5746 411 5816 solvunt
437 5768 596 5838 oprowne
624 5747 727 5816 semel
755 5748 790 5816 in
818 5766 918 5832 anno,
944 5764 1007 5833 per
1034 5745 1183 5816 medium
1209 5767 1378 5835 grossum.
1405 5749 1490 5818 lteru
1515 5757 1677 5820 tenentur
1697 5772 1817 5844 pawn,-
1867 5784 1871 5789 ·

272 5861 351 5932 bam
378 5865 482 5935 semel
509 5866 544 5935 in
572 5885 696 5952 messe,
719 5865 894 5954 quaelibet
919 5865 1129 5936 hortulania‘
1146 5878 1208 5955 per
1235 5867 1320 5944 duas
1348 5887 1532 5957 personas,
1560 5871 1594 5939 iu
1623 5870 1816 5958 duplicibus

272 5984 454 6056 eumenus
483 5986 678 6057 vernalibus
705 5993 741 6059 et
766 5985 989 6075 hyemalibus.
1036 5987 1122 6057 item
1160 5994 1240 6058 suut
1268 5989 1303 6056 in
1330 5986 1448 6057 eadem
1478 5989 1559 6059 villa
1586 5992 1735 6083 quinque
1762 5998 1816 6061 ta-
1871 6022 1874 6027 ·

273 6104 409 6193 bernae,
437 6106 614 6176 habentes¹
630 6126 732 6195 agros
759 6107 927 6197 proprios,
955 6114 990 6176 et
1017 6106 1191 6205 quaelibet
1216 6105 1334 6195 solvit,
1348 6126 1411 6194 pro
1439 6128 1543 6178 censu
1570 6130 1692 6209 annuo·
1711 6122 1814 6183 uuam

272 6245 349 6297 cam
375 6226 489 6297 media
514 6244 663 6297 marcam
691 6207 737 6297 et
754 6248 857 6297 unum
886 6227 1034 6316 lapidem
1061 6227 1145 6314 sepi.
1167 6226 1367 6305 itemsuut
1394 6226 1461 6298 duo
1480 6228 1685 6319 molendina,
1709 6248 1816 6311 uuum

271 6314 554 6449 propomam,
590 6346 633 6417 de
659 6366 727 6436 quo
753 6346 935 6433 solvuntur
960 6352 1153 6433 metretae;
1187 6344 1282 6415 aliud
1309 6345 1344 6414 iu
1372 6346 1472 6436 nilla,
1503 6347 1640 6441 dequo
1668 6349 1816 6423 solvitur
