4217 8059
1770 1512 1818 1593 ‘15

258 1719 332 1796 ‘snb
358 1717 490 1796 honore
516 1727 552 1796 et
568 1717 673 1796 titulo
700 1718 817 1797 Sancti
853 1779 958 1814 ....,
985 1717 1029 1797 de
1046 1697 1222 1798 consensa⁸
1242 1728 1278 1798 et
1296 1719 1437 1816 speciali
1462 1704 1604 1798 licentia
1629 1720 1748 1799 ivonis
1775 1728 1818 1799 de
1929 1818 1935 1833 Ι
1999 1670 2002 1679 ¹

266 1844 480 1918 Konszke
505 1851 591 1918 tunc
608 1845 761 1936 episcopi
779 1844 1028 1935 Cracuviensie,
1046 1840 1265 1919 nobilitatem
1283 1866 1326 1918 ex
1343 1844 1475 1918 familia
1500 1845 1755 1920 Odrorrans
1768 1850 1821 1920 cb

267 1964 439 2056 ducentis,
457 1942 688 2056 constituunt,
706 1966 830 2039 domnt
847 1973 883 2038 et
899 1966 1060 2058 lundam
1078 1968 1134 2039 eui
1151 1974 1188 2040 et
1205 1965 1403 2058 praelatum
1420 1960 1584 2059 oppidum
1602 1968 1716 2040 Brze
1728 1969 1820 2059 siro,
1942 1962 1945 1974 '

266 2093 304 2159 et
321 2085 556 2160 haereditates
582 2088 766 2179 plerasque
785 2087 915 2160 vicinas
942 2089 1192 2180 et'proximas,
1217 2095 1389 2181 perpetua
1413 2095 1451 2160 et
1467 2089 1686 2162 irrevocabili
1713 2089 1820 2161 dona-

265 2202 371 2298 tione,
396 2206 483 2280 nibil
501 2208 569 2280 sibi
585 2209 812 2300 proprietatis
839 2213 901 2281 ant
917 2209 1003 2281 iuris
1030 2209 1066 2281 in
1086 2209 1136 2281 eis
1153 2210 1376 2300 reservando,
1403 2208 1598 2282 inscribunt
1624 2216 1661 2282 et
1678 2210 1820 2282 donant.

266 2324 315 2398 m
331 2348 400 2418 quo
427 2328 576 2419 amplior
600 2316 666 2401 dos
690 2328 801 2431 eidem
828 2329 1040 2402 monasterio
1067 2330 1261 2420 accederet,
1288 2337 1478 2421 proventus
1505 2330 1643 2420 omnes,
1669 2330 1819 2402 decimas
1952 2369 1961 2384 ν

267 2454 304 2519 et
331 2449 575 2540 obventiones,
611 2471 696 2541 qnae
732 2448 878 2522 ecclesia
911 2434 1121 2540 parochialis
1156 2450 1193 2523 in
1214 2451 1426 2524 Brz‘esko
1462 2451 1642 2542 percipere
1675 2452 1819 2541 solebat,
1916 2458 1929 2506 '-

267 2568 334 2660 ipsi
361 2588 462 2642 novo·
478 2570 699 2661 monaterio,
726 2571 851 2643 relicta
876 2571 1019 2663 aliquali
1037 2560 1135 2646 muni
1151 2554 1268 2644 mmen
1296 2573 1500 2667 quantitate,
1528 2593 1616 2662 quae
1630 2571 1821 2664 plebanum

268 2690 303 2760 in
330 2688 537 2763 Braasko
563 2711 680 2764 curam
699 2691 892 2765 animarum
918 2698 1113 2783 gesturum,
1140 2693 1268 2764 eteius
1291 2693 1469 2766 ministros
1496 2692 1668 2763 sustinere
1694 2698 1821 2781 posset,

268 2808 473 2885 attribbnnt
512 2811 728 2904 cooperatus
745 2867 748 2871 -
764 2821 820 2887 est
845 2800 963 2886 antem
989 2813 1035 2886 ad
1060 2811 1210 2905 praelati
1240 2813 1442 2886 monasterii
1470 2810 1716 2885 Braascbensie
1735 2811 1820 2883 'lnn-
1869 2792 1872 2798 ¹

268 2931 460 3024 dationem,
486 2933 624 3007 liberali
651 2934 776 3007 solatio
803 2940 909 3027 atque
935 2955 1020 3027 ope,
1046 2933 1226 3026 praelatus
1256 2934 1336 3007 Ivu
1361 2920 1603 3006 &mendensis
1630 2932 1821 3024 episcopus,

268 3053 327 3144 pul
349 3058 390 3125 'et
415 3053 576 3160 preslaio
601 3038 812 3129 monasterio
838 3055 1060 3129 donationem
1087 3055 1282 3159 aliquarum
1308 3049 1518 3128 decimarum
1554 3053 1820 3144 manipularium
1888 3062 1893 3084 ‘
1925 3038 1931 3047 ’

191 3265 194 3269 ⁷
263 3171 313 3244 ele
327 3167 463 3248 mensa
483 3170 549 3249 sua
574 3177 762 3269 episcopali
770 3184 797 3267 ,J
810 3183 846 3249 et
871 3159 1046 3250 consensu*
1074 3176 1316 3268 capitularium
1342 3173 1621 3245 Oracodensium
1647 3172 1750 3263 lecit,
1784 3182 1821 3245 et
1909 3232 1913 3241 .

268 3293 437 3370 eeclesiae
462 3290 672 3388 paroehialis
697 3298 734 3369 in
761 3297 968 3370 Brzeeko
995 3297 1165 3387 decinam,
1188 3293 1357 3383 redditus,
1384 3293 1497 3365 eidem
1524 3294 1616 3366 uniri
1643 3299 1679 3364 et
1704 3295 1820 3366 incor-

218 3406 224 3419 ’
267 3416 386 3507 parari
412 3418 606 3509 cousemlt,
632 3415 899 3510 praefatumque
916 3418 1168 3491 monasterinm
1194 3414 1230 3486 in
1258 3414 1466 3487 Brseeko
1492 3414 1668 3505 abbatiali
1686 3414 1822 3488 bonore
1920 3402 1925 3410 ’

267 3542 304 3619 et
329 3537 459 3611 inlnlae
485 3545 591 3631 atque
616 3539 749 3612 baccnli
777 3538 963 3612 abbatialis
990 3537 1160 3628 dignitate
1185 3541 1223 3606 et
1240 3534 1492 3632 praeminentia
1518 3535 1713 3627 insignivit3
1739 3556 1821 3632 con·
1883 3540 1888 3544 ’

266 3659 428 3751 alluens,
445 3660 496 3732 ut'
521 3660 657 3752 singula
683 3660 751 3733 alia
777 3643 912 3732 ordinis
938 3657 1093 3730 eiusdem
1111 3650 1332 3728 -monasten’a
1355 3655 1395 3727 in
1422 3642 1575 3729 dioecesi
1598 3654 1821 3729 Grauodeusi

267 3779 510 3872 consistentia,
545 3772 657 3853 eidem
691 3779 903 3853 monasterio
938 3777 986 3849 iu'
1002 3775 1206 3849 Breeslrs
1242 3776 1379 3849 eteius
1414 3776 1534 3849 abbati
1552 3797 1623 3869 pro
1647 3783 1820 3869 tempore,

268 3907 439 3993 perpetuo
456 3898 572 3974 forent
590 3894 717 3990 in'bis,
744 3918 832 3991 quae
849 3897 1052 3989 religionem
1071 3902 1305 3991 contemnat,
1319 3886 1489 3970 subiecta·
1511 3895 1643 3987 Quibus
1661 3898 1821 3993 omnibus

268 4019 404 4094 decoris
430 4000 700 4114 praerogatirls,
731 4019 981 4123 monasterium
1001 4016 1213 4092 Bneszenm
1229 4025 1279 4092 et
1293 4018 1368 4091 eius
1386 4019 1531 4091 abbates
1557 4016 1674 4092 boore
1701 4019 1819 4092 divino

262 4140 304 4215 'in
330 4162 407 4214 eam
434 4142 524 4215 diem
550 4143 604 4213 nsi
631 4146 731 4229 sunt,
766 4145 802 4211 et
828 4141 998 4216 hactenns
1024 4145 1190 4232 utuntur,
1204 4138 1253 4212 in
1279 4138 1433 4212 luturnm
1460 4139 1565 4213 etiam
1592 4134 1729 4230 tempus'
1756 4136 1820 4231 per

268 4261 484 4336 cbmsrtiam
520 4261 672 4333 divinam
700 4261 815 4350 usuri,
850 4260 1076 4352 praesertim,
1107 4280 1185 4334 cum
1211 4261 1335 4334 summi
1362 4260 1543 4352 pontldces
1569 4260 1724 4334 Romani-
1742 4261 1819 4333 loco
1891 4332 1893 4336 .

268 4382 318 4485 illi
331 4391 381 4456 et
396 4382 625 4473 monasterio,
653 4388 690 4454 et
706 4387 827 4455 vetera
852 4382 1035 4474 passaque
1062 4380 1464 4473 iura-condunaverint,
1490 4388 1527 4453 at
1544 4399 1634 4454 nova
1658 4381 1703 4454 de
1721 4388 1820 4473 pote-

272 4505 373 4575 statis
409 4502 623 4593 plenitudine
659 4503 867 4594 adiecerint,
894 4501 1126 4586 ‚commendo
1157 4501 1315 4603 praciam
1350 4502 1576 4593 Brnesebenei
1593 4504 1821 4579 munasterio

267 4628 304 4694 et
327 4622 403 4694 eins
428 4622 547 4694 abbati
582 4623 736 4714 amplae·
749 4623 950 4713 libertates,
985 4609 1221 4715 exemptiones
1255 4626 1293 4694 et
1318 4620 1508 4714 depuleris
1543 4615 1747 4713 priuilegia,
1783 4630 1820 4693 et
1867 4666 1870 4673 ·

268 4742 385 4815 abbati
426 4742 652 4816 Brzesclreuei
693 4743 835 4836 eiusque
873 4728 1130 4817 mocessoribns'
1165 4738 1207 4830 ib
1235 4738 1375 4835 'reguli'
1392 4741 1572 4835 Poloniaa,
1610 4738 1850 4850 liungarim
1969 4774 1977 4783 ·

222 4924 229 4935 .
268 4862 455 4935 Bobeniae
481 4864 692 4971 etcircarile
718 4865 802 4956 eina
820 4863 1028 4938 conterendo
1045 4864 1159 4958 patris
1176 4842 1315 4971 aedua
1341 4858 1626 4957 praeminentiam
1653 4869 1691 4935 et
1708 4862 1820 4955 digui-
1918 4946 1921 4953 ,

266 4989 384 5075 tatem,
412 5004 515 5077 qnam
533 4986 725 5060 exercendo
744 5006 854 5077 saque
870 4985 1011 5077 nmudo,
1037 4986 1173 5060 omnem
1192 5005 1256 5058 eno
1267 4984 1452 5083 ordinario
1478 4984 1699 5058 Ommriensi
1717 4996 1818 5076 prae-
1838 5074 1840 5079 Ι
1936 5002 1938 5006 ’

265 5111 379 5194 mem,
415 5111 660 5200 papestareque
694 5113 855 5180 accurate
890 5106 1052 5188 studeam
1077 5105 1336 5180 antiocensem
1364 5105 1401 5179 et
1428 5100 1679 5197 obedientiam,
1715 5126 1757 5177 ne
1785 5106 1820 5177 in

162 5304 167 5311 ,
265 5216 426 5317 iapdsnm
461 5226 715 5319 et'periculum
751 5226 999 5318 recident,·in
1034 5226 1127 5319 quod
1162 5226 1388 5300 Nicolans
1422 5226 1471 5299 de
1504 5225 1662 5300 anko
1692 5225 1820 5318 oppido

266 5345 375 5420 abbas
409 5345 559 5438 praelati
593 5348 814 5439 monasterii,
848 5347 1056 5420 snb‘aetate
1091 5368 1169 5421 mea
1195 5336 1414 5439 condoleret,
1449 5331 1551 5440 quem
1587 5346 1820 5437 Sbig'neus

266 5468 451 5560 episcopas
477 5467 734 5571 bracariensis,
761 5475 799 5542 et
824 5475 949 5562 expost
976 5467 1124 5542 Sanctae
1154 5468 1331 5542 &mnae
1359 5468 1525 5541 ecolesma
1551 5467 1645 5545 tituli
1673 5466 1820 5539 Sanoua

169 5650 175 5657 .
265 5586 409 5662 Priscae
435 5590 644 5681 praesbyter
666 5589 868 5693 cardinalis,
898 5584 977 5663 ‘sais
1012 5589 1115 5662 iustis
1141 5588 1314 5694 mandatis
1335 5589 1579 5661 caloimantem
1606 5594 1642 5661 et
1659 5574 1712 5660 'ab
1739 5589 1821 5659 obe-

266 5708 398 5782 dientia
422 5709 601 5785 ordinaria
626 5728 692 5802 per
717 5708 954 5802 exemptiones
985 5727 1023 5783 se
1049 5710 1322 5800 extrahentem,
1344 5717 1502 5800 tempore
1529 5708 1678 5801 Eugenii
1705 5708 1756 5779 IV
1783 5709 1820 5779 iu

266 5830 439 5905 auditorio
474 5831 665 5923 apostolico
692 5850 785 5904 anno
809 5830 948 5904 Domini
978 5830 1075 5904 143⁷
1104 5829 1234 5902 ¹victum
1270 5837 1307 5903 et
1336 5837 1461 5922 expuet
1488 5830 1645 5922 captnm',
1681 5831 1716 5900 in
1739 5849 1821 5900 oar-

266 5952 369 6024 cerali
397 5952 563 6045 compede
587 5959 624 6026 et
650 5953 686 6026 in
721 5951 828 6026 lnndo
856 5933 965 6024 turris
995 5951 1104 6024 castri
1131 5948 1689 6050 hyppoayeoz,annop1us
1716 5970 1819 6040 qnam

266 6094 334 6145 nno
362 6058 515 6146 dumam
542 6081 724 6165 tenuerat,
750 6080 787 6146 et
802 6072 942 6147 nonnisi
969 6071 1189 6144 emendatam
1208 6070 1398 6145 dimiserat
1434 6071 1501 6144 Sed
1520 6072 1589 6141 iam
1606 6089 1671 6142 nos
1688 6079 1820 6162 postea,

267 6212 356 6284 puae
380 6200 482 6269 tento
508 6194 736 6287 repetivimus
761 6194 946 6286 principio,
981 6194 1026 6265 nd
1052 6192 1321 6283 descriptionem
1354 6194 1524 6265 bonorum
1553 6198 1589 6263 st
1606 6190 1821 6281 introituum,

268 6326 357 6406 qnae
399 6321 437 6387 et
463 6334 558 6407 unm,
576 6315 771 6408 praelatam
796 6314 1044 6389 monasterinm
1081 6304 1318 6385 Bmescbense
1344 6312 1380 6385 in
1406 6312 1656 6403 temporalibus
1682 6313 1825 6405 obtinet,

267 6434 479 6521 munus.
