4217 8059
165 1577 167 1580 ⁴
278 1501 349 1596 aa⁸

378 1706 520 1797 Souara,
547 1709 630 1778 villa
656 1709 720 1779 sub
746 1709 911 1798 parochia
938 1710 1102 1781 ecclesiae
1129 1710 1171 1780 de
1199 1710 1483 1800 Biskupicae
1509 1711 1587 1800 sita,
1616 1713 1713 1782 cuius
1741 1732 1821 1801 pro

274 1828 405 1919 prietes
432 1833 468 1898 et
494 1828 681 1899 dominium
708 1829 751 1900 ad
779 1829 987 1901 Stanislaurn
1016 1837 1051 1900 et
1078 1830 1218 1901 Petrum
1246 1831 1289 1902 de
1316 1833 1422 1902 annis
1449 1832 1718 1922 Streparom
1746 1820 1825 1922 per-

273 1949 370 2020 tinet.
411 1948 451 2019 In
487 1970 555 2040 qua
590 1955 672 2021 sont
708 1957 859 2041 quatuor
884 1952 975 2022 lanei
1012 1953 1263 2042 cmethonales,
1291 1952 1334 2023 de
1362 1952 1487 2042 qulbus
1515 1952 1664 2026 solvitur
1691 1952 1825 2024 decima

213 2048 217 2054 ’
272 2071 496 2159 manipularis
532 2072 743 2143 monasterio
778 2071 961 2162 hospitalis
996 2071 1145 2144 Sanctae
1181 2072 1302 2144 Crucis
1320 2074 1364 2180 'in
1391 2072 1636 2163 cracovia,
1665 2059 1705 2144 et'
1727 2075 1825 2145 valor
1855 2094 1857 2097 ·

272 2191 347 2261 eius
374 2193 577 2262 aestimatur
603 2192 647 2264 ad
674 2193 759 2264 duas
786 2214 929 2264 marcas.
969 2195 1057 2263 Item
1084 2195 1251 2265 tabernae
1278 2216 1347 2265 non
1375 2198 1465 2264 sunt.
1507 2194 1596 2265 Item
1623 2192 1826 2266 hortulania

271 2330 341 2383 ona
367 2300 500 2384 habens
528 2334 640 2403 agros,
667 2313 709 2384 de
738 2315 861 2403 quibos
889 2315 1081 2385 decimatur
1107 2335 1171 2404 pro
1190 2316 1336 2386 ecclesia
1354 2316 1390 2386 in
1409 2307 1708 2404 Bishupicze.
1736 2317 1824 2386 Item

272 2433 452 2524 praedium
479 2434 617 2505 unicum
645 2435 805 2525 militare,
833 2435 875 2506 de
904 2456 970 2525 quo
998 2435 1191 2533 decimatur
1218 2437 1383 2507 ccclesiae
1410 2437 1445 2508 in
1475 2435 1772 2525 Bishupic'ze.

375 2552 591 2645 Notandum,
620 2544 712 2646 quod
748 2578 865 2628 omnes
902 2556 1059 2628 redditus
1095 2565 1131 2628 et
1167 2564 1356 2647 proventus
1394 2558 1487 2628 circa
1514 2556 1677 2647 oppidum
1703 2556 1825 2649 Wye-

271 2677 427 2748 liczha
453 2697 494 2747 ex
521 2676 633 2748 hortis
660 2679 912 2768 provenientes,
939 2679 1021 2750 item
1049 2679 1203 2749 decimae
1230 2678 1463 2769 manipulares
1490 2698 1533 2749 ex
1552 2679 1681 2769 oppido
1700 2679 1824 2772 Wye-

270 2796 440 2890 lyczlca,
468 2798 552 2870 item
579 2819 621 2870 ex
649 2796 759 2870 villis:
786 2799 1086 2890 Boguczicze,
1131 2798 1576 2891 Gzarnochowycze,
1613 2798 1824 2874 Sledzeo-

272 2919 426 3010 wicze,
463 2904 717 3017 Sczegloor,
745 2920 990 3010 Zablocze,
1018 2921 1224 3010 Zborow,
1252 2920 1826 3014 Surowha,rPogwyzdow,

271 3036 565 3131 By'elczycza,
592 3040 893 3131 Falhowicze,
922 3040 1163 3132 Stadnihy,
1191 3040 1398 3132 Wynary,
1427 3048 1463 3116 et
1490 3041 1823 3133 Solow,pertinc·

217 3205 222 3213 ‚
271 3161 355 3233 bant
382 3162 554 3253 quondam
590 3163 634 3234 ad
670 3163 849 3234 ecclesiam
877 3163 1109 3253 parochialem
1136 3162 1253 3234 Sancti
1280 3160 1427 3234 Martini
1453 3163 1488 3233 in
1516 3163 1824 3256 Byshupycze

270 3294 375 3373 sopra
392 3280 716 3377 W'yelyczkam
729 3292 745 3374 ;’
766 3284 826 3356 sed
845 3290 1026 3376 postquam
1047 3284 1141 3355 dicta
1159 3285 1305 3356 ecclesia
1322 3284 1359 3355 in
1378 3284 1683 3387 Byslcupycze
1710 3286 1824 3357 incor-
1889 3313 1892 3317 ·

270 3412 395 3494 parata
420 3406 631 3477 monasterio
668 3403 832 3496 hospitali
867 3404 1014 3477 Sanctae
1050 3405 1171 3477 Grncis
1197 3424 1261 3496 per
1286 3405 1309 3477 J
1320 3426 1487 3477 wonem
1510 3410 1556 3477 et·
1576 3404 1824 3478 Falconem

270 3527 449 3616 episcopos
485 3525 750 3615 Gracovienses,
786 3526 955 3597 abstracti
992 3533 1073 3597 sont
1109 3527 1193 3598 dicti
1227 3531 1417 3617 proventus
1453 3524 1497 3598 ab
1533 3524 1679 3599 ecclesia
1705 3527 1824 3599 Sancti

270 3642 414 3717 Martini
441 3647 476 3717 in
504 3646 816 3739 Byslcupycza
844 3652 880 3718 et
906 3648 1117 3719 monasterio
1144 3648 1328 3749 hospitalia
1355 3647 1503 3718 Sanctae
1522 3646 1644 3719 Crucis
1663 3649 1824 3739 incorpo-

269 3754 341 3840 rati
366 3774 402 3841 et
428 3768 547 3859 additi,
574 3774 714 3860 praeter
741 3788 869 3860 paucos
896 3773 1086 3859 proventus
1113 3773 1150 3843 et
1177 3768 1337 3858 decimas,
1365 3788 1428 3858 pro
1456 3765 1592 3840 rectore
1619 3773 1655 3840 et
1673 3768 1822 3859 plebano
1907 3798 1910 3805 ·

268 3890 303 3960 in
331 3890 361 3960 B
370 3890 634 3981 yshopycze
661 3890 808 3962 relictas.
836 3890 947 3979 Quam
973 3890 1078 3961 etiam
1106 3890 1283 3961 ecclesiam
1303 3891 1339 3961 in
1358 3889 1663 3980 Byskupicze‚
1687 3892 1823 3981 quoties

121 4074 127 4083 ,
268 3998 363 4082 illam
390 4032 514 4084 vacare
541 4013 720 4103 contingit,
747 4006 965 4104 praepositos
993 4011 1194 4107 monasterii
1221 4010 1404 4101 hospitalis
1432 4010 1578 4083 Sanctae
1606 4006 1727 4084 Crucis
1746 4028 1823 4083 curn
1879 4071 1882 4077 .

269 4140 440 4206 conventu
476 4131 676 4224 conferunt,
704 4139 740 4205 ct
766 4154 871 4205 unum
899 4155 941 4205 ex
969 4133 1137 4205 iratribus
1165 4132 1366 4205 monasterii
1394 4133 1448 4204 sui
1473 4138 1718 4224 praesentant,
1738 4132 1823 4205 'tah-
1919 4200 1922 4204 .

269 4234 369 4347 poam
398 4258 660 4346 iospatronatus
686 4257 861 4346 integrum
889 4256 924 4326 in
952 4274 993 4326 ea
1018 4256 1198 4357 habentes.
1772 4266 1776 4273 ·

369 4376 543 4450 Wnourn
570 4376 713 4468 Mnnm,
740 4377 824 4449 villa
859 4378 923 4448 sub
951 4376 1309 4466 parochiaecclesiae
1337 4372 1380 4446 de
1408 4371 1642 4467 szlycz‘e
1668 4366 1824 4467 ‘arm-ae
1902 4382 1904 4387 '

267 4518 329 4590 per
347 4498 538 4571 Jvonem
563 4499 827 4571 Cracoviensem
845 4499 1045 4589 episcopum
1065 4494 1107 4569 de
1126 4518 1245 4568 mensa
1263 4496 1451 4586 episcopali
1464 4496 1685 4568 'monasterio
1699 4496 1823 4587 'hospi-

265 4623 347 4693 talis
373 4623 519 4694 Sanctae
547 4621 668 4694 Crucis
696 4623 833 4693 donata.
860 4621 899 4690 In
929 4641 997 4710 qna
1024 4625 1106 4691 sont
1133 4611 1394 4709 quatuordecim
1423 4617 1513 4689 lanei
1542 4624 1618 4688 calu
1645 4612 1769 4709 medlo,
1787 4624 1824 4690 et

136 4800 138 4805 .
268 4730 414 4833 quilibet
449 4744 492 4814 de
528 4743 628 4813 laneo
656 4743 760 4814 solvit
787 4741 874 4812 duas
901 4748 1054 4827 marcas,
1081 4746 1118 4810 et
1145 4755 1248 4811 onom
1278 4739 1368 4810 diem
1395 4739 1431 4809 in
1460 4740 1653 4829 septimana
1679 4738 1823 4851 proprio

266 4884 370 4934 curra
397 4856 458 4934 aut
484 4871 603 4934 aratro
630 4863 775 4934 laborat.
802 4861 889 4931 ltem
918 4860 1082 4951 doctpras
1109 4860 1240 4931 faciunt
1258 4860 1302 4931 ad
1321 4861 1490 4931 rationem
1511 4859 1643 4931 dierum
1662 4859 1697 4930 in
1717 4859 1823 4950 septi-

266 4996 369 5054 mana
387 4980 601 5055 'debitorum
628 4982 664 5055 Si
692 5004 782 5053 vero·
801 4972 871 5054 non
899 4982 1060 5053 laborant
1086 4981 1161 5053 dies
1188 4981 1223 5052 in
1251 4982 1463 5071 septimana,
1491 4982 1627 5082 soluere
1654 4985 1820 5053 tenentur

266 5126 331 5195 pro
357 5088 471 5177 annuo
499 5126 603 5177 censo
639 5105 681 5175 de
717 5103 819 5206 laneo
826 5126 831 5133 ·
853 5109 927 5175 tres
965 5122 1110 5201 marcas.
1150 5103 1237 5175 Item
1264 5103 1307 5173 de
1335 5103 1490 5193 quolibet
1515 5087 1615 5175 laneo
1643 5103 1849 5175 solvuntur!

266 5226 414 5316 triginta
441 5242 506 5297 ova
532 5246 596 5316 pro
614 5227 713 5298 ‘festo
741 5222 904 5297 Paschae.
921 5225 1019 5295 'ltem
1047 5245 1176 5319 oszycp,
1204 5222 1247 5295 de
1276 5224 1431 5314 quolibet
1452 5223 1553 5295 laneo
1573 5244 1642 5296 una
1660 5244 1821 5296 mensura

235 5332 239 5337 ⁵
266 5346 414 5438 siliginis
431 5315 598 5419 'conferta
624 5352 660 5420 et
687 5348 777 5419 duae
795 5342 986 5418 *mensurae
1015 5364 1146 5416 avenae
1173 5344 1277 5417 etlam
1305 5344 1500 5435 confertae,
1527 5365 1708 5418 mensurae
1735 5346 1822 5417 Pro*-

266 5470 488 5563 schoviensis.
529 5468 617 5539 ltem
653 5475 803 5559 quatuor
839 5486 987 5559 capones
1024 5474 1059 5540 et
1086 5468 1191 5538 etiarn
1220 5472 1369 5557 quatuor
1395 5486 1546 5571 grossos.
1586 5467 1756 5569 ltemlest
1783 5467 1820 5537 ln

188 5592 192 5657 ζ
235 5642 239 5651 .
265 5588 386 5662 eadem
413 5591 496 5661 villa
522 5588 669 5662 taberna
695 5592 827 5673 habens
855 5612 967 5681 agros,
996 5591 1079 5661 item
1106 5596 1179 5660 tres¹
1205 5588 1426 5660 hortulaniae
1444 5588 1611 5660 habentes
1630 5608 1743 5679 agrae,
1763 5590 1822 5676 ita,

141 5732 144 5737 ·
265 5711 357 5803 quod
384 5711 530 5782 taberna
557 5716 593 5782 et
619 5712 837 5783 hortulaniae
864 5710 994 5782 hahent
1020 5712 1194 5801 integrum
1221 5710 1357 5781 laneum
1385 5710 1478 5780 inter
1505 5730 1542 5780 se
1569 5708 1760 5799 partitum,
1788 5716 1823 5779 et
1851 5734 1863 5781 ·,

265 5813 411 5905 taberna
439 5829 549 5903 solvit·
570 5853 633 5923 pro
662 5853 767 5904 censo
786 5888 900 5903 .....
909 5857 918 5923 ;
954 5834 1035 5904 item
1064 5829 1241 5923 quaelihet
1267 5830 1466 5902 hortulania
1492 5830 1656 5921 pedester
1682 5831 1820 5903 laborat

134 6044 139 6055 .
265 5956 370 6026 mrum
398 5954 488 6026 diem
515 5955 551 6026 in
579 5947 780 6045 septimana,
809 5974 948 6026 censum
976 5976 1043 6025 non
1073 5954 1184 6025 solvit.
1210 5952 1299 6024 Item
1327 5962 1445 6023 omnes
1472 5950 1564 6023 lanei
1589 5952 1821 6042 amathonum,

264 6076 498 6147 tabematoris
525 6080 561 6146 et
587 6074 868 6165 hortolanorum,
896 6074 1036 6146 solvunt
1070 6075 1237 6146 dammam
1265 6073 1514 6162 manipularem
1542 6072 1758 6144 canonicatui
1774 6077 1822 6155 ¹et

264 6194 484 6285 praebendae
511 6196 741 6287 Gracoviensi,
769 6196 881 6268 dictae
909 6194 1159 6288 Karnyowsha.
1187 6195 1286 6301 Item
1302 6198 1356 6268 est
1383 6190 1561 6283 praedidln
1590 6195 1757 6286 optimum
1785 6195 1821 6265 in

116 6299 127 6313 ’
214 6358 220 6367 -
265 6296 1821 6408 1131311113333113111313,311311311133131113311113111,33(13333133313111131

263 6438 298 6513 in
325 6437 489 6509 horreum
516 6446 615 6513 suum
642 6438 785 6512 inducit.
808 6438 898 6510 Item
927 6436 982 6511 e'st
1008 6441 1044 6509 in
1072 6434 1192 6510 ea'dern
1219 6436 1312 6510 villa·
1328 6436 1462 6528 piscina
1487 6438 1581 6510 hona
1606 6434 1818 6511 coenobialis
1954 6498 1960 6507 .
