4217 8059
367 1480 412 1550 12

362 1685 540 1759 Secundus
566 1687 730 1760 Poloniae
757 1709 820 1760 rex
846 1689 930 1761 villa
956 1688 1033 1779 ipsa
1058 1690 1249 1780 acapitnlo
1277 1695 1393 1780 empta
1417 1689 1473 1761 vel
1500 1691 1658 1781 cambita,
1686 1690 1852 1782 oppidum
1868 1713 1913 1765 ex

361 1830 423 1881 suo
459 1810 597 1881 nomine
632 1809 867 1881 Kazimirz
892 1811 942 1881 in.
955 1831 997 1881 ea
1022 1809 1190 1900 brndavit,
1217 1810 1439 1883 Oracoviensi
1464 1812 1544 1884 urbi
1571 1810 1836 1885 confrontatuni.

463 1930 751 2021 Sannzasonow,
779 1930 943 2021 oppidum
969 1932 1006 2002 in
1023 1937 1122 2002 terra
1138 1930 1409 2004 Sandomiriensi
1431 1952 1539 2024 prope
1558 1933 1721 2023 oppidum
1739 1933 1910 2007 Radom

358 2053 480 2140 sitnm,
516 2051 559 2122 de
594 2073 664 2142 quo
699 2052 870 2141 originem
905 2052 1005 2124 duxit
1030 2053 1094 2134 ¹uir
1129 2053 1274 2143 insignis
1301 2055 1468 2143 magister
1485 2052 1664 2145 lacobus,
1690 2055 1909 2143 decretorum

356 2172 480 2244 doctor
513 2172 675 2264 famosus,
702 2172 852 2245 decanus
878 2173 1166 2246 Vratislaviensis
1193 2180 1229 2245 et
1254 2175 1438 2247 eanonicus
1465 2173 1704 2247 OracovIensis
1732 2176 1791 2266 qni
1819 2176 1908 2247 Bea-

354 2293 482 2364 tissimi
509 2293 673 2367 Stanislai
693 2295 863 2385 martyris
890 2300 928 2364 et
952 2293 1127 2384 pontilicis
1155 2293 1394 2367 Oracoviensis
1421 2295 1570 2367 maximo
1598 2295 1713 2366 studio
1732 2302 1769 2367 et
1786 2297 1907 2368 labore

354 2415 649 2487 canonisationem
683 2416 905 2505 procuravIt3
931 2415 1062 2487 babens
1090 2417 1125 2486 in
1153 2436 1190 2488 se
1217 2416 1395 2488 ecclesiam
1421 2415 1653 2517 parochialem
1680 2416 1839 2505 ligneam.
1866 2417 1906 2487 In

353 2558 423 2627 qua
458 2543 540 2608 sunt
574 2536 666 2608 lanei
701 2536 838 2635 civiles,
865 2544 901 2607 et
927 2536 1074 2627 quilibet
1100 2537 1206 2608 solvit
1232 2536 1274 2608 de
1301 2537 1400 2608 laneo
1428 2557 1494 2628 per
1517 2542 1596 2609 octo
1622 2556 1773 2627 grossos.
1813 2535 1903 2609 Item

338 2658 495 2729 suntin
523 2656 644 2729 eodem
680 2656 807 2747 oppido
845 2657 985 2747 domus,
1012 2663 1048 2728 et
1076 2658 1221 2747 quilibet
1247 2657 1352 2730 solvit
1386 2678 1492 2729 nuum
1518 2677 1678 2749 grossum
1705 2663 1742 2728 et
1768 2657 1906 2732 ratione

348 2777 502 2874 pentane
528 2799 634 2849 unum
660 2799 829 2869 grossum.
868 2778 959 2849 Item
984 2785 1039 2849 est
1065 2779 1115 2849 ibi
1142 2779 1239 2849 curia
1265 2780 1398 2868 optima
1423 2785 1460 2850 et
1486 2778 1666 2868 praedium
1693 2778 1904 2869 coenobiale,

231 2922 235 2930 ⁴
350 2900 393 2971 de
421 2901 517 2970 cuius
544 2901 639 2990 agris
666 2899 833 2970 decimam
860 2885 953 2971 tollit
978 2900 1228 2971 monasterium
1255 2899 1531 2993 Myecbovieuse.
1565 2899 1653 2970 Item
1681 2919 1799 2971 omnes
1826 2899 1903 2990 agri
1932 2953 1934 2957 >

170 3066 177 3075 «
307 3098 310 3103 ,
349 3020 467 3110 oppidi
501 3022 640 3093 solvunt
674 3025 711 3092 et
746 3020 943 3092 conducunt
979 3020 1146 3091 decimam
1172 3020 1421 3111 manipularem
1448 3042 1510 3111 pro
1538 3020 1684 3091 eeclesia
1710 3020 1903 3108 parochiali

312 3144 317 3156 ‘
349 3139 659 3232 Skarzeszoriensi,
687 3142 784 3214 cuius
810 3141 910 3227 valor
936 3142 1141 3218 aestimatur
1168 3141 1211 3212 ad
1238 3141 1364 3231 viginti
1390 3162 1534 3213 marcas.
1560 3140 1648 3212 Item
1674 3147 1729 3212 est
1753 3142 1803 3212 ibi
1829 3162 1904 3213 mo-

346 3262 522 3334 lendinum
535 3246 586 3333 'in
612 3263 751 3336 flumine
777 3261 1097 3354 Kobylyanka,
1124 3269 1161 3333 et
1179 3262 1283 3334 solvit
1310 3267 1475 3334 metretas
1492 3282 1556 3351 pro
1575 3260 1796 3351 monasterio,
1809 3261 1903 3333 circa

344 3385 435 3474 quod
471 3391 525 3455 est
560 3386 692 3475 plscIna
718 3385 849 3473 optima
875 3384 1027 3473 piscibus
1054 3383 1232 3454 foecunda.
1259 3382 1420 3455 Confluat
1446 3404 1522 3456 cum
1549 3383 1793 3472 Kobilany,
1822 3381 1902 3455 Bo·

343 3507 634 3596 goslauicze,
660 3502 847 3592 Makow,
873 3502 1179 3592 Chomathow,
1205 3503 1562 3595 Modrzewieae,
1589 3501 1901 3576 Gamborzou.

342 3626 515 3700 Donatum
541 3627 752 3697 monasterio
778 3646 843 3716 per
865 3599 1144 3696 Iladoslanm
1171 3626 1340 3696 comitem.
1880 3646 1885 3653 ·

460 3748 740 3849 annaocown
776 3745 940 3835 Wocrn,
975 3745 1058 3818 villa
1098 3746 1162 3818 snb
1198 3745 1363 3835 parocbia
1397 3746 1440 3817 de¹
1475 3745 1776 3829 Skarzoszow
1811 3746 1890 3836 sita,

342 3869 456 3941 locata
480 3869 517 3939 in
544 3867 653 3939 cruda
678 3866 803 3955 radIce,
831 3868 866 3937 in
894 3866 1000 3956 sylvis
1027 3873 1064 3937 et
1089 3867 1227 3938 mericis
1254 3867 1299 3937 ad
1317 3866 1617 3939 Skarzeszow
1644 3868 1882 3956 spectantibus

201 4037 207 4054 .
341 3990 437 4061 cuins
465 3989 661 4078 proprietas
688 3988 841 4086 pertinet
868 3987 912 4057 ad
940 3988 1186 4059 monasterium
1212 3987 1489 4077 Myecboviense.
1530 3987 1571 4058 In
1599 4009 1668 4078 qua
1694 3994 1778 4059 sunt
1803 3987 1894 4059 lanei

341 4110 595 4200 cmetbonales,
622 4114 659 4182 et
694 4109 841 4200 quilibet
875 4109 980 4180 solvit
1010 4130 1116 4181 nuum
1150 4108 1339 4198 temonem,
1365 4110 1449 4180 item
1484 4130 1552 4181 ova
1587 4109 1896 4200 vigintiquatuor,
2021 4182 2022 4185 ,

339 4233 422 4303 item
448 4231 559 4321 gallos
587 4236 744 4322 quatuor,
770 4232 853 4302 item
880 4249 999 4301 caseos
1026 4229 1133 4318 duos3
1159 4231 1244 4302 item
1270 4230 1408 4303 laborat
1434 4230 1580 4321 quilibet
1606 4251 1712 4302 unum
1741 4231 1832 4303 diem
1860 4233 1896 4301 in

340 4355 550 4444 septimana,
577 4353 720 4445 proprio
747 4372 852 4422 curru
879 4356 940 4421 aut
966 4355 1104 4440 aratro,
1131 4351 1214 4422 item
1239 4349 1438 4444 powubom,
1465 4352 1555 4423 item
1572 4373 1709 4446 osszyep
1736 4352 1896 4439 solvunt3

313 4472 316 4477 ’
339 4476 423 4546 item
458 4477 607 4553 taberna
642 4494 710 4545 non
743 4478 815 4563 est,
842 4473 925 4545 item
952 4472 1174 4550 bortulauIae
1201 4493 1270 4544 non
1298 4475 1397 4564 sunt,
1425 4474 1508 4544 item
1536 4473 1718 4563 praedium
1744 4494 1812 4544 non
1840 4480 1895 4544 est

340 4595 479 4686 aliquod
506 4597 542 4666 iu
570 4595 690 4667 eadem
717 4594 809 4684 villo,
836 4592 897 4664 sed
924 4594 1086 4665 scoltetia
1112 4600 1179 4683 est,
1207 4594 1338 4665 babens
1365 4595 1452 4665 dnos
1479 4593 1607 4665 laneos.
1648 4594 1733 4664 Item
1761 4595 1895 4684 piscina

338 4724 394 4788 est
420 4718 551 4807 optima
578 4723 614 4787 et
639 4715 809 4787 foecunda
830 4714 1008 4804 piscibus,
1035 4721 1072 4785 et
1098 4716 1133 4785 in
1162 4734 1203 4785 ea
1228 4713 1461 4789 molendinum
1489 4716 1672 4805 optimum,
1698 4716 1735 4786 in
1755 4714 1894 4786 flumine

337 4836 620 4927 Kobilanka,
650 4843 687 4908 et
713 4834 818 4908 solvit
852 4855 917 4925 pro
944 4855 1050 4907 censu
1077 4839 1212 4924 septem
1237 4855 1381 4908 marcas.
1420 4836 1511 4908 Item
1537 4857 1655 4908 omnes
1683 4837 1760 4928 agri
1786 4836 1890 4908 villae

338 4958 549 5029 salvantes
583 4943 780 5028 conducunt
797 4954 981 5031 ‚decimam
1016 4955 1268 5046 manipularem
1304 4963 1341 5027 et
1376 4957 1574 5047 canapalem
1602 4979 1665 5047 pro
1692 4959 1892 5048 episcopatu

338 5078 577 5167 cracoviensi,
613 5084 650 5149 et
684 5077 784 5148 valor
818 5078 893 5148 eins
929 5078 1135 5149 aestimatur
1169 5077 1214 5149 ad
1249 5099 1353 5150 unam
1385 5098 1555 5168 marcam,
1582 5100 1646 5169 pro
1673 5100 1743 5150 nna
1768 5080 1891 5150 maiori

337 5205 458 5290 parte3
484 5206 520 5269 et
546 5199 616 5270 alia
642 5199 756 5269 mInor
782 5219 864 5289 pars
899 5219 963 5288 pro
990 5199 1135 5271 ecclesia
1162 5206 1198 5270 et
1223 5199 1371 5290 plebano
1398 5201 1434 5271 in
1462 5198 1773 5271 Skarzeszow.
1801 5199 1891 5270 Con-

337 5320 423 5392 finat
460 5341 536 5392 cum
563 5318 841 5410 OdancboW,
870 5319 1288 5410 Grziszanouicze,
1316 5320 1598 5412 Kobylyani,
1625 5320 1891 5393 Modrzewi-

207 5492 210 5499 ·
339 5462 428 5549 oze,
455 5441 766 5514 Skarzeszow.

440 5563 611 5653 Snnwno,
637 5564 721 5636 villa
748 5541 823 5635 sub
839 5564 1004 5653 parocbia
1021 5525 1065 5633 de
1092 5561 1219 5635 Nova
1243 5563 1454 5637 Gairkeu
1480 5565 1556 5654 sita
1575 5565 1672 5635 cuius
1691 5566 1888 5655 proprietas

335 5685 381 5758 a'd
407 5686 655 5756 monasterinm
682 5684 951 5777 Myechoriense
978 5685 1140 5773 pertinet.
1181 5685 1221 5756 In
1250 5706 1317 5775 qua
1343 5691 1425 5757 snnt
1451 5685 1543 5756 lanei
1570 5686 1823 5774 cmetbonalcs,
1851 5694 1887 5758 et
2007 5738 2011 5742 -

335 5808 481 5900 quilibet
516 5807 622 5878 solvit
648 5827 713 5896 pro
740 5827 845 5877 censu
872 5826 933 5876 sex
963 5824 1123 5894 grossos,
1150 5807 1232 5878 item
1260 5827 1326 5877 ova
1353 5808 1515 5896 trigInta,
1542 5807 1625 5877 item
1653 5806 1763 5896 gallos
1790 5807 1887 5898 dnos,

334 5931 417 6001 item
454 5948 574 6000 cascos
609 5927 715 6018 duos,
741 5928 824 5998 item
860 5927 1021 5999 laborant
1048 5926 1138 5997 diem
1166 5927 1201 5997 in
1229 5929 1440 6017 septimana;
1467 5929 1551 5998 item
1572 5925 1773 6020 pulsabant,
1801 5929 1883 5999 item
2009 5945 2011 5949 ’

333 6070 471 6143 ocszyep
497 6049 637 6120 solvunt
662 6048 883 6120 monasterio.
910 6046 998 6117 Item
1024 6046 1191 6118 tabernae
1218 6047 1306 6119 duae
1333 6048 1502 6119 babentes
1520 6068 1632 6137 agros,
1652 6068 1797 6138 quarum
1816 6070 1884 6120 una

337 6189 461 6241 novem
488 6177 620 6241 scottos
647 6171 761 6241 minus
788 6168 901 6238 medio
929 6167 1042 6257 solvit
1061 6167 1171 6238 altera
1189 6167 1442 6239 trestertones.
1468 6168 1556 6253 ltem
1575 6169 1795 6242 hortulaniae
1813 6190 1884 6260 sex,

334 6290 510 6382 quaelibet
536 6289 641 6362 solvit
667 6297 828 6380 quatuor>
843 6308 993 6380 grossos.
1019 6288 1109 6360 Item
1134 6287 1315 6378 praedium
1342 6295 1397 6386 est
1422 6289 1471 6361 ibi
1497 6290 1705 6380 coenobiale,
1724 6290 1767 6362 de
1786 6292 1883 6362 cuius

333 6412 429 6504 agris
456 6409 626 6482 decimam
650 6410 745 6482 tollit
770 6411 1030 6483 monmteriam
1070 6408 1159 6480 Item
1185 6407 1421 6481 molendinum
1447 6430 1517 6482 non
1544 6419 1615 6482 eet.-
1647 6411 1737 6484 Item
1764 6433 1883 6485 omnes
2021 6397 2029 6411 ⁰
