4217 8059
299 2332 386 2493 »Ψ

629 1687 972 1783 Sancta&
1013 1676 1034 1769 ’,
1121 1685 1219 1754 cis
1274 1691 1477 1753 extra
1521 1704 1763 1754 -mnros
1818 1683 2312 1754 Cracovienses
2335 1738 2351 1769 ‚
2405 1683 2477 1753 in
2533 1682 2786 1771 oppido
2840 1680 3057 1770 Glep
3078 1701 3270 1769 arz,
3323 1701 3463 1751 non
3515 1681 3720 1770 longe
3836 1757 3842 1761 ,

825 1800 842 1811 “’
885 1784 910 1803 ”
1073 1880 1080 1887 ,
1129 1796 1331 1877 *daw
1354 1825 1433 1892 a,
1505 1805 1633 1874 sub
1706 1804 2110 1892 pontificatu
2182 1802 2376 1874 Petri
2444 1803 2530 1872 W
2552 1824 2650 1893 ys
2671 1802 2772 1873 ch
2843 1802 3149 1891 episcopi
3221 1800 3723 1890 cracoviensis,

624 1949 805 2000 anno
856 1924 966 2025 Db
1011 2012 1022 2023 ι
1109 1923 1135 1995 i
1199 1926 1413 2013 1390,
1466 1924 1649 1994 feria·
1693 1925 1933 2013 quinta
1987 1930 2148 2012 post
2200 1924 2449 1994 festum
2490 1923 2725 1993 Sancti
2761 1922 3007 1994 Jacobi
3042 1921 3362 2011 apostoli,
3413 1913 3724 2010 fundam,

627 2026 958 2120 condunt·
977 2026 1072 2116 “et
1138 2045 1423 2134 dotant,
1478 2053 1547 2116 et
1604 2045 2067 2134 pulcherrimo
2122 2065 2321 2115 muro
2374 2044 2688 2114 latericio
2743 2043 3101 2113 circuitum
3154 2042 3509 2130 ecclesiae,
3577 2049 3722 2112 tam

623 2169 819 2240 chori
873 2188 1077 2256 quam
1150 2167 1481 2256 corporis,
1534 2186 1742 2254 opere
1813 2172 2214 2254 sumptuoso
2286 2172 2358 2236 et
2429 2164 2791 2254 magnifico
2845 2163 3248 2253 designant,
3302 2162 3723 2252 chorumque

624 2288 931 2361 eiusdem
985 2287 1312 2358 ecclesiae
1366 2308 1518 2356 cum
1575 2286 1889 2356 sacristia
1942 2286 2310 2374 perficiunt
2364 2291 2435 2355 et
2487 2290 2914 2372 consumunt,
2970 2283 3284 2372 corporis
3339 2303 3503 2354 vero
3564 2281 3722 2355 fun-

626 2407 951 2479 damenta
1005 2407 1225 2477 solum
1278 2407 1555 2494 iaciunt,
1611 2405 2183 2494 quemadmodum
2240 2426 2456 2494 usque
2511 2405 2599 2474 ad
2654 2410 3091 2492 praesentem
3146 2403 3328 2474 diem
3381 2402 3455 2474 id
3489 2423 3724 2474 coram

624 2548 910 2599 cernere
963 2527 1144 2616 licet,
1196 2526 1269 2597 'et
1322 2526 1594 2597 domum
1651 2547 1777 2614 pro
1832 2526 2251 2596 monasterio
2306 2525 2602 2614 ligneam
2658 2545 2813 2596 cum
2868 2524 3073 2595 horto
3127 2529 3554 2612 construunt,
3589 2522 3724 2594 fra-

626 2655 909 2737 tresque
973 2670 1059 2719 ex
1113 2650 1535 2718 monast-erin
1611 2645 1939 2734 Pragensi
2015 2654 2360 2734 sumptus,
2420 2645 2484 2714 in
2544 2645 2727 2714 illam
2782 2644 3270 2733 introducunt,
3320 2644 3568 2716 dantes
3621 2644 3724 2714 eis

589 2791 754 2859 ,pro
809 2769 990 2858 dote,
1045 2769 1356 2858 quamvis
1411 2770 1615 2854 tenui,
1679 2770 1919 2858 viginti
1979 2786 2244 2842 marcas
2300 2770 2588 2859 singulis
2636 2766 2870 2853 annis,
2925 2764 3011 2836 de
3066 2764 3387 2836 censibus
3438 2770 3512 2837 et
3562 2785 3725 2854 pro-⁶

626 2890 947 2962 ventibus
1000 2889 1302 2961 thelonei
1358 2890 1851 2978 &anoriensis-2,
1907 2910 1947 2958 a
1999 2886 2256 2978 quihus
2308 2870 2524 2978 usaue
2580 2890 2664 2958 ad
2724 2907 2873 2958 mea
2906 2890 3349 2975 tempora,ot
3384 2887 3512 2957 snb
3549 2886 3722 2958 meis

627 3011 882 3098 oculis,
936 3009 1226 3080 ecclesia
1279 3010 1398 3080 ill-a
1455 3012 1743 3078 &austae
1803 3006 2050 3090 [ΞηιΜ
2098 3014 2178 3082 et.
2197 3009 2300 3091 jn
2340 3001 2452 3080 ΞΕ
2480 3010 2736 3094 divina,
2791 3013 2865 3086 et
2918 3007 3010 3077 in.
3044 3007 3408 3078 matutinis
3462 3006 3727 3079 choris-

625 3151 759 3220 que
813 3124 1196 3219 cano'nicis',
1250 3134 1679 3218 caeterisque
1743 3118 2135 3210 cerimoniis
2206 3130 2688 3202 aeclesiasticis
2744 3148 2995 3203 sonoro
3049 3134 3258 3199 cantu
3311 3133 3383 3198 et
3427 3127 3724 3199 lectione

626 3251 699 3322 in
752 3252 1076 3321 idiomate
1132 3250 1551 3337 Sclavnnisn,
1611 3262 1679 3318 nt.
1734 3274 1859 3339 per
1915 3250 2284 3318 inmunditia
2340 3250 2724 3338 fratresque
2778 3247 3013 3319 Sancti
3070 3247 3433 3319 Benedicti
3467 3253 3540 3319 et
3572 3247 3726 3319 offi-

628 3373 943 3442 ciabatur
998 3378 1069 3442 et
1106 3371 1743 3442 administrabatur.
1797 3370 2326 3440 Deliberaverat
2362 3376 2594 3441 autem
2632 3368 3140 3441 illustrissimus
3178 3368 3284 3440 Vl
3307 3368 3727 3440 adislaus

626 3484 954 3563 Poloniae
1008 3493 1166 3580 rex,
1222 3512 1375 3562 cum
1448 3512 1573 3561 sua
1645 3491 2073 3561 nobilissima
2145 3498 2467 3562 consorte
2519 3490 2922 3578 Hedvigi
2977 3490 3396 3591 monasterio
3449 3495 3521 3560 et
3571 3489 3725 3561 loco

623 3611 725 3681 illi
780 3611 946 3681 dare
1001 3611 1298 3700 amplam
1352 3610 1610 3706 dotem,
1665 3626 1839 3699 quae
1894 3611 2187 3699 triginta
2240 3610 2609 3682 monachos
2663 3615 2942 3700 praeter
2995 3608 3172 3680 alios
3225 3594 3605 3713 familiares
3651 3615 3726 3679 et

627 3732 1003 3802 servitores
1058 3736 1449 3801 sustentare
1503 3731 1867 3820 potuisset,
1922 3730 2434 3826 deliberaverat
2485 3732 2692 3802 etiam
2748 3737 2819 3800 et
2858 3731 3352 3823 monasterium
3389 3750 3542 3802 cum
3578 3731 3725 3802 suis

628 3851 943 3921 omnibus
998 3851 1189 3921 cellis
1243 3857 1316 3921 et
1386 3850 1676 3920 officinis
1732 3851 2045 3922 latericio
2101 3872 2298 3922 muro
2352 3850 2731 3940 fabricare,
2785 3851 2906 3922 sed
2961 3851 3240 3924 interim
3291 3851 3536 3940 regina
3585 3851 3726 3922 cla-

626 3970 903 4042 rissima
954 3970 1405 4059 Hedvigis
1461 3977 1651 4041 sorte
1689 3960 1896 4041 'fatali
1951 3971 2306 4043 abstracta
2359 3977 2482 4060 est,
2538 3993 2674 4061 qua
2727 3973 3044 4062 obeunte,
3098 3972 3320 4043 omnis
3366 3970 3599 4060 ardor,-
3633 3971 3724 4043 ad

628 4110 829 4180 quem
901 4090 1091 4161 illum
1166 4082 1444 4161 stimulo
1517 4111 1642 4160 suo
1714 4091 1957 4180 regina
2024 4089 2092 4160 H
2113 4111 2151 4161 e
2174 4090 2218 4161 d
2240 4091 2485 4180 vigis
2556 4092 2984 4181 concitabat,
3055 4092 3403 4183 extinctus
3454 4097 3599 4181 est,
3653 4098 3726 4162 et

627 4230 826 4280 omne
873 4231 1071 4300 opus
1141 4231 1359 4313 usque
1428 4209 1515 4281 ad
1570 4210 1751 4281 diem
1806 4210 2021 4300 hanc,
2074 4211 2431 4302 omnisque
2502 4211 2768 4294 fabrica
2819 4213 3148 4302 ecclesiae
3201 4217 3272 4283 et
3323 4212 3728 4284 monasterii

538 4371 554 4383 ⁸
626 4329 1058 4418 intermissa3
1138 4351 1265 4420 pro
1348 4330 1817 4401 verificatione
1897 4337 2128 4402 autem
2211 4332 2717 4421 praesentium,
2789 4332 3058 4422 copiam
3129 4332 3477 4423 privilegii
3547 4333 3727 4423 regii

625 4450 1029 4539 inserimus,
1103 4451 1189 4522 ob
1263 4451 1602 4538 defectum
1677 4457 1905 4522 autem
1981 4453 2473 4523 monachorum
2494 4507 2510 4540 ,
2565 4453 2683 4541 qui
2755 4454 2826 4522 in
2897 4453 3298 4525 Sclavonico
3368 4454 3728 4524 ecclesiam

517 4648 528 4657 ,
624 4570 815 4640 illam
868 4570 1456 4659 administrarent,
1511 4571 1596 4672 de
1651 4571 1892 4642 ordine
1944 4572 2181 4643 Sancti
2236 4571 2636 4661 Benedicti,
2691 4573 3015 4645 sacerdos
3070 4574 3445 4645 saecularis
3508 4573 3725 4645 domi-

625 4712 755 4761 nus
812 4689 1153 4780 Georgius
1208 4691 1362 4762 Lit
1383 4691 1429 4761 h
1450 4714 1490 4761 v
1516 4713 1556 4762 o
1577 4714 1611 4762 s
1664 4691 1852 4762 illam
1908 4693 2090 4782 regit
2142 4699 2216 4763 et
2269 4692 2709 4764 administrat
2761 4715 2959 4783 nunc,
3014 4715 3152 4765 non
3206 4695 3356 4765 sine
3401 4694 3726 4766 scandalo

587 4817 698 4891 ,et
749 4812 1005 4882 iniuria
1059 4812 1473 4884 dotatorum.
1529 4811 1755 4906 Tenor
1809 4819 2042 4891 autem
2095 4812 2445 4903 privilegii
2496 4814 2674 4904 regii
2725 4815 2887 4886 talis
2941 4821 3088 4887 est:

834 5034 1316 5107 VLAmSLAns
1387 5036 1517 5105 Dei
1587 5035 1817 5126 gratia
1888 5058 2012 5108 rex
2066 5036 2435 5128 Poloniae,
2490 5059 2780 5130 magnus
2835 5038 2972 5110 dux
3026 5039 3480 5130 Lithvaniae,
3533 5043 3725 5131 prin-

626 5176 788 5245 ceps
844 5176 1202 5245 supremus
1257 5162 1331 5227 et
1382 5156 1629 5227 haeres
1682 5157 1973 5228 Russiae
2028 5165 2160 5229 etc.
2215 5157 2553 5230 Notitiam
2608 5160 3078 5249 praesentium
3124 5160 3489 5249 habituriS,
3525 5183 3726 5252 prae-

628 5275 939 5374 sentibus
993 5282 1065 5347 et
1116 5274 1368 5367 futuris
1424 5277 1887 5367 significamus
1942 5279 2192 5369 quibus
2218 5315 2224 5320 ·
2247 5279 2528 5369 expedit
2580 5280 2956 5370 universis,
3013 5282 3176 5372 quia
3239 5281 3552 5353 sincerae
3607 5282 3726 5354 de-

629 5397 928 5469 votionis
981 5397 1129 5468 zelo
1182 5379 1471 5488 accensi,
1526 5398 1709 5469 diem
1764 5405 2146 5470 extremum
2185 5400 2420 5470 iudicii
2457 5401 2809 5490 cupientes
2846 5402 3170 5492 operibus
3207 5402 3728 5479 misericordiae

626 5517 1054 5609 praevenire,
1108 5524 1180 5589 et
1232 5519 1660 5591 indubitatae
1714 5520 1961 5591 salutis
2014 5502 2223 5647 *s
2269 5520 2674 5610 compendia
2710 5542 3085 5611 procurare
3121 5482 3737 5623 immarcescib*

557 5653 576 5662 ’
628 5638 1045 5711 fiducialiter
1095 5640 1508 5730 reponimuS,
1547 5660 2016 5730 quaecumque
2071 5660 2198 5730 pro
2253 5641 2516 5712 honore
2567 5661 2922 5713 sacrarum
2961 5642 3209 5714 aedum
3245 5642 3315 5712 in
3354 5648 3727 5734 augmento

627 5761 852 5832 cultus
907 5761 1212 5832 divinum
1264 5761 1648 5832 liberaliter
1702 5780 2100 5850 erogamus»,
2157 5762 2486 5852 oratorio,
2543 5763 2725 5852 quod
2778 5784 2907 5854 pro
2962 5764 3301 5854 principio
3356 5770 3428 5835 et
3479 5761 3727 5837 funda—

627 5887 857 5952 mento
913 5882 1198 5953 claustri
1271 5881 1674 5953 monasterii
1746 5880 2144 5953 Sclavorum
2197 5881 2490 5954 fratrum
2547 5883 2810 5955 ordinis
2866 5883 3104 5956 Sancti
3143 5883 3521 5957 ‚Benedicti
3572 5846 3819 5956 fun-⁹

626 6001 928 6074 dandum
1000 6002 1425 6072 decrevimus
1449 6058 1465 6091 ,
1538 6002 1608 6071 in
1680 6002 2013 6073 honorem
2085 6003 2430 6092 passionis
2502 6003 2761 6075 Christi
2832 6004 3002 6075 Jesu
3074 6005 3426 6095 dedicato,
3482 6005 3729 6096 viginti

625 6143 895 6194 marcas
949 6122 1218 6192 numeri
1273 6128 1344 6192 et
1396 6121 1722 6212 ponderis
1761 6121 2273 6214 Polonicalium,
2317 6124 2778 6214 quadraginta
2815 6131 2970 6196 octo
3007 6146 3289 6215 grossos
3328 6147 3455 6216 pro
3494 6146 3728 6198 marca

628 6244 934 6334 qualibet
1000 6243 1498 6334 computando,
1572 6244 1657 6315 de
1690 6329 1693 6334 ¹
1727 6244 2069 6318 theloneis
2143 6244 2400 6317 nostris
2464 6244 2773 6334 quolibet
2825 6267 3006 6317 anno
3060 6246 3604 6337 assignavimus,
3657 6251 3729 6318 et

544 6364 547 6369 ’
628 6369 871 6434 tenore
943 6366 1430 6454 praesentium
1486 6364 1933 6458 assig‘hamus.
2005 6364 2134 6437 Cui
2190 6364 2462 6456 quidem
2539 6367 2845 6440 oratorio
2901 6366 2989 6439 ad
3044 6389 3380 6460 praesens
3433 6367 3727 6442 devotus
3774 6434 3813 6483 ο
