4217 8059
1421 1412 1542 1479 '⁰
1739 1480 1820 1559 acu

264 1682 425 1757 Zimna
450 1683 623 1775 ¹wodlra,
647 1682 1011 1775 Szandzissova,
1033 1680 1292 1777 Syedlislra,
1316 1683 1815 1775 Sttsz-kowkaOstrusz

261 1810 298 1877 et
324 1804 520 1878 Plawna
725 1834 728 1839 ·

366 1925 776 2016 Qwruurrourowrozs,
802 1926 886 1999 villa
912 1927 977 1999 sub
995 1928 1161 2019 parocbia
1178 1926 1296 1999 Sancti
1314 1926 1411 1999 Petri
1429 1926 1473 1999 da
1491 1928 1657 2001 suburbio
1675 1927 1815 2019 Byecz,

261 2047 358 2119 cuius
384 2048 581 2137 proprietas
608 2046 653 2118 ad
679 2047 923 2119 monasterinm
953 2046 1160 2121 'Ibinciense
1185 2048 1346 2138 pertiuet.
1373 2046 1414 2119 In
1441 2068 1510 2137 qua
1535 2055 1617 2121 sunt
1644 2049 1814 2123 sex'lauei

261 2168 513 2256 emethonales,
540 2173 576 2239 et
612 2167 758 2258 quilibet
794 2168 899 2240 solvit
933 2188 997 2258 pro
1035 2189 1141 2241 censu
1168 2169 1316 2240 mediam
1344 2189 1514 2257 marcam,
1540 2170 1625 2241 Item
1652 2190 1717 2241 ova
1744 2190 1814 2259 sex,

262 2289 345 2359 item
372 2288 501 2379 gallum
534 2308 666 2377 unum,
684 2288 768 2361 item
804 2309 942 2383 caseum
968 2294 1095 2379 unusne
1128 2290 1211 2361 item
1238 2290 1400 2361 laborant
1427 2287 1576 2386 iutrayoi
1600 2310 1665 2382 pro
1691 2291 1814 2382 hyeme

262 2416 299 2481 et
325 2429 420 2498 vere,
448 2410 599 2499 arando,
627 2409 846 2501 seminando,
873 2410 1050 2501 metando,
1078 2410 1321 2499 conducendo;
1358 2411 1440 2483 item
1469 2410 1514 2491 ad
1534 2410 1718 2506 powcbcm
1743 2432 1813 2486 non

262 2536 445 2619 tenentur3
480 2528 618 2627 oaatpcp
654 2531 810 2620 solvunt,
848 2532 994 2623 quilibet
1030 2533 1127 2605 duas·
1144 2550 1326 2604 mensuras
1353 2552 1484 2603 avenae
1511 2530 1714 2620 confertas3¹
1729 2535 1813 2605 item

260 2653 408 2725 taberna
433 2673 509 2725 una.
529 2652 682 2748 scolteti,
710 2641 841 2725 babens
868 2674 989 2745 agros,
1017 2660 1055 2727 et
1082 2642 1188 2726 solvit
1213 2674 1278 2745 pro
1305 2674 1409 2725 ceusu
1436 2653 1583 2725 scolteto
1610 2654 1696 2725 duas
1722 2674 1813 2727 mar·

260 2794 327 2845 cas.
355 2773 441 2845 Item
469 2792 588 2845 omnes
616 2776 692 2867 agri
728 2752 832 2847 villae
858 2775 998 2847 solvunt
1033 2776 1200 2848 decimam
1226 2774 1442 2865 pecunimem
1468 2774 1680 2845 monasterio
1707 2774 1813 2847 Thin·
1913 2850 1917 2857 ,

260 2895 397 2984 emensi,
424 2916 488 2986 per
515 2916 575 2967 sex
601 2916 743 2986 grossos
771 2896 920 2969 latorum
937 2916 1148 2988 grossorum
1176 2896 1265 2968 Item
1282 2895 1502 2968 hortulaniae
1519 2901 1593 2967 tres
1612 2897 1822 2969 monasterii·

260 3034 365 3086 nnnm
393 3015 483 3087 diem
519 3016 556 3087 ln
584 3016 776 3107 septimana
802 3017 981 3105 pedestres
1020 3012 1197 3114 laborantf,
1224 3020 1261 3087 et
1286 3036 1427 3089 censum
1453 3036 1522 3088 non
1550 3016 1697 3087 solvunt.
1724 3017 1813 3089 Item

260 3134 438 3226 praedium
466 3156 571 3209 unum
598 3137 808 3226 coenobiale,
834 3136 877 3209 d'e
899 3158 972 3228 ¹quo
1000 3138 1086 3210 nulli
1113 3138 1176 3209 dat
1202 3136 1379 3225 decimam,
1395 3136 1458 3208 sed
1477 3156 1552 3208 eam
1571 3157 1636 3227 pro
1655 3158 1693 3207 se
1710 3136 1812 3208 tollit.

261 3256 348 3329 Item
375 3258 536 3330 scoltetia
562 3264 618 3330 est
642 3258 701 3347 ibi,
729 3258 861 3333 habens
880 3258 967 3330 duos
985 3258 1108 3331 laneos
1122 3264 1160 3331 et
1177 3257 1343 3330 declinam
1361 3256 1514 3329 solvit...
1539 3257 1626 3328 Item
1645 3257 1688 3329 de
1707 3277 1812 3328 censu

260 3377 426 3451 scoltetus
453 3379 579 3470 recipit
604 3370 956 3452 sextum'denarium.
1605 3454 1608 3459 .

285 3538 287 3543 ,
362 3499 599 3590 Zaccazunr,
627 3500 710 3572 villa
727 3500 868 3572 babens
894 3500 1076 3572 ecclesiam
1102 3498 1336 3601 parochialem
1354 3494 1473 3571 'Beato
1499 3498 1690 3571 Laurentio
1717 3500 1811 3571 dica-
1866 3568 1871 3573 .

258 3626 345 3710 mm,
382 3620 479 3692 cuius
505 3621 700 3711 proprietas
726 3621 771 3693 ad
797 3621 1046 3697 monasterium
1075 3600 1300 3694 Tbincziensc
1336 3620 1499 3710 pertinet
1544 3620 1585 3691 In
1614 3641 1684 3710 qua
1720 3626 1810 3711 sunt,

259 3740 466 3813 includendo
494 3742 611 3814 villam
638 3741 926 3835 Mosczyani,
958 3763 1046 3834 quae
1075 3744 1150 3814 iure
1177 3742 1368 3832 parochiali
1396 3742 1440 3813 ad
1466 3741 1647 3813 ecclesiam
1673 3742 1709 3813 in
1736 3742 1811 3813 Za·

257 3881 462 3955 gorzany
489 3863 651 3953 pertinet,
678 3884 738 3935 sex
765 3862 856 3936 lanei
884 3864 1137 3968 cmetbonales,
1155 3868 1191 3934 et
1218 3863 1365 3954 quilibet
1392 3858 1497 3935 soliit
1523 3883 1587 3952 pro
1614 3882 1720 3934 censu
1734 3918 1741 3933 .
1756 3916 1764 3933 .
1779 3919 1810 3955 .,

258 3984 340 4055 item
369 4003 436 4056 ova
462 4005 532 4074 sex,
560 3987 643 4057 item
657 3985 797 4076 =gallum
825 4006 940 4076 unum,
968 3985 1049 4057 item
1065 3958 1212 4057 'caseum
1242 4004 1364 4072 unrun3
1390 3964 1475 4057 item
1501 3983 1663 4056 laborant
1689 3985 1811 4057 ambae
1915 3984 1919 3989 ’

260 4104 361 4177 villae
384 4102 545 4201 ’ἐνέτεμε
573 4107 715 4196 arando,
742 4107 954 4196 semidaudo,
981 4106 1152 4196 metendo,
1179 4107 1420 4194 conducendo;
1448 4107 1532 4177 item
1560 4105 1603 4177 ad
1624 4104 1810 4200 pacatum
1858 4136 1866 4145 ·

261 4279 402 4314 ......
431 4227 512 4298 item
541 4227 687 4299 taberna
713 4248 783 4300 uua
808 4228 1012 4313 monasterii
1039 4224 1171 4301 babens
1197 4246 1320 4319 agros,
1346 4233 1383 4298 et
1408 4227 1515 4299 solvit
1532 4282 1540 4296 .
1558 4280 1566 4294 .
1586 4282 1593 4295 .
1612 4281 1619 4296 .
1638 4282 1645 4297 .
1664 4250 1700 4315 .;
1728 4229 1809 4303 item
1952 4272 1955 4279 ,

258 4347 477 4420 hortulaniae
504 4370 573 4419 non
600 4355 690 4438 sunt,
717 4349 801 4421 item
828 4347 1062 4423 molendinum
1088 4368 1157 4419 uon
1183 4354 1248 4420 est.
1276 4348 1364 4420 Item
1393 4366 1512 4419 omnes
1538 4347 1628 4418 land
1656 4318 1810 4421 ernetbb·

259 4468 354 4541 nales
390 4468 530 4541 solvunt
564 4468 732 4543 decimam
767 4469 982 4561 pecunialem
1016 4469 1229 4541 monasterio
1256 4468 1476 4558 Thinciensi,
1511 4469 1686 4541 miscendo
1714 4469 1808 4541 illam

259 4610 334 4659 curn
363 4610 478 4679 censu,
505 4582 542 4661 et
568 4591 778 4681 proveniunt
804 4590 848 4663 de
875 4590 958 4661 villa
983 4596 1133 4681 unoque
1160 4591 1203 4662 de
1230 4608 1336 4661 censu
1363 4594 1400 4659 et
1425 4589 1575 4680 decima,
1602 4587 1692 4661 duae
1718 4611 1810 4662 mar-

260 4708 330 4800 cae,
358 4710 506 4784 sedecim
534 4712 648 4802 scotti;
689 4733 777 4785 unus
804 4712 924 4785 laneus
950 4708 1070 4808 wolcy.
1115 4712 1202 4783 Item
1227 4710 1411 4801 praedium·
1435 4704 1634 4783 coenobiale
1660 4730 1728 4782 non
1756 4718 1810 4784 cst

260 4831 317 4903 ibi.
344 4831 430 4932 Item
458 4834 618 4905 scoltetIa
643 4835 693 4907 ibi
719 4838 792 4924 est,
819 4833 954 4907 habens
978 4831 1066 4906 dnos
1091 4834 1211 4905 laneos
1236 4838 1273 4903 et
1298 4831 1465 4903 decimam
1492 4830 1634 4903 solvit...
1651 4832 1740 4903 Item
1766 4832 1808 4903 de

259 4973 364 5025 censu
390 4953 557 5026 scoltetns
584 4955 733 5046 percipit
759 4961 895 5028 sextum
924 4954 1116 5027 denarium:
1159 4956 1248 5027 Item
1275 4954 1475 5029 cmetbones
1502 4951 1547 5024 de
1573 4950 1809 5061 Mosczani
1925 5026 1942 5069 ,Ι

259 5092 378 5146 omnes
403 5075 514 5146 simul·
533 5076 672 5148 solvunt
698 5084 765 5147 ovd
793 5074 938 5167 XXIIII,
966 5096 1087 5149 caseos
1106 5076 1200 5167 XVI,
1226 5076 1337 5167 gallos
1354 5074 1448 5147 XVI.
1475 5075 1561 5146 Item
1589 5094 1654 5165 pro
1672 5094 1809 5181 omcycp
1886 5084 1951 5199 ιζμ,

260 5194 400 5266 solvunt
418 5203 495 5268 octo
515 5216 695 5268 mensuras
714 5196 896 5269 confertas.
924 5196 1084 5270 Oonfinat
1101 5218 1179 5270 cum
1205 5196 1499 5285 Strz'escbin,
1525 5194 1808 5287 Klqnczana,
1901 5202 2011 5325 ³332*

261 5314 554 5407 Xobylanka,
599 5314 872 5409 Gardlicza,
917 5315 1132 5410 Glinnik,
1175 5318 1414 5408 Mszanka,
1466 5316 1808 5408 Moscz'enicza,

260 5435 592 5527 Roszembark,
618 5438 965 5511 Raczslawicze
992 5446 1028 5512 et
1053 5438 1342 5533 Mosczyany.

362 5555 608 5650 Sausoazru,
649 5560 731 5631 villa
757 5561 823 5634 sub
849 5561 1014 5652 parocbia
1040 5559 1085 5633 de
1110 5546 1451 5633 Praetbczicza
1476 5559 1562 5649 sita,
1603 5559 1701 5633 cuius
1727 5570 1809 5649 pro‘-

258 5679 389 5767 pristas
416 5679 470 5750 ad·
488 5682 734 5754 monasterium
762 5681 987 5755 Thincziense
1013 5668 1176 5773 pertmet.
1202 5684 1243 5755 In
1262 5702 1332 5773 qua
1348 5685 1430 5754 sunt
1446 5680 1537 5753 lanei
1565 5680 1807 5770 cmetlronales,

257 5804 295 5870 et
321 5799 427 5871 solvit
453 5801 599 5892 quilibet
624 5824 689 5894 pro
716 5824 820 5875 censu
847 5823 910 5893 per
937 5803 1054 5875 decem
1083 5810 1235 5893 scottos,
1270 5805 1353 5876 item
1380 5822 1455 5893 ova,
1494 5802 1580 5875 item
1608 5801 1720 5894 gallos
1746 5823 1808 5873 no·

258 5938 344 6009 rem,
371 5922 454 5993 Item
482 5940 612 6012 caseos,
639 5924 723 5998 item
750 5924 919 5996 laborant
939 5916 1106 6020 increpui,
1121 5925 1261 6014 arando,
1289 5924 1500 6014 seminando,
1527 5924 1698 6011 metendo,
1726 5922 1806 5993 con-

257 6040 430 6131 ducendo,
467 6044 550 6117 item
578 6045 622 6117 sd
645 6044 829 6140 menbrum
862 6066 931 6117 non
964 6050 1144 6133 tenentur,
1179 6068 1357 6142 oprcmcm
1392 6046 1532 6118 solvunt
1566 6063 1630 6135 per
1657 6048 1807 6134 quatuor
1857 6024 1860 6039 ⁵

164 6166 170 6171 '
258 6162 489 6254 quadrantes3
525 6167 607 6237 item
634 6166 782 6245 taberna
808 6172 862 6239 est
886 6166 935 6239 ibi
963 6186 1046 6265 nna,
1081 6166 1216 6239 babens
1247 6186 1367 6257 agros,
1403 6171 1440 6237 et
1467 6165 1573 6237 soIrIt
1608 6185 1673 6257 pro
1700 6184 1805 6237 censu

257 6283 343 6355 duas
370 6304 522 6376 marcas,
549 6288 633 6357 item
659 6288 874 6361 hortulauiae
901 6298 994 6378 tres3
1029 6289 1112 6362 Item
1141 6308 1259 6361 omnes
1286 6288 1377 6359 lanei
1405 6286 1638 6371 ernetbonales
1665 6286 1806 6358 solvunt

256 6404 422 6479 decimam
451 6408 664 6499 pecunialem
700 6411 908 6482 monasterio
936 6410 1134 6483 TbIneIensi
1159 6428 1224 6502 per
1249 6428 1310 6483 sex
1336 6410 1486 6499 grossos.
1530 6406 1616 6479 Item
1645 6407 1805 6480 scoltetia

362 6576 411 6616 urs.
420 6575 509 6617 mnaso
523 6577 566 6617 ru.
1116 6585 1118 6590 ·
1602 6556 1639 6604 ‘²⁶
