4217 8059
1766 1495 1838 1564 119

294 1685 462 1773 offerunt3
488 1688 586 1760 cuius
612 1687 799 1761 oblationis
825 1710 969 1780 summa,
996 1691 1157 1781 quoniam
1185 1694 1331 1781 casualis
1358 1700 1422 1784 est,
1448 1716 1518 1767 non
1543 1701 1660 1786 potest
1677 1697 1721 1768 ad
1740 1698 1841 1789 liqui·

294 1806 376 1879 dnm
402 1807 591 1878 aestimari.

400 1923 559 2001 Hortus.
595 1928 683 2000 Item
718 1930 967 2002 monasterium
1003 1931 1194 2020 praelatum
1230 1933 1274 2004 de
1299 1933 1542 2024 Rumpella
1569 1936 1675 2008 habet
1701 1938 1841 2011 hortum

293 2047 491 2137 contiguum
518 2047 634 2120 domui
661 2048 863 2140 coenobiali,
888 2056 925 2123 et
950 2052 1143 2141 pomerium
1170 2052 1205 2124 in
1233 2073 1274 2124 eo
1300 2053 1484 2126 arboribus
1512 2062 1690 2128 censatum
1717 2059 1840 2129 nobili-

295 2167 360 2238 bus
378 2221 387 2237 .
405 2221 413 2236 .
432 2220 466 2237 ..

399 2283 536 2361 Laeua.
563 2288 651 2362 Item
678 2290 772 2385 inter
798 2289 886 2362 duos
911 2292 1032 2364 hortos
1060 2291 1116 2393 ad
1131 2313 1169 2363 se
1195 2294 1410 2383 pertinentes
1432 2296 1539 2367 habet
1555 2297 1666 2368 laeum
1687 2300 1750 2370 sub
1768 2321 1841 2370 mo-

293 2395 448 2479 nasterio
475 2408 597 2499 situm,
624 2429 725 2499 quem
752 2410 899 2482 Wisla
932 2411 1057 2483 fluvius
1084 2412 1322 2485 subterraneis
1349 2416 1446 2487 venis
1464 2414 1619 2488 'inundat
1644 2423 1680 2487 et
1706 2419 1841 2508 irrigat,
1892 2445 1898 2453 ·

293 2528 352 2617 qui
378 2528 476 2599 ferax
501 2529 663 2619 piscibus,
689 2531 926 2620 aegritudines
953 2531 1106 2623 depellit,
1132 2532 1199 2604 fide
1217 2533 1319 2624 plena
1335 2534 1499 2607 Sanctum
1517 2534 1725 2609 Stenislaurn
1743 2538 1841 2611 inve

230 2664 232 2669 ·
293 2648 463 2738 cantibus,
491 2650 676 2722 oculorum.
1017 2647 1020 2652 ’

395 2766 717 2859 Orarunovvrcza,
745 2770 828 2841 villa
853 2772 917 2843 sub
945 2773 1112 2862 parochia
1137 2773 1301 2846 ecclesiae
1327 2774 1372 2846 de
1389 2767 1484 2866 Gay
1509 2776 1587 2847 sita
1614 2777 1655 2849 ln
1674 2786 1840 2868 quaeunt

292 2889 378 2959 certi
406 2889 483 2980 agri
509 2890 554 2960 ad
581 2891 668 2962 duos
694 2890 811 2961 laneos
838 2892 1024 2982 aestimati,
1052 2893 1185 2983 optima
1211 2900 1315 2983 prata
1340 2895 1527 2985 hahentes,
1556 2897 1590 2969 in
1619 2897 1742 2987 quibus
1770 2899 1838 2971 duo

290 3008 395 3081 locati
421 3010 590 3083 sedebant
615 3010 803 3083 sanctuarii
830 3032 873 3083 ex
901 3013 1054 3103 antiquo,
1073 3014 1132 3104 qui
1158 3013 1202 3084 ad
1230 3014 1344 3086 omnia
1370 3016 1514 3089 servitia
1539 3023 1577 3089 et
1593 3018 1787 3091 ministeria
1804 3021 1839 3091 in

292 3130 437 3201 ecclesia
472 3132 595 3203 maiori
631 3130 851 3203 Gracoviensi
886 3131 1096 3221 exhibenda,
1124 3155 1202 3204 cum
1238 3134 1317 3205 aliis
1354 3135 1584 3225 sanctuariis,
1611 3158 1688 3209 cum
1716 3140 1840 3228 quibus

293 3250 400 3322 etiam
428 3251 470 3322 de
498 3251 764 3324 obventionibus
782 3259 819 3323 et
837 3257 983 3342 quaestu
1001 3253 1277 3325 sanctuariorum
1305 3254 1559 3345 participabant
1586 3256 1839 3357 obligabantur,

290 3377 328 3443 et
353 3393 456 3444 unam
482 3393 635 3445 marcam
662 3373 768 3443 anrrui
794 3392 918 3444 census
944 3372 1122 3445 custodiae
1149 3373 1371 3445 Gracoviensi
1397 3374 1532 3447 solvere
1558 3378 1775 3467 tenebantur,
1794 3380 1839 3451 ab

291 3492 450 3565 omnihus
477 3492 555 3565 aliis
582 3493 768 3581 laboribus,
797 3491 1119 3580 contributionibus,
1147 3492 1328 3584 suffragiis,
1351 3493 1470 3584 daciis,
1490 3492 1693 3589 pandimus,
1711 3503 1748 3568 et
1765 3499 1841 3589 qni·
1942 3588 1946 3595 A

251 3686 253 3691 ,
291 3614 491 3704 buscuuque
519 3615 671 3703 tributis,
698 3612 882 3685 ordinariis
909 3620 946 3684 et
966 3613 1253 3685 extraordinariis
1271 3614 1373 3686 liberi
1390 3620 1427 3686 et
1444 3616 1605 3707 exempti.
1630 3615 1704 3709 Hos
1723 3618 1843 3710 itaque

210 3718 219 3730 ”
291 3734 378 3809 duos
414 3736 531 3808 laneos
565 3734 866 3822 Sanctuariorum,
902 3754 978 3805 cum
1010 3734 1168 3806 domibus
1204 3740 1242 3806 et
1278 3735 1405 3827 pratis,
1432 3736 1475 3812 de
1502 3756 1671 3808 consensu
1698 3739 1839 3830 speciali
1872 3734 1902 3811 '.

290 3855 460 3928 lobannis
487 3845 727 3928 Woisehilr
755 3853 911 3926 custodis
939 3854 1188 3944 cracoviensis,
1215 3855 1258 3926 ad
1286 3876 1387 3947 quem
1406 3876 1525 3927 eorum
1543 3857 1741 3947 pertinebat
1758 3880 1859 3949 pro--
1886 3832 1907 3881 '⁴
1926 3866 1950 3893 ·“

291 3977 442 4066 prietes,
468 3975 647 4049 lohannes
683 3975 806 4047 Senior
831 3975 1068 4065 Dlugosch
1103 3977 1287 4049 canonicus
1315 3975 1673 4050 cracoviensis'anno
1700 3978 1840 4053 Domini

298 4099 403 4169 1471.
430 4120 451 4168 a
486 4098 652 4189 praelatis
688 4096 915 4186 sanctuariis,
949 4095 1120 4168 dictorum
1155 4096 1333 4169 laneorum
1361 4097 1586 4188 haeredibus,
1613 4120 1676 4188 pro
1703 4105 1838 4195 centum

291 4219 416 4291 mareis
443 4219 633 4291 communis
659 4218 825 4309 pecuniae
852 4218 887 4288 in
915 4217 1176 4307 amplitudinem
1204 4221 1240 4287 et
1266 4216 1458 4307 proiectum
1476 4219 1610 4306 coemit,
1628 4225 1665 4290 et
1683 4220 1840 4311 praelato

290 4342 498 4411 monasterio
526 4340 772 4430 incorporavit,
800 4338 905 4410 salvis
931 4344 1049 4410 tannen
1076 4337 1239 4408 oneribus
1266 4338 1431 4410 ecelesiae
1457 4344 1494 4411 et
1521 4340 1697 4412 custodiae
1714 4341 1841 4412 (haco-

291 4463 427 4532 viensis.
454 4462 675 4534 hoeaverunt
702 4468 818 4532 autem
844 4460 971 4532 fratres
998 4458 1040 4529 de
1067 4457 1238 4529 Skalka
1266 4458 1301 4530 in
1328 4458 1430 4530 dictis
1458 4459 1592 4532 duobus
1619 4461 1727 4533 laneis
1746 4462 1839 4533 aliud

291 4584 477 4654 secundum
505 4585 672 4673 optimum
700 4582 890 4673 praedium,
917 4598 980 4650 nec
1007 4578 1110 4650 alicui
1137 4579 1233 4651 iuxta
1260 4586 1365 4676 atque
1392 4580 1591 4670 sanctuarii,
1618 4582 1677 4670 qui
1704 4583 1740 4651 in
1772 4582 1840 4654 illis

290 4704 400 4775 laneis
427 4705 612 4794 perprius
639 4703 845 4790 residebant,
873 4700 1012 4772 solvunt
1039 4700 1289 4791 manipularem
1316 4700 1494 4790 decimam,
1521 4700 1581 4772 sed
1608 4721 1684 4772 eam
1712 4723 1775 4792 pro
1802 4723 1840 4773 se

291 4826 417 4896 tollunt
456 4831 492 4896 et
528 4826 562 4895 in
590 4826 753 4895 horreum
789 4843 890 4894 suum
917 4820 1103 4911 inducunt,
1130 4827 1167 4893 et
1193 4842 1297 4895 unam
1323 4840 1475 4893 marcam
1503 4841 1567 4911 pro
1595 4840 1709 4895 annuo
1737 4843 1842 4896 censu

290 4946 469 5047 custodiae
506 4945 726 5016 cracoviensi
765 4943 923 5034 solvunt3
959 4942 1124 5014 ecclesiae
1151 4962 1233 5015 vero
1260 4940 1482 5014 Gracoviensi
1509 4948 1585 5014 octo
1613 4943 1839 5015 hebdomadis

292 5066 370 5138 illos
396 5048 439 5139 ex
467 5067 589 5139 ordine
616 5065 897 5156 contingentibus
922 5063 1142 5155 ministrant;
1168 5064 1278 5136 maior
1304 5069 1419 5135 eutem
1442 5083 1524 5155 pars
1542 5063 1652 5137 villae·
1663 5063 1841 5156 praefatae

291 5187 652 5278 Opathkouicze
680 5187 833 5277 pertinet
859 5185 904 5257 ad
931 5184 1178 5257 monasterium
1206 5183 1459 5277 Thyneczense.

397 5302 644 5398 annrezua,
681 5309 843 5399 oppidum
871 5313 1006 5379 montes
1033 5305 1164 5378 habens
1192 5307 1357 5396 optimos,
1394 5304 1429 5376 in
1457 5328 1524 5396 quo
1552 5305 1642 5409 sales
1668 5307 1704 5378 in
1731 5308 1839 5378 abun-

292 5430 412 5502 dantia
438 5430 657 5519 effodiuntur,
684 5431 816 5502 hahens
843 5428 879 5500 in
906 5448 943 5501 se
970 5427 1148 5501 ecclesiam
1177 5427 1421 5518 parochialem,
1443 5428 1546 5500 cuius
1573 5428 1769 5518 proprietas
1796 5429 1840 5499 ad

291 5552 549 5628 serenissimum
576 5551 740 5624 Poloniae
765 5571 883 5641 regem
911 5549 1070 5640 pertinet,
1097 5548 1133 5621 in
1152 5570 1218 5639 quo
1246 5548 1276 5621 si
1303 5549 1381 5639 quis
1408 5549 1560 5640 propriis
1587 5549 1779 5639 sumptibus
1805 5554 1842 5621 ct

291 5673 410 5746 labore
438 5695 563 5744 novum
592 5679 741 5744 montem
768 5671 950 5761 repererit,
975 5671 1084 5742 habet
1103 5669 1178 5761 ipse
1200 5669 1345 5760 singulis
1363 5666 1590 5741 hebdomadis
1615 5688 1718 5749 unam
1745 5690 1843 5741 sexe-

290 5815 413 5884 geuam
439 5793 589 5866 latorum
625 5812 824 5883 grossorum
851 5791 1078 5881 Pragensium
1113 5790 1190 5863 iure
1223 5797 1393 5881 perpetuo
1430 5796 1468 5877 et
1493 5789 1743 5880 haereditario,
1779 5809 1843 5880 per

291 5890 452 6005 zuparios
479 5913 703 5987 Vielicienses
740 5914 870 6003 absque
905 5910 999 5983 omni
1025 5909 1245 5983 recusatione
1271 5910 1339 5983 sibi
1366 5916 1404 5983 et
1429 5911 1502 5983 suis
1530 5911 1679 6000 posteris
1704 5910 1842 5983 solvan·
1985 5892 1998 5999 f

291 6035 380 6125 dam3
407 6036 466 6127 qui
493 6055 616 6107 censos
642 6034 812 6106 communi
840 6030 929 6125 appe
1009 6016 1073 6103 one
1099 6036 1245 6103 vocatur
1270 6028 1458 6103 dectracta
1487 6030 1600 6105 Huius
1625 6031 1743 6121 itaque
1761 6051 1840 6102 can·

291 6178 350 6231 sus
382 6158 604 6230 medietatem
631 6155 778 6246 Spitbho
814 6126 918 6255 defh'i
1002 6136 1114 6227 ,ltin
1150 6151 1276 6224 nobilis
1312 6151 1484 6225 dedomo
1521 6151 1840 6245 Lelivitarum

292 6301 368 6352 cum
395 6277 585 6364 habuisset,
611 6276 733 6347 habita
758 6262 916 6371 etpttei
1001 6256 1067 6361 'ihi
1087 6273 1304 6344 successione
1331 6270 1508 6361 relictam,
1534 6270 1712 6343 Johannes
1738 6271 1841 6355 Illu-

291 6400 430 6493 gosch
458 6397 576 6470 senior
602 6370 922 6529 canonieuszlli‘em
1062 6393 1225 6467 :obtento
1252 6380 1592 6527 speciali,..,corisdlgu
1618 6374 1878 6487 Casini&

1356 6490 1826 6733 ‘i-
