4217 8059
262 1691 350 1791 Item
377 1693 445 1764 duo
472 1700 573 1783 prata
609 1695 644 1766 in
671 1694 858 1787 Dyouy,
885 1714 973 1787 qnae
1144 1697 1252 1807 esiam
1288 1697 1324 1767 iu
1360 1695 1716 1788 Wyerczycaow
1737 1722 1816 1791 per·-

262 1814 423 1887 tinebant
456 1820 494 1886 et
529 1817 734 1905 spectabant
769 1836 811 1888 ex
848 1814 1063 1923 ιιιιιιιιιιι -Ι
1025 1796 1156 1956 *st
1224 1838 1289 1909 pro
1326 1818 1485 1907 ampliori
1522 1820 1650 1908 prioris
1685 1828 1721 1894 et
1746 1822 1816 1894 fra-

262 1944 355 2007 trum
392 1936 593 2008 monasterii
629 1936 799 2026 praedicti
835 1938 967 2009 subler
988 1924 1111 2029 v‘'WT
1129 1932 1184 2047 ,⁴²¹
1190 1940 1434 2010 necessitatum
1461 1940 1692 2030 corporalium
1718 1942 1816 2015 fulci-
1909 1978 1912 1982 ·

262 2064 389 2145 mento,
417 2057 459 2128 de
483 2058 666 2130 voluntate
693 2062 729 2128 et
755 2078 918 2148 expresso
946 2038 1117 2131 consensu
1144 2080 1193 2130 ac
1219 2060 1437 2151 beneplacito
1472 2060 1644 2132 dictorum
1673 2083 1815 2135 venera·

262 2179 381 2258 bilinm
407 2178 554 2249 fratrum
582 2184 779 2251 nostrorum
817 2180 963 2269 capituli
989 2179 1248 2269 Crotoniensis,
1276 2176 1406 2252 habitis
1434 2202 1538 2271 super
1565 2182 1631 2253 boc
1658 2183 1815 2273 pluribus

263 2299 517 2389 capitularibus
543 2302 753 2373 tractatibus
780 2322 855 2372 cum
885 2302 960 2391 ipso
988 2302 1141 2391 capitulo
1169 2308 1299 2374 nostro·
1315 2301 1546 2392 Oracoviensi,
1574 2303 1725 2377 decimas
1742 2327 1816 2377 ιιιιι-

262 2420 436 2510 nipulares
462 2420 713 2510 infrascriptae,
740 2441 829 2511 quae
856 2422 899 2494 ad
928 2430 1081 2494 nostram
1109 2442 1262 2493 mensam
1290 2422 1519 2513 episcopalem
1538 2431 1698 2514 spectare
1717 2425 1815 2498 dino-

262 2542 456 2630 scebantur‚
484 2541 644 2612 videlicet
670 2543 706 2612 in
725 2541 1138 2633 Grzyszanowicze
1165 2550 1246 2633 post
1262 2565 1381 2615 omnes
1399 2562 1513 2634 agros,
1532 2545 1628 2635 agris
1646 2545 1816 2619 duntaxat

262 2663 471 2753 praepositi,
498 2683 585 2753 quos
622 2664 788 2735 hactenns
815 2665 899 2736 colit
925 2665 1098 2754 exceptis,
1124 2665 1161 2735 in
1189 2665 1341 2736 Welcz
1369 2671 1448 2754 post
1475 2674 1636 2737 araturas
1663 2667 1815 2739 omniurn

231 2784 479 2865 ¹emetbonum
507 2790 543 2855 et
569 2785 717 2873 scolteti,
745 2785 886 2874 praedio
915 2787 1023 2876 regali
1051 2793 1205 2876 excepto,
1233 2787 1267 2856 in
1295 2785 1548 2879 Coporyna,
1567 2789 1603 2859 ιιι
1623 2786 1813 2879 Gowale,

200 2981 203 2987 ,
262 2904 295 2988 ιιι
323 2904 627 2994 Paszczorka,
655 2896 733 2996 post
760 2912 921 2978 araturas
948 2908 1100 2978 omnium
1128 2915 1165 2979 et
1182 2909 1396 2998 singulorum
1414 2909 1635 2985 cmethonnm
1654 2909 1814 2982 villarum

261 3025 534 3115 praedictarum,
561 3047 625 3116 pro
660 3027 753 3098 dicto
789 3030 1014 3100 monasterio
1033 3029 1229 3117 donandas,
1256 3029 1546 3119 incorporandas,
1572 3030 1814 3121 annectendas,

117 3225 119 3230 ,
261 3148 499 3219 inscribendas
526 3154 563 3219 et
590 3148 816 3238 assignandas
843 3148 1013 3239 duximus,
1032 3157 1220 3240 tenoreque
1239 3151 1472 3240 praesentium
1486 3151 1618 3241 damus,
1636 3151 1814 3241 donamus,

260 3268 529 3358 incorporamus,
556 3271 792 3358 annectimus,¹
811 3270 1048 3360 inscribimus,
1077 3272 1293 3361 assignamus
1320 3279 1357 3342 et
1382 3277 1551 3362 perpetuo
1590 3273 1813 3362 applicamus,

260 3409 322 3479 per
347 3390 499 3479 priorem
527 3395 564 3461 et
590 3389 717 3462 iratres
744 3392 946 3463 monasterii
972 3391 1144 3481 praedicti
1170 3391 1368 3482 habendas,
1383 3393 1559 3482 tenendas,
1586 3399 1623 3464 et
1649 3414 1713 3483 pro
1741 3393 1813 3465 suis

260 3510 379 3582 usi-bus
410 3516 452 3585 ¹et
487 3513 751 3584 necessitatibus
786 3513 1049 3585 convertendas.
1079 3513 1181 3584 .Non
1213 3514 1392 3599 obstante,
1429 3514 1459 3585 si
1494 3514 1531 3584 in
1567 3514 1669 3585 dictis
1704 3515 1813 3587 villis:

192 3630 197 3639 '
260 3630 682 3721 Oraiszauowicze,
718 3632 983 3725 Goporyna,
1011 3634 1162 3706 Welcz
1173 3633 1421 3724 ,Goualye
1456 3633 1815 3707 etPasaczorlra

147 3746 152 3754 ’
260 3758 453 3842 temporum
483 3774 653 3844 successu,
680 3776 784 3827 unum
812 3755 867 3826 rel
894 3755 1006 3844 plura
1023 3755 1263 3826 cmetbouibns
1281 3754 1449 3844 depositis
1466 3755 1611 3845 praedia
1629 3755 1841 3869 orirentur„

259 3873 302 3945 de
328 3875 453 3965 quibus
472 3875 623 3964 praediis
641 3875 863 3948 nihilominus
890 3875 1057 3946 decimam
1083 3876 1333 3966 manipularem
1351 3875 1509 3948 uolumus
1527 3875 1620 3947 dicto
1639 3848 1869 3969 monas*

261 3995 315 4066 rio
333 3995 434 4066 reddi
461 4002 497 4066 et
522 3996 692 4086 assignari
720 3996 755 4067 in
780 3993 1142 4092 passionalem
1154 4000 1216 4067 ius
1243 3997 1471 4088 Sbignens
1498 3996 1646 4069 Sanctae
1672 3982 1865 4077 Priscae*

260 4118 443 4207 presbyter
470 4117 656 4189 cardinalis
683 4124 895 4191 memoratus
931 4123 967 4189 et
992 4118 1171 4190 lohannes
1198 4119 1242 4191 de
1269 4118 1611 4210 Olyescbnicza
1637 4118 1827 4208 palatinus

260 4236 550 4311 Sandomirieusis
585 4240 800 4328 praedictus,
837 4241 954 4311 villam
988 4247 1143 4311 nostram
1181 4240 1459 4329 Podlansze,
1487 4239 1721 4310 haereditario
1748 4259 1812 4309 nos

259 4360 479 4449 contingente
507 4361 591 4449 iure,
619 4380 707 4431 cum·
724 4362 883 4432 omnibns
909 4366 946 4432 et
972 4361 1118 4451 singulis
1144 4361 1299 4433 eiusdem
1326 4361 1427 4431 villae
1454 4360 1713 4432 Podlansze
1740 4357 1812 4430 frn-

230 4481 383 4569 ¹stibus,
410 4481 581 4572 censibus,
609 4482 772 4572 praediis,
798 4482 951 4573 piscinis,
978 4482 1195 4571 molendinis,
1221 4482 1343 4573 pratis,
1360 4502 1456 4573 gays,
1484 4481 1601 4571 sylvis,
1619 4480 1722 4570 agris,
1740 4501 1811 4551 me-

260 4603 352 4691 ricis,
379 4603 570 4692 mellificiis,
598 4625 639 4674 ac
665 4604 824 4676 omnibus
852 4603 1071 4692 utilitatibus,
1100 4624 1188 4694 quae
1215 4604 1263 4676 ibi
1291 4603 1458 4675 hactenus
1485 4607 1578 4693 sunt,
1603 4601 1659 4677 uel
1684 4606 1811 4691 expost

1946 3500 2033 3695 Q

1904 3688 1992 3753 ,Ἤ
2031 3701 2033 3713 ·

262 4744 475 4814 quacumque
501 4724 674 4795 industria
700 4729 865 4814 poterunt
891 4725 977 4815 fieri,
1004 4725 1092 4797 nihil
1114 4745 1179 4815 pro
1197 4725 1306 4814 nobis,
1324 4728 1387 4795 aut
1404 4720 1807 4819 nmmuaumsssoribm
1948 4734 1951 4739 ·
2017 4706 2022 4715 ’

261 4845 318 4914 in·
313 4845 442 4915 -eadem
471 4844 561 4936 villa
590 4851 729 4936 praeter
755 4847 937 4945 tuitionem
958 4852 995 4918 et
1012 4846 1246 4919 defensionem
1265 4822 1613 4957 reservandaeidam
1629 4847 1804 4915 monaste-
1925 4860 1932 4873 ·
1997 4836 2004 4859 ⁸

259 4965 311 5035 rio
348 4965 675 5055 Ppandziczoviensi
711 4972 747 5037 et
781 4938 1008 5040 fratribusS.
1036 4968 1173 5039 Pauli
1164 4991 1200 5039 m
1228 4988 1269 5038 eo
1297 4944 1584 5056 degentibut3'1u
1607 4962 1679 5035 rim
1716 4962 1811 5037 dotis

257 5092 293 5158 et
328 5085 559 5176 fundationis,
594 5095 765 5178 perpetua
798 5095 834 5160 et
861 5090 1081 5161 irrevocabili
1108 5088 1294 5161 donatione
1321 5087 1462 5175 damus,
1490 5083 1678 5176 donamus,
1704 5084 1809 5177 largi·

258 5228 335 5278 mur
362 5212 397 5277 et
423 5209 650 5299 assignamus,
677 5210 960 5300 praedictamque
979 5211 1096 5283 villam
1115 5209 1376 5282 Podlancze
1403 5207 1439 5277 in
1459 5212 1590 5278 sortem
1607 5205 1809 5279 monasterii
1937 5300 1940 5305 .

257 5329 516 5418 mandarimus,
545 5331 718 5420 volentes,
734 5394 739 5403 .
753 5337 793 5402 ut
810 5377 814 5387 .
829 5332 1077 5403 monasterium
1112 5329 1327 5420 praedictum
1363 5327 1512 5417 amplius
1537 5333 1574 5400 et
1600 5326 1643 5399 de
1671 5332 1816 5399 caetere-

257 5451 331 5520 eius
357 5449 494 5522 buatur
522 5441 674 5523 dominic
701 5457 738 5523 et
764 5454 999 5544 possessione,
1022 5457 1072 5522 et
1098 5450 1319 5525 nibilominus
1355 5448 1399 5519 ad
1436 5470 1500 5520 nos
1527 5454 1564 5519 et
1590 5448 1850 5527 successores&

109 5651 116 5664 ³
257 5579 395 5642 nostros
422 5592 528 5662 super
554 5574 700 5663 iniuriis,
726 5573 1058 5665 perturbationibus,
1085 5571 1262 5659 molestiis,
1288 5570 1551 5661 morationibus
1579 5576 1615 5640 et
1643 5570 1807 5660 angariis,
1848 5596 1851 5601 ·
1958 5613 1966 5639 ι

259 5710 345 5780 quae
373 5692 501 5764 dictam
528 5694 645 5765 villam
673 5694 868 5785 contigerit,
886 5694 1037 5764 babeant
1063 5711 1128 5781 pro
1141 5690 1353 5762 *defensione
1380 5710 1567 5780 recursum,
1594 5688 1809 5780 affectantes,

255 5819 425 5901 quatenus
451 5814 518 5905 ipsi
545 5815 670 5887 iratres
698 5814 893 5887 huiusmodi
919 5814 1019 5885 usuri
1041 5812 1242 5902 beneficiis,
1267 5813 1401 5901 nostri,
1428 5813 1535 5883 etiam
1562 5812 1807 5902 praedecesso·

256 5954 332 6004 rum
360 5940 556 6008 nostrorum
585 5938 776 6008 animarum
804 5935 895 6006 salus
922 5922 1097 6007 salubrius
1123 5932 1307 6006 recolatur.
1335 5934 1498 6023 Inprimis
1526 5933 1705 6024 amplioris
1733 5934 1807 6022 spei

255 6056 499 6129 certitudinem
525 6058 561 6129 in
588 6064 727 6129 nostrae
754 6056 875 6128 salutis
902 6054 1147 6131 cousecufioue
1172 6053 1280 6146 figere
1307 6062 1344 6126 et
1370 6039 1499 6145 ponere
1526 6055 1712 6142 valeamus,
1737 6074 1805 6144 quo

255 6175 438 6248 latioribus
474 6179 667 6250 orationum
704 6176 876 6267 suffragiis
912 6195 975 6267 per
1008 6172 1135 6247 iratres
1162 6176 1374 6248 monasterii*
1393 6175 1563 6265 praedicti
1590 6196 1652 6245 nos
1680 6174 1812 6271 vider}

255 6318 330 6367 mus
356 6304 393 6369 et
421 6301 629 6371 senserimus
662 6299 868 6387 sustentari,
903 6302 941 6369 et
974 6301 1115 6369 nostrae
1151 6297 1371 6402 eiusdemque
1389 6296 1587 6386 germani,
1599 6298 1710 6369 nostri
1746 6296 1807 6370 do·

255 6419 338 6491 mini
355 6418 378 6492 J
388 6421 585 6492 ohannis
611 6418 757 6510 palatini
777 6412 1074 6567 Saudomirie*
1100 6424 1138 6491 et
1162 6417 1466 6511 praedecessorum
1494 6424 1693 6492 nostrorum
1711 6420 1804 6492 salus
1843 6446 1851 6456 ·

357 6587 404 6626 Lib.
415 6587 511 6628 Renedc.
524 6586 566 6627 111.
1279 6626 1312 6677 ·
1604 6568 1639 6616 18
