4217 8059
285 1498 432 1573 380.-

396 1594 400 1603 .
416 1568 434 1605 B

284 1714 322 1779 et
346 1706 445 1779 valor
460 1674 777 1811 &famabatur
800 1704 847 1775 ad
871 1709 1026 1795 ‘quatuor
1051 1724 1196 1776 marcas
1223 1702 1360 1774 Donata
1385 1662 1598 1775 monasterio
1625 1722 1690 1794 per
1706 1700 1841 1775 Nico·
1918 1676 1921 1680 ⁴

284 1827 403 1899 laum
430 1826 588 1899 comitem
615 1823 843 1898 fundatorem.
1113 1811 1123 1826 ’

387 1946 613 2037 Sumszrcza,
653 1946 735 2019 villa
772 1947 836 2018 sub
881 1946 1046 2036 parocbia
1081 1945 1248 2017 ecclesiae
1283 1947 1327 2016 de
1361 1945 1727 2037 Koprzywnicaa
1761 1947 1841 2034 sita,

140 2156 152 2179 „
284 2090 372 2160 quae
399 2068 572 2159 quondam
589 2066 656 2139 luit
673 2068 825 2157 episcopi
844 2065 1094 2157 Gracoviensis‚
1120 2067 1182 2138 sed
1208 2067 1361 2138 cambita
1378 2073 1435 2138 est
1453 2087 1529 2138 cum
1557 2067 1637 2138 aliis
1652 2086 1730 2137 cam
1749 2066 1840 2139 duce

284 2190 504 2261 Boleslao
540 2210 604 2280 pro
629 2187 800 2259 Zlotba
834 2194 870 2260 et
897 2187 1185 2291 bagoariam,
1221 2193 1257 2259 et
1289 2187 1420 2259 donata
1445 2188 1659 2259 monasterio
1685 2186 1839 2278 (topi-ry-

284 2312 466 2383 wnicz'ensi
492 2330 557 2401 ρετ
582 2300 821 2382 Nicolaum
849 2309 1009 2380 comitem
1027 2308 1072 2379 dc
1098 2309 1303 2399 Bogoria
1329 2330 1399 2380 non
1425 2308 1461 2379 in
1480 2315 1571 2398 toto,
1597 2308 1713 2380 sedin
1731 2313 1840 2380 sorte.

285 2432 383 2504 Alias
409 2436 523 2503 autem
541 2438 655 2502 sortes
672 2430 823 2501 eiusdem
852 2430 965 2519 villae„
992 2429 1218 2502 Nicolaus
1244 2430 1391 2502 abbasa
1413 2428 1598 2501 Vicbna
1624 2429 1668 2502 de
1686 2428 1840 2502 S'trae

284 2555 480 2625 zowicze
507 2573 571 2641 pro
598 2550 860 2643 quadringentis
887 2552 1013 2622 marcis
1038 2572 1238 2641 grossorum
1267 2552 1363 2622 1385
1392 2552 1487 2622 emit.
1514 2549 1630 2622 Habet
1656 2557 1773 2622 antem
1802 2551 1840 2621 in
1923 2592 1930 2599 -

285 2694 323 2744 se
349 2672 514 2745 tredecim
542 2673 662 2744 laneos
689 2672 933 2762 cmetbonales,
960 2680 998 2744 et
1024 2673 1171 2763 quilibet
1197 2672 1303 2743 solvit
1329 2671 1478 2743 mediam
1499 2691 1650 2743 marcam
1676 2692 1742 2763 pro
1758 2692 1839 2743 cen-

150 2842 152 2846 ·
284 2816 335 2885 su,
363 2797 444 2866 item
472 2816 548 2884 ova3
574 2795 657 2865 item
686 2792 852 2865 decimam
880 2794 1130 2884 manipularem
1158 2793 1298 2866 solvunt
1316 2814 1436 2864 omnes
1461 2793 1628 2864 tredecim
1649 2792 1747 2864 lanei
1764 2812 1840 2865 mo

285 2918 438 2989 neuterio
465 2915 792 3006 Goprzywniczensi,
820 2921 856 2986 et
882 2915 1034 3004 propriis
1061 2915 1221 2987 curribus
1248 2935 1323 2985 eam
1351 2913 1559 3003 conducunt,
1584 2920 1621 2985 et
1647 2914 1747 2986 valor
1763 2914 1841 2993 eius

285 3038 488 3110 aestimatur
509 3036 554 3108 ad
579 3035 747 3108 tredecim
776 3056 918 3108 marcas.
945 3036 1032 3107 Item
1061 3009 1237 3107 tabernae.
1273 3036 1412 3107 Donata
1439 3036 1651 3107 monasterio
1676 3055 1741 3125 per
1768 3033 1841 3105 Ni·
1908 3056 1912 3071 ·

284 3158 461 3231 culeum
489 3159 649 3230 comitem
677 3157 907 3229 fundatorem:
931 3156 1094 3237 &alluat
1120 3176 1197 3227 oum
1216 3211 1332 3227 .....
1738 3237 1747 3247 ,

388 3278 608 3369 anrcznm,
634 3278 717 3349 villa
743 3279 808 3349 sub
835 3279 1000 3367 parocbia
1027 3278 1194 3349 ecclesiae
1229 3278 1265 3348 in
1293 3275 1661 3369 Goprzywnicaa
1687 3278 1774 3366 sita,
1802 3281 1841 3348 et

283 3422 347 3492 per
382 3400 623 3471 Nicolaum
660 3400 821 3470 comitem
854 3398 897 3468 de
925 3398 1130 3489 Bogoria
1164 3399 1294 3471 donata
1329 3399 1548 3470 monasterio.
1592 3398 1632 3468 In
1660 3418 1730 3488 qua
1755 3403 1841 3469 aunt

284 3523 401 3593 decem
428 3530 465 3593 et
492 3528 571 3592 octo
597 3520 688 3592 lanei
716 3519 968 3610 emethonales‚
1004 3526 1044 3590 'et
1071 3519 1217 3611 quilibet
1242 3519 1348 3590 solvit
1372 3539 1436 3609 per
1463 3539 1586 3591 novem
1614 3525 1748 3589 scottos
1773 3539 1841 3609 pro

285 3664 407 3732 censu,
443 3640 525 3712 item
553 3662 637 3731 ova,
672 3641 755 3711 item
784 3622 913 3729 caseos,
940 3640 1024 3710 item
1050 3638 1171 3729 gallos.
1220 3639 1307 3710 Item
1344 3638 1477 3711 decima
1504 3639 1729 3729 manipularis
1755 3645 1839 3729 post

284 3762 460 3854 praelatos
486 3762 605 3833 laneos
631 3761 779 3832 solvitur
799 3761 969 3851 episcopo
995 3759 1228 3848 cracoviensi,
1256 3760 1525 3831 et'conducitur
1551 3756 1704 3850 propriis
1726 3761 1840 3831 curri·

126 3944 136 3961 .
269 3885 350 3955 bus
377 3902 441 3973 per
466 3882 675 3969 cmethonea
703 3888 740 3951 et
765 3879 863 3952 valor
889 3881 964 3952 eius
991 3881 1035 3950 ad
1063 3879 1179 3952 decem
1208 3887 1245 3951 et
1271 3887 1350 3951 octo
1369 3900 1504 3952 marcas
1526 3881 1840 3979 aestimatorum

285 4010 368 4074 nata
394 4002 605 4072 monasterio
632 4000 964 4091 per-Nicolaum
991 4001 1152 4071 comitem
1179 4000 1398 4072 fundatorem
1425 4001 1470 4072 de
1497 3976 1841 4092 Bogoriafflnae

136 4148 139 4153 ·
285 4130 400 4196 autem
437 4129 556 4214 partes
592 4122 742 4193 donatae
777 4127 859 4193 sunt
894 4121 1105 4193 monasterio
1140 4141 1204 4211 per
1243 4121 1539 4193 Vladislaum
1579 4121 1840 4194 Secundum

284 4245 451 4317 Poloniae
477 4265 604 4334 regem.
631 4242 793 4316 molinet
820 4240 897 4313 cum
924 4242 1017 4314 villis
1036 4296 1152 4313 .....
1301 4336 1304 4345 Ι

380 4366 578 4455 'Luazrna,
606 4364 689 4436 villa
707 4364 846 4435 ¹babens
873 4364 974 4435 inse
1001 4363 1182 4434 ecclesiam
1200 4362 1434 4453 parochialem
1459 4364 1618 4454 ligneam,
1644 4384 1747 4456 quam
1766 4385 1841 4435 mo

285 4489 437 4560 austerio
463 4486 783 4578 Goprzyuniczensi
813 4485 1034 4557 Nicolaus
1071 4505 1186 4556 comes
1213 4484 1258 4555 de
1284 4484 1490 4575 Bogoria
1525 4486 1739 4577 contulerat,
1776 4486 1842 4558 aed

286 4611 368 4682 vill'a
394 4610 470 4699 ipsa
496 4608 647 4707 alienata
673 4615 728 4679 est
754 4628 776 4677 a
803 4606 1012 4678 monasterio
1039 4605 1378 4698 Goprzyuiniczensi‚
1414 4612 1452 4676 et
1477 4607 1618 4677 transiit
1643 4607 1679 4678 in
1707 4613 1839 4678 sortem

285 4731 487 4818 militarem,
524 4735 560 4799 et
586 4728 742 4818 possidet
777 4746 851 4798 cam
880 4748 971 4799 nunc
1008 4727 1172 4799 Nicolaus
1199 4726 1468 4819 Winarslry,
1505 4728 1631 4798 nobilis
1666 4727 1843 4800 dedomo

286 4848 531 4938 labarum,
568 4868 631 4920 nec
656 4848 861 4937 simpliciter
887 4854 924 4917 et
950 4847 1125 4921 inutiliter
1159 4847 1312 4920 alienata
1337 4852 1411 4938 est,
1446 4848 1508 4919 sed
1540 4849 1715 4937 provilla
1741 4849 1839 4921 0τί-

286 4972 441 5040 saic'za
468 4971 678 5040 monasterio
697 4968 1017 5060 Goprzywniczensi
1044 4969 1155 5058 magis
1173 4969 1377 5060 propinqua,
1405 4970 1584 5059 magisque
1610 4970 1842 5059 commodoaa,

286 5089 445 5161 cambita
489 5090 628 5160 Donata
654 5091 867 5161 monasterio
895 5109 958 5180 per
985 5087 1224 5160 Nicolaum
1257 5090 1416 5161 comitem
1443 5088 1662 5162 fundatorem
1690 5090 1735 5162 de
1761 5092 1825 5162 Bo

286 5211 430 5299 geria.

392 5330 671 5419 Knonrnmcze²
711 5330 794 5402 villa
811 5332 886 5401 sub
912 5330 1078 5421 parocbia
1104 5332 1148 5403 de
1174 5328 1422 5405 Goszlioze
1448 5335 1533 5423 sita,
1559 5335 1658 5405 cuins
1682 5336 1843 5426 proprie·

287 5460 344 5523 tas
380 5453 423 5523 ad
451 5451 698 5533 monasterium
733 5450 1059 5549 (loprzywniczense
1094 5454 1255 5542 pertinet.
1299 5454 1339 5525 ln
1376 5475 1444 5545 qua
1478 5458 1577 5527 sunt‘
1596 5477 1719 5527 novem
1748 5455 1843 5528 lanei
1925 5508 1932 5518 ,

287 5571 530 5662 ernetbouales,
556 5578 593 5643 et
614 5571 766 5663 'quilibet
791 5572 895 5642 soluit
935 5593 998 5663 pro
1034 5593 1139 5644 censu
1176 5575 1238 5645 sed
1265 5576 1380 5664 varie3
1416 5597 1494 5647 nam
1531 5577 1575 5647 de
1601 5576 1737 5649 dnobus
1762 5598 1843 5650 cum

288 5686 401 5795 medio
428 5692 538 5764 laneis
573 5693 677 5765 datur
713 5714 846 5784 marca,
882 5695 963 5763 item
992 5694 1035 5765 de
1062 5695 1176 5767 tribus
1212 5716 1275 5785 per
1301 5697 1448 5769 mediam
1476 5704 1645 5788 marcam,
1684 5700 1771 5770 item
1787 5699 1844 5770 ¹de

288 5814 366 5887 aliis
392 5814 507 5886 tribus
533 5832 596 5905 ρετ
622 5819 695 5885 tres
721 5815 884 5886 fertones.
929 5814 1016 5885 Item
1044 5816 1189 5906 quilibet
1223 5823 1362 5888 tenetur
1398 5838 1457 5887 sex
1485 5818 1611 5888 choros
1646 5838 1778 5890 avenae
1805 5827 1840 5890 et

288 5944 361 6008 tres
370 5914 546 6037 ffll'ginis.
590 5934 677 6007 Item
714 5935 881 6007 ducturas
916 5934 1048 6008 iaciunt
1083 5937 1258 6008 ordinarie
1294 5939 1424 6028 absque
1464 5937 1531 6009 die.
1578 5939 1663 6009 ltem
1690 5960 1842 6029 capones

289 6040 568 6149 quatuorpl'item
595 6076 661 6127 ova
689 6057 830 6147 viginti,
868 6059 951 6128 item
978 6078 1084 6128 unum
1111 6078 1266 6146 caseurn,
1303 6058 1384 6127 item
1414 6057 1550 6129 laborat
1576 6058 1722 6149 quilibet
1748 6059 1842 6131 diem

222 6196 249 6275 ff
290 6201 393 6251 unum
420 6178 457 6249 in
482 6178 676 6269 septimana
710 6179 852 6268 proprio
887 6198 991 6249 curru
1027 6185 1088 6248 aut
1114 6183 1241 6247 aratro.
1285 6178 1371 6248 ltem
1398 6178 1542 6274 pisendo
1578 6179 1667 6249 alias
1702 6179 1839 6269 digeria

290 6302 461 6371 seminant
487 6304 523 6371 et
549 6299 736 6390 disponunt
771 6320 835 6389 pra
862 6314 945 6405 vere
980 6305 1017 6369 et
1043 6300 1175 6388 hyeme.
1219 6299 1306 6367 ltem
1341 6301 1510 6371 tabernae
1545 6300 1634 6372 duae
1669 6301 1840 6372 babentes

829 6420 896 6489 ..ᾖ
