4217 8059
1740 1515 1814 1589 319

267 1743 385 1797 omnes
411 1723 487 1812 agri
514 1722 616 1793 villae
643 1723 782 1794 solvunt
808 1729 846 1795 et
872 1722 1067 1795 conducunt
1084 1723 1251 1794 decimam
1271 1722 1518 1812 manipularem
1545 1728 1583 1795 et
1608 1638 1816 1835 calliapalem,

267 1844 327 1915 sed
355 1845 460 1932 varia
486 1866 566 1915 nam
594 1844 704 1915 maior
730 1864 812 1934 pars
839 1843 942 1915 villae
968 1844 1074 1915 solvit
1093 1865 1168 1916 eam
1186 1843 1353 1915 ecclesiae
1371 1843 1560 1933 parochiali
1588 1845 1623 1915 in
1651 1843 1817 1934 Pnyow

267 1987 309 2037 ex
336 1965 523 2036 donatione
549 1965 756 2056 episcopali,
792 1972 828 2037 et
853 1964 952 2037 vulor
978 1965 1052 2036 eius
1089 1966 1295 2037 aestimatur
1322 1964 1367 2035 nd
1394 1965 1544 2055 quinque
1570 1986 1720 2052 marcas,
1747 1963 1817 2035 alia

189 2182 193 2189 .
268 2087 373 2158 solvit
400 2107 474 2157 eam
502 2086 668 2158 ecclesiae
694 2086 730 2157 in
758 2084 962 2175 Midlonr,
989 2091 1026 2158 st
1051 2086 1151 2159 rulur
1176 2074 1252 2159 ei'us
1278 2085 1323 2157 ad
1350 2089 1423 2157 tres
1450 2105 1594 2174 marcas,
1620 2085 1726 2157 tertia
1747 2084 1847 2163 sol·,

268 2207 420 2277 viteam
447 2207 613 2278 ecclesiae
640 2207 675 2277 in
701 2206 1018 2296 lenissime,
1055 2200 1384 2309 quae··.]aestimatur
1409 2206 1452 2279 ad
1480 2207 1567 2287 duas
1593 2226 1746 2294 marcas,
1779 2210 1818 2277 et

268 2333 391 2416 quarta
417 2327 583 2399 ecclesiae
609 2327 644 2398 in
672 2327 830 2399 Rndno
858 2334 947 2418 qnae
973 2318 1181 2401 aestimatul*
1196 2326 1242 2399 ad
1259 2348 1361 2399 uuam
1381 2347 1541 2399 marcam.
1567 2327 1673 2399 latam
1700 2325 1817 2397 villam

267 2453 366 2520 tenet
393 2470 482 2519 nnnc
509 2448 780 2521 Stanislaus
816 2454 853 2521 et
888 2446 1154 2523 Bernartius
1182 2447 1225 2520 de
1245 2448 1353 2521 'domo
1379 2447 1551 2521 Janina
1576 2455 1612 2520 et
1637 2448 1817 2534 asseritur,

268 2568 360 2658 quod
387 2590 463 2641 eam
492 2552 771 2642 sanctimoniales
806 2570 1035 2643 donaverunt.
1061 2591 1124 2661 pro
1152 2570 1313 2660 servitio,
1340 2576 1377 2643 et
1402 2591 1425 2640 a
1451 2568 1663 2641 monasterio
1697 2568 1818 2640 illicite

269 2690 523 2763 alienaverunt.
551 2691 711 2763 Oonhnat
738 2712 815 2762 cum
842 2690 934 2762 villis
960 2690 1187 2780 Duronin,
1215 2690 1581 2764 Schawlowicze.

375 2808 636 2901 Konrnnnmn,
662 2820 738 2884 erat
764 2812 937 2903 quondam
965 2812 1048 2884 villa
1074 2813 1274 2884 monasterii
1293 2812 1412 2884 Sancti
1430 2812 1602 2902 Andreae,
1629 2831 1721 2883 nnnc
1737 2830 1821 2881 vero

271 2931 354 3003 villa
380 2932 533 3022 prasina
553 2932 618 3005 suh
638 2933 801 3022 parochia
827 2933 993 3005 ecclesiae
1013 2932 1131 3017 Sancti
1148 2932 1311 3005 Pauli-in
1339 2933 1500 3006 Veteri
1526 2931 1821 3005 Sandomiria

269 3044 472 3143 consistens'
499 3053 642 3125 redacta
667 3061 723 3126 est
749 3055 788 3145 in,
812 3054 955 3144 praedia
982 3055 1109 3126 civium
1122 3054 1472 3145 ‚Sandomirieusium
1498 3060 1542 3126 et·
1559 3054 1729 3126 incautum
1756 3058 1818 3141 eat·

270 3178 373 3264 atque
409 3194 530 3264 parum
567 3181 704 3263 notum,
740 3175 892 3266 qualiter
927 3175 1010 3247 villa
1041 3174 1199 3265 praefatu
1225 3197 1248 3246 a
1274 3177 1485 3260 monasterio
1510 3173 1630 3247 Sancti
1657 3173 1817 3245 Andreae

269 3296 509 3403 emmanuet
535 3295 689 3368 alienata
714 3305 778 3368 est.
804 3295 893 3381 Sunt
919 3301 1035 3369 autem
1063 3297 1099 3369 in
1126 3296 1208 3368 villa
1236 3296 1393 3386 praelata
1411 3295 1576 3368 tredecim
1594 3298 1657 3367 ant
1673 3282 1818 3385 quinde-

268 3417 333 3487 cim
361 3416 452 3488 lanei
480 3418 578 3489 iuxta
604 3417 880 3489 aestimationem
907 3418 996 3508 largi
1023 3424 1060 3489 et
1086 3418 1168 3507 lati,
1195 3418 1326 3509 qniab
1353 3417 1535 3509 oppidanis
1562 3415 1818 3489 Sandomirien·

269 3537 364 3613 sibus
392 3538 445 3608 vel
472 3537 642 3627 coluntur,
670 3538 724 3609 rel
751 3539 929 3610 annuatim
957 3538 1132 3628 locantur,
1167 3545 1205 3610 et
1231 3539 1352 3611 lausus
1378 3537 1643 3621 locatussolrit
1669 3535 1818 3608 sedecim

267 3679 417 3749 grossos.
462 3660 552 3735 Item·
584 3659 676 3731 lanei
711 3659 858 3751 praefati
893 3659 1035 3733 solvunt
1069 3666 1106 3732 et
1132 3659 1329 3732 conducunt
1365 3659 1531 3731 decimam
1567 3657 1818 3747 manipularem

152 3870 156 3874 Ι
268 3779 506 3851 tantummodo
533 3772 752 3871 praebendae
778 3781 1060 3869 Sandopiririeusi,
1087 3802 1175 3871 quae
1200 3781 1330 3854 dicitur
1347 3779 1640 3871 Kohyerniczslm,
1667 3777 1820 3850 claudor

269 3901 350 3983 eins¹
371 3901 576 3974 aestimatur
602 3902 646 3973 ad
673 3902 797 3993 viginti
825 3908 975 3992 quatuor
1001 3922 1147 3991 marcas,
1173 3903 1340 3989 decimam
1363 3909 1490 4007 auten
1505 3902 1629 3993 canapi
1655 3921 1724 3973 non
1751 3896 1820 3973 sol·
1933 3880 1946 3909 ’

270 4028 364 4094 runt
391 4022 478 4093 ltam
506 4044 574 4094 non
602 4028 683 4094 suut
708 4023 885 4113 tabernae,
913 4045 1024 4114 neque
1052 4014 1282 4097 hortulaniae.
1309 4023 1396 4095 ltem
1415 4026 1469 4095 est
1484 4022 1535 4094 ibi
1561 4021 1704 4112 piscina
1729 4020 1819 4091 ltem

269 4143 343 4215 dies
370 4165 438 4215 non
465 4143 635 4231 laborant,
661 4143 782 4233 gallos,
809 4165 884 4241 ova,
913 4166 1042 4234 caseos,
1070 4169 1208 4241 ossayep
1224 4167 1295 4217 non
1315 4124 1466 4232 solvunt}
1492 4143 1554 4214 sed
1581 4140 1818 4223 tantummodo

270 4264 415 4355 quilibet
440 4265 484 4337 de
510 4265 610 4336 laneo
637 4269 777 4336 tenetur
803 4285 868 4354 pro
895 4265 985 4337 festo
1009 4264 1212 4337 Nativitatia
1230 4265 1371 4353 Christi,
1396 4270 1471 4336 tres
1498 4284 1621 4336 currus
1646 4262 1819 4352 lignorum
1961 4322 1965 4330 ,

271 4386 314 4457 ud
340 4387 555 4476 praetorium
583 4368 862 4459 Sarrdomiriense
888 4386 1070 4459 adducere.
1096 4386 1257 4460 &uiuat
1283 4406 1360 4461 curu
1380 4438 1495 4456 .....

316 4558 321 4567 -
374 4508 677 4613 L'unauowrczrq
704 4507 787 4579 villa
814 4510 878 4580 suh
895 4508 1072 4598 parochia
1096 4508 1269 4581 ecclesiae.
1289 4507 1333 4579 de
1359 4506 1514 4598 llygye
1541 4513 1578 4578 et
1603 4524 1667 4595 per
1692 4503 1817 4577 Bole-

271 4627 660 4699 slaumPudicum
688 4627 808 4701 ducem
835 4635 872 4700 et
898 4629 1120 4701 monarcham
1146 4629 1245 4719 regni
1263 4627 1430 4699 Poloniae
1455 4627 1667 4699 monasterio
1692 4625 1820 4697 sancti

269 4749 468 4821 monialium
496 4748 614 4822 Sancti
641 4748 803 4821 Andreae
830 4748 967 4821 donata
1011 4749 1051 4820 lu
1079 4770 1148 4841 qua
1174 4757 1256 4821 sunt
1289 4748 1414 4838 viginti
1448 4747 1542 4819 lanei
1564 4746 1819 4836 'emetbunalsq

214 4907 219 4917 ,
269 4877 306 4942 et
333 4870 479 4960 quilibet
514 4870 556 4941 de
584 4870 683 4941 laneo
719 4870 824 4943 solvit
860 4891 924 4960 pro
950 4892 1055 4942 censu
1092 4892 1197 4943 nuum
1228 4860 1398 4944 fertonem
1434 4868 1583 4941 latorum
1609 4888 1821 4958 grossorum,
1944 4972 1946 4977 Ι

269 4994 349 5062 item
380 5013 445 5064 ova
473 4991 721 5082 quadraginta,
748 4992 831 5064 item
857 4991 968 5082 gallos
995 4998 1163 5082 quatuor,
1198 4992 1281 5065 item
1309 4998 1429 5064 caseos
1455 5010 1525 5062 nou
1552 4989 1710 5079 solvunt,
1735 4988 1820 5061 item

265 5111 446 5207 pomodaeam
473 5135 542 5184 nou
570 5112 739 5185 laborant.
783 5112 869 5184 Item
898 5119 979 5184 suut
1005 5112 1095 5185 duae
1120 5113 1313 5203 tabernae‚.
1342 5132 1431 5204 quae
1457 5113 1588 5185 habent
1619 5130 1759 5202 campos
1786 5118 1822 5182 et

269 5239 380 5322 prata,
407 5239 443 5305 et
468 5234 643 5325 quaelihet
669 5233 775 5306 solvit
800 5255 903 5305 unam
931 5254 1082 5305 marcam
1109 5254 1174 5325 pro
1200 5236 1315 5311 censu,
1359 5233 1448 5307 Item
1466 5232 1565 5305 duae
1590 5230 1822 5321 hortulanum,

270 5355 446 5444 quaelihet
471 5355 590 5427 solvit·
603 5375 707 5426 unum
734 5354 913 5446 fertonem,
940 5332 1022 5427 item
1041 5376 1145 5437 unam
1173 5355 1264 5427 diem
1282 5355 1318 5427 in
1336 5356 1532 5449 septimana
1557 5355 1703 5427 laborat.
1731 5354 1819 5425 Item

269 5483 323 5547 est
349 5465 529 5564 praedium
556 5477 773 5565 coenobiale,
809 5475 852 5548 de
880 5477 978 5548 cuius
1004 5476 1100 5568 agris
1127 5477 1407 5581 sanctimoniales
1426 5477 1528 5549 nulli
1565 5475 1704 5547 solvunt
1726 5474 1819 5545 deci-

267 5617 368 5684 mam,
394 5598 454 5668 sed
482 5618 557 5669 eum
583 5597 678 5670 solae
705 5597 910 5689 percipiunt,
937 5604 973 5670 et
1000 5599 1035 5669 in
1063 5576 1352 5671 harmoniarum
1370 5596 1555 5671 'inducunt
1582 5594 1671 5668 Item
1697 5614 1816 5667 omnes

269 5718 345 5807 agri
373 5718 606 5790 emethonales
633 5718 772 5790 solvunt
800 5719 966 5790 decimam
994 5719 1267 5810 manipularem·
1280 5725 1317 5790 et
1343 5738 1407 5809 per
1433 5724 1584 5808 quatuor
1610 5718 1748 5807 ierngas
1765 5734 1821 5795 ca·

269 5839 438 5928 napalem,
465 5839 692 5925 scholastriae
719 5838 936 5929 Kielcziensi,
963 5845 999 5911 et
1025 5845 1189 5911 tenentur
1214 5839 1309 5911 illam
1337 5839 1488 5930 propriis
1514 5838 1674 5911 curribus
1691 5837 1819 5917 ducere

268 5960 304 6029 in
332 5960 495 6031 homeunn
523 5981 545 6031 a
571 5961 778 6033 scholastico
800 5959 992 6048 locandum,
1020 5967 1057 6032 et
1084 5961 1182 6032 valor
1198 5962 1274 6033 eius
1301 5962 1505 6033 aestimatur
1522 5959 1566 6031 ad
1586 5960 1709 6050 viginti
1726 5978 1820 6031 mar·

269 6100 336 6150 cas
363 6079 449 6150 ltem
477 6080 615 6152 labores
642 6082 886 6172 septimanales
911 6102 980 6153 non
1007 6080 1150 6170 faciunt,
1177 6083 1238 6153 aed
1265 6079 1424 6178 iatrapay
1449 6087 1552 6153 arant
1567 6085 1606 6153 et
1623 6080 1819 6171 disponunt

144 6272 149 6283 ,
269 6198 430 6271 Confluat
458 6221 534 6273 cunr
562 6186 980 6292 rillisSlrowrodno,
1007 6201 1359 6292 Pyandziczow‚
1385 6201 1704 6293 Kopporinya.
1783 6266 1789 6275 .

372 6320 629 6423 wedunam,
656 6321 740 6393 villa
767 6324 831 6397 suh
857 6322 1025 6417 piruchia
1051 6321 1216 6394 ecclesiae
1241 6322 1285 6394 de
1311 6320 1559 6394 Goszlicze
1585 6322 1664 6411 sita,
1690 6326 1737 6395 eb
1752 6324 1817 6413 'per

269 6440 534 6517 Boleslaum
570 6441 788 6516 Pudicum
825 6432 1117 6555 ¹rfiqniPoloniae
1144 6440 1266 6514 ducem
1293 6445 1329 6514 et
1354 6442 1577 6517 monarcham
1608 6442 1819 6531 monasterio

898 6618 947 6693 θ
