4217 8059
1734 1480 1841 1595 101·¹
1871 1498 1876 1511 '

259 1719 394 1793 Donin
420 1720 543 1793 decani
570 1720 829 1814 (ascovicnsia,
856 1723 956 1797 Sedis
984 1672 1209 1816 Apostolicae
1237 1728 1487 1817 protonotarii,
1519 1730 1618 1818 regni
1644 1726 1810 1805 Poloniae

260 1842 544 1915 vicamncellarii.
571 1842 710 1916 Relatio
735 1845 889 1917 eiusdem
912 1846 1042 1918 domini
1056 1847 1247 1919 Alberti
1274 1849 1427 1947 episcopi
1445 1848 1684 1921 cracoviensis
1711 1850 1809 1939 regni

258 1961 424 2036 Poloniac
449 1964 657 2036 cancellarii.
1795 1972 1798 1977 '

764 2478 1303 2593 canizanowvcza,

290 2713 835 2813 quamummonasterlum.
853 2712 1013 2793 ordinis
1047 2712 1481 2796 Prasmonstratensis
1514 2720 1553 2797 in
1587 2716 1777 2800 dioecesi

892 2848 1185 2933 cracoviensi.
1735 2842 1740 2855 ’

294 3096 297 3101 ·
363 3066 611 3141 B'oleslaus
638 3070 708 3142 dux
728 3066 978 3161 Oracovien'sis,
1004 3054 1303 3164 Sandomiriensis,
1330 3073 1559 3166 Syradiensis,
1577 3075 1811 3149 Lanciciensis

259 3196 296 3262 et
319 3190 421 3281 regni
447 3189 613 3263 Poloniae
638 3191 845 3283 monarcha,
880 3192 1049 3283 religione
1082 3200 1117 3264 et
1143 3194 1207 3264 alti
1235 3195 1412 3284 sangvinis
1448 3196 1630 3268 nobilitate
1665 3196 1811 3288 fulgens,

258 3311 373 3413 mnam
400 3316 435 3382 et
455 3299 623 3383 ‘ardorem
650 3318 792 3385 sanctae
818 3312 976 3384 caritatis
992 3320 1038 3413 'et
1065 3313 1279 3404 devotionis,
1315 3336 1415 3405 quem
1443 3314 1494 3386 illi
1521 3315 1810 3390 clementissimus

254 3430 427 3504 Dominus
454 3433 497 3504 de
524 3452 588 3504 sua
613 3434 753 3524 speciali
781 3434 994 3537 benignitate
1021 3434 1205 3526 infuderat,
1231 3457 1300 3508 non
1328 3436 1447 3519 valens
1474 3442 1671 3529 contegere,
1698 3457 1810 3529 neque

259 3552 435 3657 lucarnam
461 3555 516 3627 sui
541 3556 695 3645 pectoris
722 3548 935 3628 abscondere
962 3556 1026 3627 sub
1053 3556 1177 3648 modio,
1206 3557 1268 3629 sed
1294 3577 1358 3647 per
1384 3564 1504 3630 sancta
1531 3578 1638 3649 opera
1663 3559 1811 3630 caeteris

260 3672 377 3746 lamen
402 3674 643 3766 praebiturus,
679 3675 714 3745 in
741 3665 960 3747 haereditate
991 3676 1028 3748 et
1054 3677 1137 3748 villa
1164 3696 1228 3750 sua
1250 3676 1376 3767 ,ducali
1412 3676 1811 3772 Orzyzanovycze

230 3780 404 3867 ¹fundare
429 3796 467 3867 in
494 3795 645 3869 animum
672 3794 806 3868 inducit
832 3796 1144 3870 sanctimonialium
1166 3798 1314 3888 domurn,
1341 3798 1384 3869 de
1403 3798 1524 3870 ordine
1553 3790 1811 3891 praemonstra-

258 3917 366 4006 tensi,¹
387 3916 454 3988 sub
479 3916 601 4007 regula
628 3914 745 3988 Sancti
772 3915 971 4008 Augustini,
997 3924 1033 3990 ct
1059 3918 1187 4009 templo
1214 3918 1446 4009 pulcherrimo
1473 3939 1516 3991 ex
1542 3929 1645 4011 petra
1671 3919 1750 3991 alba
1775 3908 1812 3991 ¹et

266 4036 400 4133 quadro
426 4035 560 4128 lapide,
601 4037 672 4108 suis
699 4037 893 4128 sumptibus
919 4036 1119 4129 fabrefacto,
1144 4038 1391 4145 monasterium
1419 4039 1729 4112 sanctimonialium
1757 4056 1813 4111 or-

262 4156 353 4229 dinis
388 4156 746 4230 Praemonstratensia
782 4159 817 4229 in
844 4159 1003 4249 praelata
1038 4157 1123 4230 villa
1157 4158 1569 4252 Orzyzanowyczc3
1605 4161 1649 4233 ad
1684 4160 1814 4233 iluent'a

150 4296 153 4303 ·
220 4342 223 4348 .
259 4277 411 4355 fluminis
437 4277 587 4350 Nidae·
608 4272 687 4368 sita
714 4299 805 4350 anno
832 4278 971 4350 Domini
994 4282 1102 4351 1254.
1130 4283 1255 4370 quarto
1283 4280 1445 4352 calendas
1471 4280 1568 4351 lunii
1594 4282 1748 4354 instituit
1774 4288 1811 4352 et

259 4398 392 4491 tundat,
418 4400 519 4491 eique
545 4400 582 4472 in'
609 4399 725 4471 dotem
753 4400 900 4489 primum
928 4398 1119 4490 praefatam
1147 4399 1263 4472 villam
1300 4400 1581 4494 Grzyzanow
1594 4402 1709 4492 icae,
1736 4421 1812 4473 curn

261 4521 393 4611 optimo
419 4528 456 4592 et
481 4521 637 4612 spatioso
664 4518 809 4611 praedio
835 4527 872 4591 et
898 4520 1094 4592 molendino
1120 4520 1323 4592 influmine
1350 4521 1468 4592 Nida
1494 4523 1699 4612 constituto,
1726 4523 1811 4593 item

263 4642 364 4715 villas
391 4640 681 4734 cinnanos,
702 4641 901 4734 subpo,
936 4640 1173 4731 Kowalye,
1200 4640 1485 4731 Les-znycza‚
1512 4640 1710 4734 Gonary,
1737 4640 1812 4713 (lo-

262 4760 1814 4861 bylnilry‚Saolnilr,WclyaGrochowskavayeborovvicze,Kostra‚
1894 4858 1897 4863 Ι
1985 4774 1988 4783 “

262 4866 701 4979 Byarnathovvicze,
728 4885 984 4974 Junovidz,
1010 4876 1383 4975 Umyanovvicze,
1411 4890 1633 4975 caeterosque
1651 4883 1814 4956 introitus

262 5010 425 5100 sosimas„
453 5008 672 5098 virginesque
698 5006 976 5079 sanctimoniales
1002 5024 1045 5076 ex
1072 5005 1224 5077 claustro
1251 5004 1550 5077 Strzelnensi
1586 5010 1751 5095 sumptas,
1778 5005 1814 5075 in

262 5130 431 5221 perpetua
457 5129 658 5219 virginitate
676 5127 825 5200 Domino
852 5128 940 5199 coeli
965 5126 1206 5215 famulaturus
1232 5126 1435 5215 introduxit,
1464 5146 1553 5218 quae
1579 5127 1725 5218 singulis
1743 5126 1816 5197 die·

261 5252 328 5324 bus
353 5251 473 5323 landes
499 5230 649 5321 Domino
676 5254 851 5351 canerent
877 5248 1100 5340 singulasque
1127 5246 1232 5318 horas
1259 5253 1446 5319 nocturnas
1473 5248 1608 5338 pariter
1626 5255 1662 5319 et
1681 5247 1815 5319 diutur-

262 5390 326 5444 nas
352 5373 540 5462 explerent.
585 5366 946 5467 Aedificpvlt'agdtnpro
973 5369 1168 5460 virginibus
1195 5367 1326 5440 Christi
1353 5388 1459 5441 unum
1487 5368 1710 5458 domicilium,
1738 5389 1814 5440 cum

261 5492 470 5566 necessariis
497 5468 996 5591 officiniaffipusbldtttura
1022 5490 1139 5582 sepsit.
1166 5488 1372 5561 Aedificavit
1398 5496 1434 5561 et
1460 5509 1524 5578 pro
1550 5490 1751 5580 praeposito
1778 5495 1815 5560 et

263 5634 328 5705 pro
355 5600 1244 5715 iratribuseiusdml'ordinis'=³²]1’raemonstratcnsis
1271 5611 1383 5701 aliud,
1412 5610 1469 5701 qui
1497 5616 1534 5680 et
1561 5632 1635 5682 rem
1663 5611 1816 5682 divinam

264 5736 456 5828 explerent
482 5742 519 5809 et
544 5726 1165 5833 manuducimus-sanctimoniales
1193 5734 1228 5804 iu'
1256 5731 1494 5822 spiritualibus
1513 5738 1548 5802 et
1566 5722 1816 5823 temporalibus

265 5878 328 5929 sua
354 5858 501 5949 provida
535 5852 786 5949 gubernatione
818 5854 1121 5945 'administrarent3
1157 5853 1335 5926 ecclesiam
1372 5855 1475 5925 etiam
1512 5853 1743 5945 parochialem
1781 5851 1817 5923 in

264 5976 685 6072 Grayzanowycze,
713 5998 789 6049 cum
816 5977 889 6049 suis
908 5975 1132 6066 proventibus
1160 5983 1196 6047 et
1223 5975 1414 6046 animarum
1442 5996 1534 6064 cura,
1562 5974 1672 6045 eidem
1700 5992 1818 6045 mona·
1885 5970 1887 5975 ’

188 6170 191 6176 .
267 6101 376 6173 sterio
403 6101 496 6172 uniri
514 6108 551 6172 et
568 6101 784 6191 incorporari
802 6097 1010 6188 procuravit.
1042 6097 1191 6168 Duravit
1210 6104 1324 6167 autern
1353 6097 1598 6169 monasterium
1625 6093 1817 6186 praefatum

264 6223 302 6294 in
328 6220 739 6314 Grayszanowicze
766 6222 802 6291 in
829 6240 893 6292 sua
920 6219 1135 6309 proprietate
1155 6224 1191 6289 et
1207 6217 1419 6289 fundationis
1438 6218 1591 6288 essentia
1618 6218 1719 6289 annis
1738 6216 1818 6290 cen·

263 6350 339 6415 tum
359 6345 545 6434 sexaginta
571 6344 715 6434 duobus,
743 6348 779 6414 ct
796 6342 870 6441 sub·
879 6341 1079 6414 obedientia
1096 6339 1234 6410 abbatis
1252 6339 1369 6411 Sancti
1387 6338 1562 6411 Vincentii
1590 6339 1633 6410 de
1660 6336 1819 6412 Vrat'l-

265 6464 436 6554 slavia,
462 6464 618 6539 ciusdem
635 6463 769 6535 ordinis
787 6460 1143 6536 Prasmonstratensia
1160 6461 1252 6531 tanti
1268 6462 1435 6550 temporis
1458 6461 1573 6551 spatio
1591 6462 1815 6552 consistebat,
