4217 8059
1742 1491 1811 1565 109

267 1686 365 1756 cuins
391 1686 589 1777 proprietas
614 1686 659 1759 ad
686 1689 932 1761 monasterium
962 1688 1242 1783 Ymramoviense
1268 1692 1428 1781 pertinet.
1454 1692 1494 1764 In
1522 1715 1591 1784 qua
1617 1701 1698 1767 snut
1724 1680 1816 1769 lanei

266 1805 502 1879 emethonales
526 1813 566 1879 et
591 1808 738 1899 quilibet
763 1808 869 1881 solvit
885 1862 894 1879 .
911 1830 964 1899 .·.,
991 1810 1075 1882 item
1101 1831 1177 1901 ova,
1203 1812 1287 1882 item
1313 1813 1433 1901 gallos,
1459 1814 1542 1885 item
1569 1834 1705 1909 caseos,
1731 1817 1815 1889 ilem

253 1926 374 2017 labor,
399 1928 484 1998 item
510 1949 638 2023 ossyep,
664 1928 749 2031 item
767 1928 961 2023 powodoor,
988 1931 1071 2023 item
1098 1931 1284 2021 hortulani,
1310 1932 1394 2004 item
1420 1935 1597 2024 tabernae,
1615 1935 1697 2007 item
1714 1956 1816 2029 prue-

266 2047 371 2138 dinm,
397 2048 481 2119 item
507 2047 751 2121 molendinum.
777 2048 866 2121 Item
892 2057 974 2139 post
1000 2072 1120 2125 omnes
1146 2071 1250 2142 agros
1277 2053 1424 2125 solvitur
1449 2061 1486 2125 et
1502 2055 1706 2127 conducitur
1724 2056 1816 2129 deci-

266 2188 323 2237 ma
357 2169 586 2260 manipularis
621 2175 659 2240 et
692 2169 879 2261 canapalis.
916 2170 959 2241 ln
995 2178 1099 2243 terra-
1126 2171 1327 2261 Syrndiensi
1363 2179 1399 2244 et
1424 2173 1574 2247 dioecesi
1601 2173 1816 2265 Gneznensi3

265 2287 397 2361 donata
421 2309 487 2379 per
512 2288 698 2362 lrouem
723 2290 923 2381 episcopum
948 2290 1212 2363 cracoviensem
1239 2293 1449 2365 monasterio
1476 2294 1759 2369 Ymramoviensi.

368 2408 591 2500 Rsrnaorn,
618 2410 703 2482 villa
728 2412 793 2483 sub
819 2412 992 2501 parochia
1012 2413 1056 2483 de
1172 2415 1251 2502 sito,
1278 2414 1376 2485 cuius
1402 2417 1599 2505 proprietas
1626 2417 1670 2489 ad
1696 2438 1815 2491 mons·

264 2531 410 2601 sterium
435 2529 719 2602 Ymramoviense
746 2534 907 2621 pertinet.
942 2533 982 2603 In
1009 2555 1078 2622 qna
1104 2540 1185 2605 sunt
1210 2534 1302 2605 lanei
1329 2535 1581 2626 cmetlronales‚
1608 2543 1644 2609 et
1670 2538 1816 2628 quilibet

263 2650 370 2723 soluit
385 2704 394 2720 .
412 2705 420 2721 .
438 2704 466 2740 .,
492 2651 577 2723 item
604 2672 680 2741 ova,
706 2653 788 2723 item
815 2652 936 2742 gallos,
963 2654 1046 2725 item
1073 2674 1203 2743 osseos,
1229 2655 1312 2726 item
1340 2654 1448 2744 labor,
1475 2657 1558 2727 item
1586 2679 1712 2752 oseyep,
1730 2659 1815 2731 itam

257 2769 415 2865 modu,
441 2772 526 2843 item
552 2773 710 2861 taberna,
735 2773 818 2844 item
846 2773 1024 2845 hortulani
1047 2774 1132 2846 item
1150 2774 1350 2864 praedium3
1378 2775 1459 2845 item
1479 2782 1558 2866 post
1576 2797 1694 2849 omnes
1712 2798 1815 2866 agros
1907 2778 1909 2783 ’

263 2891 412 2993 solvitur
438 2898 475 2963 et
499 2884 704 2964 conducitur
729 2893 863 2964 decima
889 2894 1115 2983 manipularis
1142 2900 1178 2967 et
1205 2895 1435 2985 casopolis...

367 3009 650 3102 Gnonznczsrro,
675 3013 760 3085 villa
785 3015 850 3086 sub
876 3016 1043 3105 parochia
1067 3015 1192 3087 de...
1218 3017 1295 3104 sita
1322 3016 1420 3087 cuius
1447 3018 1645 3107 proprietas
1671 3018 1715 3090 ad
1742 3038 1815 3103 mp-

263 3134 454 3205 nusterium
482 3135 645 3223 pertinet
683 3134 725 3206 ln
751 3152 822 3225 qna
847 3141 929 3206 sunt
953 3136 1045 3207 lanei
1072 3136 1324 3226 emethonales,
1350 3142 1388 3208 et
1414 3137 1561 3226 quilibet
1587 3137 1692 3208 solvit
1709 3190 1716 3207 .
1735 3190 1744 3209 .
1762 3190 1771 3209 .
1788 3160 1816 3227 .;
1858 3131 1870 3139 ’

262 3253 347 3325 item
373 3274 449 3342 oua
477 3255 562 3326 itern
587 3254 718 3345 gallos,
745 3256 828 3325 item
855 3276 993 3344 caseos,
1023 3256 1107 3326 item
1134 3255 1250 3345 labor,
1278 3256 1361 3327 item
1387 3276 1523 3351 osayep,
1549 3257 1634 3328 item
1659 3255 1814 3350 minoda,

264 3375 347 3447 item
373 3376 540 3465 taberna,
567 3376 649 3447 item
677 3376 873 3465 nommant,
899 3377 982 3449 item
1010 3377 1208 3468 praedium,
1235 3377 1317 3448 item
1345 3376 1597 3465 molendinum,
1623 3377 1706 3448 item
1733 3384 1814 3467 post

148 3522 151 3527 ·
263 3512 383 3567 omnes
408 3514 514 3585 agros
540 3495 688 3568 solvitur
713 3502 751 3567 et
776 3496 982 3568 conducitur
1008 3497 1143 3568 decima
1166 3496 1393 3586 manipularis
1418 3503 1453 3567 et
1480 3496 1710 3586 canapalis...

377 3600 619 3706 susurrus,
654 3616 739 3688 villa
774 3618 838 3689 sub
873 3618 1041 3708 parochia
1075 3618 1242 3689 ecclesiae
1277 3617 1319 3688 de
1356 3617 1709 3689 Ymramowicze
1735 3618 1814 3707 sita

262 3738 361 3811 emus
386 3737 586 3828 proprietas
611 3737 656 3809 ad
683 3738 931 3810 monasterium
950 3739 992 3810 de
1011 3737 1369 3809 Ymramowicze
1396 3738 1558 3828 pertinet
1584 3738 1625 3851 ln
1644 3758 1712 3828 qua
1730 3743 1812 3809 sunt

264 3858 390 3947 viginti
416 3863 496 3929 octo
523 3857 615 3928 lanei
642 3858 884 3949 cmethonales,
911 3865 947 3930 et
974 3859 1130 3949 quilibet,
1148 3859 1253 3931 solvit
1279 3878 1343 3948 pro
1371 3878 1478 3929 censu
1503 3879 1608 3930 unum
1635 3857 1814 3947 fertonem,

263 3980 345 4049 item
381 3998 450 4051 oua
485 3979 627 4069 viginti,
654 3979 737 4051 item
772 3979 884 4068 gallos
918 3980 1026 4069 duos,
1052 3981 1134 4051 item
1170 4000 1276 4052 unum
1302 4000 1457 4068 caseum,
1485 3979 1566 4050 item
1593 3979 1755 4051 laborant
1779 3985 1816 4049 et
1931 4056 1933 4061 ,

263 4100 383 4173 colunt
408 4120 512 4190 agros
538 4099 735 4191 praediales
769 4102 991 4190 monasterii,
1018 4101 1184 4189 serendo,
1211 4101 1387 4189 metendo,
1414 4107 1451 4171 et
1477 4100 1716 4189 conducendo,
1742 4107 1814 4173 tam

261 4202 336 4311 pro'
353 4221 486 4312 hyeme,
512 4240 614 4310 quam
642 4241 706 4311 pro
732 4242 833 4310 vere3
858 4221 943 4292 item
970 4243 1087 4316 oseyep
1114 4222 1253 4293 solvunt
1278 4242 1339 4292 sex
1366 4221 1490 4291 choros
1516 4240 1647 4292 avenae
1674 4226 1710 4291 et
1727 4240 1811 4310 qna-
1951 4293 1954 4301 ,

261 4349 343 4413 tuor
368 4342 495 4415 odoros
519 4341 677 4431 siliginis,
703 4362 913 4413 mensurae.
932 4396 940 4413 .
958 4394 994 4413 ..
1019 4342 1107 4419 Item
1128 4340 1312 4435 poscebam
1339 4341 1499 4412 laborant
1526 4347 1718 4429 utramque,
1747 4360 1811 4431 pro

264 4464 387 4553 hyeme
421 4462 586 4535 videlieet
620 4468 657 4534 et
691 4484 756 4552 pro
790 4484 892 4551 vera3
928 4464 1011 4534 item
1044 4463 1192 4549 taberm
1218 4470 1272 4534 est
1297 4462 1347 4534 ibi
1373 4482 1443 4533 una
1469 4462 1601 4533 habens
1628 4479 1751 4550 agros,
1778 4467 1815 4533 et

263 4584 369 4656 solvit
393 4604 458 4674 pro
480 4604 590 4655 censo
605 4638 613 4655 .
630 4636 639 4654 .
657 4637 665 4653 .
683 4607 712 4673 .;
736 4585 820 4655 item
847 4583 1033 4673 hortulani,
1059 4584 1144 4654 item
1170 4582 1413 4655 molendinum.
1441 4578 1527 4653 Item
1555 4580 1734 4670 praedium
1760 4566 1820 4653 est¹

262 4706 314 4777 ibi
339 4726 444 4778 unum
471 4705 682 4793 coenobiale,
708 4705 752 4779 de
779 4707 878 4778 cuius
903 4706 999 4795 agris
1016 4705 1164 4776 solvitur
1191 4704 1322 4775 decimo
1341 4701 1566 4793 manipularis
1585 4722 1648 4792 pro
1667 4701 1815 4773 ecclesia
1895 4714 1912 4773 .·’·

264 4826 455 4918 parochiali
490 4828 527 4897 in
554 4824 912 4919 Gywsnowicze.
953 4826 1120 4899 Scoltetia
1138 4826 1235 4898 olim
1264 4831 1341 4897 erat
1366 4823 1498 4897 habens
1524 4824 1645 4895 laneos
1672 4830 1815 4913 septem,

263 4949 326 5021 sed
352 4950 574 5040 praepositus
601 4948 895 5021 Ymramosicnsis
921 4954 1081 5038 coempta
1107 4947 1275 5037 scoltetia,
1300 4945 1383 5018 iecit
1409 4966 1450 5017 ex
1479 4966 1521 5016 ea
1539 4944 1718 5034 praedium
1737 4964 1815 5017 coe-

264 5071 410 5143 nobiale.
445 5070 533 5141 Item
570 5078 653 5160 post·
685 5090 805 5141 omnes
832 5090 936 5173 agros
961 5069 1182 5142 cmethonnm
1211 5069 1359 5139 solvitur
1386 5074 1422 5137 et
1448 5066 1654 5139 conducitur
1680 5065 1814 5141 decima

264 5191 488 5283 manipularis
515 5197 552 5264 et
578 5192 754 5281 cenapolis
781 5212 846 5280 pro
872 5191 1083 5263 monasterio
1110 5189 1397 5278 Ymramoviensi,
1423 5194 1460 5259 et
1487 5186 1584 5260 valor
1611 5186 1685 5259 eins
1711 5187 1817 5259 aesti-

234 5336 238 5347 ·
262 5319 377 5386 matur
404 5313 450 5385 ed
478 5314 595 5385 decem
623 5334 767 5385 marom.
793 5312 955 5384 Continet
980 5333 1058 5382 oum
1085 5310 1451 5399 Ymramowiczo,
1479 5308 1631 5397 Ulina,
1658 5306 1816 5397 Srzye·

265 5456 429 5525 nyawa,
456 5434 763 5524 Szobeszpky,
789 5433 1085 5525 Maliszycze,
1113 5431 1413 5525 Wyelmosua,
1441 5429 1672 5519 Mninoga

366 5556 592 5646 Manrsrczs,
619 5556 702 5627 villa
720 5557 785 5628 sub
802 5556 969 5649 parochia
986 5554 1152 5626 ecclesiae
1170 5553 1213 5624 de
1230 5551 1585 5623 Ymramowicze
1613 5550 1690 5640 sita,
1717 5550 1814 5621 cuius

262 5679 460 5769 proprietas
486 5678 533 5749 ad
551 5678 802 5749 monasterium
824 5676 1117 5749 Ymramowiense
1144 5675 1306 5765 pertinet.
1346 5673 1386 5743 In
1406 5693 1474 5764 qua
1499 5679 1582 5745 sunt
1607 5671 1700 5757 lanei
1725 5691 1815 5742 cme-
1948 5770 1956 5785 ¹

262 5799 437 5883 thonales,
466 5806 503 5870 et
521 5799 668 5888 quilibet
694 5799 798 5870 solvit
817 5819 880 5887 pro
899 5817 1004 5868 censu
1022 5818 1127 5868 unum
1154 5794 1341 5883 fertonem,
1369 5795 1451 5865 item
1479 5815 1545 5867 ova
1571 5794 1706 5886 viginti,
1732 5795 1815 5865 item

261 5920 373 6010 gallos
390 5921 493 6010 dnos,
513 5921 594 5992 item
613 5940 752 5991 emaum
772 5939 891 6007 unum,
908 5919 991 5989 item
1010 5918 1171 5989 laborant
1190 5924 1226 5987 et
1240 5917 1357 5987 colunt
1369 5937 1472 6006 agros
1486 5916 1680 6007 praediales
1698 5937 1815 5988 mona-

136 6026 141 6032 *
261 6043 377 6132 sterii,
405 6041 571 6130 serendo,
606 6041 785 6129 metendo,
812 6047 848 6111 et
876 6038 1115 6127 conducendo,
1147 6043 1218 6109 tam
1246 6058 1309 6128 pro
1336 6039 1476 6127 hyeme,
1504 6058 1605 6128 qnam
1633 6058 1696 6127 pro
1724 6058 1815 6128 vere,

167 6216 171 6221 -
263 6165 346 6236 item
371 6184 491 6259 oesyep
508 6164 649 6234 solvunt
674 6163 878 6235 sarchoros
904 6180 1035 6231 avenae
1061 6167 1098 6230 et
1115 6167 1264 6250 quatuor
1290 6160 1415 6229 choros
1442 6159 1608 6249 siliginis,
1635 6179 1815 6257 mensurae
1858 6166 1860 6183 ²
1897 6212 1899 6219 -

254 6312 263 6327 =
263 6338 381 6357 .....
424 6285 512 6355 Item
532 6281 718 6380 potandum
743 6282 906 6355 laborant
929 6289 1131 6372 utramque,
1158 6301 1222 6369 pro
1240 6281 1519 6369 hyeme-scilicet
1545 6285 1581 6349 et
1599 6302 1690 6353 vera.
1729 6281 1817 6356 Item

263 6407 412 6478 taberna
438 6411 493 6476 est
520 6405 569 6476 ibi
604 6424 674 6475 una
701 6424 805 6494 agros
834 6402 967 6477 habens
994 6410 1030 6474 et
1057 6402 1161 6473 solvit
1188 6452 1355 6472 .......
1390 6399 1477 6472 item
1505 6402 1720 6476 hortulaniae
1747 6426 1816 6491 nou
