4217 8059
1636 1457 1639 1460 ⁴
1740 1503 1814 1575 εον

268 1713 304 1776 et
330 1704 476 1795 quilibet
502 1704 607 1776 solvit
625 1758 818 1776 ........
844 1706 928 1777 item
955 1726 1039 1793 ονε,
1066 1706 1149 1777 item
1174 1706 1295 1796 gallos,
1321 1706 1405 1778 item
1432 1726 1570 1793 caseos3
1596 1706 1679 1777 item
1706 1705 1816 1797 labor,

268 1828 350 1897 item
379 1823 549 1921 poneba,
575 1826 658 1897 item
693 1848 849 1922 oaaayep,
875 1826 958 1897 itam
994 1826 1156 1917 taberna,
1183 1827 1266 1898 item
1294 1826 1489 1915 hortulani,
1516 1812 1603 1897 item¹
1618 1825 1817 1917 praedium,

267 1948 348 2019 item
376 1946 619 2019 molendinum
653 1925 740 2017 Item
767 1945 935 2017 decimam
971 1949 1041 2017 tam
1070 1946 1319 2038 manipularem
1342 1967 1445 2036 quam
1471 1946 1671 2037 canapalem
1698 1968 1817 2021 omues

266 2068 342 2158 agri
369 2067 472 2138 villae
499 2066 638 2139 solvunt
664 2073 700 2139 et
726 2066 922 2138 conducmrt
947 2088 1011 2157 pro
1129 2066 1294 2140 Alienata
1318 2088 1341 2138 a
1366 2067 1576 2139 monasterio
1602 2073 1665 2139 est
1703 2066 1817 2141 Confl-

271 2193 332 2260 uat
358 2208 435 2259 cum
454 2241 462 2256 .
481 2240 515 2257 ..

371 2306 629 2395 Januonrcm,
657 2306 741 2379 villa
766 2308 831 2378 sub
858 2306 1023 2397 parochia
1049 2306 1094 2378 de
1121 2307 1422 2380 Borlrowicze
1448 2307 1525 2397 sita,
1552 2328 1654 2398 quam
1671 2306 1818 2381 Wrza-

269 2429 430 2500 borius
462 2427 552 2500 filius
587 2426 824 2499 christini
852 2425 1121 2499 Wauchocaensi
1150 2428 1360 2499 monasterio
1387 2426 1540 2501 donavit
1573 2427 1615 2499 In
1642 2448 1711 2518 qua
1735 2434 1818 2503 suut

269 2571 330 2621 sex
366 2548 459 2621 lanei
493 2546 745 2637 <anathemem
772 2551 809 2617 et
835 2545 979 2637 quilibet
1015 2547 1120 2619 solvit
1156 2568 1220 2638 pro
1247 2569 1353 2624 censu
1379 2546 1529 2621 sedecim
1556 2552 1713 2639 scottos,¹
1733 2549 1817 2623 itam

272 2690 337 2742 ονε
363 2669 517 2758 triginta,
543 2667 627 2741 item
652 2666 765 2757 gallos
793 2671 953 2757 quatuor,
979 2666 1063 2739 item
1090 2686 1210 2757 caseos
1237 2668 1337 2741 duos.
1371 2669 1459 2741 Item
1485 2667 1647 2741 laborant
1671 2668 1819 2760 quilibet

271 2789 315 2863 dc
340 2788 442 2861 laneo
469 2808 575 2860 uuum
601 2786 693 2859 diem
719 2787 756 2859 in
783 2784 984 2877 septimana,
1011 2787 1154 2878 proprio
1180 2808 1285 2861 curru
1302 2793 1365 2861 aut
1381 2793 1510 2861 aratro.
1534 2788 1623 2861 Item
1632 2786 1820 2885 pomudum

269 2909 444 3000 duplicem
471 2908 641 2996 laborant,
669 2929 771 2979 uuam
799 2928 862 2997 pro
890 2907 1111 2998 cerealium
1139 2930 1202 3000 pro
1229 2908 1371 3000 hyeme,
1397 2908 1480 2982 itam
1505 2930 1644 3005 oaaapop
1670 2909 1820 3003 solvunt,

270 3038 348 3105 octo
375 3031 500 3103 choros
527 3049 657 3103 avenae
683 3033 721 3100 et
747 3034 895 3120 quatuor
922 3028 1089 3120 siliginis;
1117 3031 1201 3101 item
1227 3029 1382 3121 taberna,
1408 3030 1492 3103 item
1517 3030 1705 3105 hortulani
1731 3031 1818 3103 Item

270 3149 449 3243 praedium
485 3154 541 3221 cot
566 3148 783 3239 coenobiale,
809 3147 854 3222 de
879 3148 978 3221 cuiue
1005 3150 1100 3240 agria
1127 3150 1373 3223 monasterium
1400 3150 1568 3223 decimam
1593 3149 1680 3227 nulli
1707 3151 1819 3225 soluit

269 3273 357 3344 Item
394 3268 625 3342 molendinum
661 3269 861 3343 coenobiale
896 3268 932 3341 in
968 3268 1108 3341 flumine
1141 3269 1442 3360 lablonicza‚
1468 3270 1600 3343 habeus
1635 3290 1758 3363 agros,
1783 3277 1820 3345 ct
1913 3284 1917 3297 '

270 3391 377 3465 solvit
402 3396 551 3481 quatuor
578 3409 721 3463 marcas.
748 3389 837 3463 Item
864 3409 984 3461 omnes
1010 3389 1088 3480 agri
1106 3389 1208 3461 villae
1226 3389 1366 3467 solvunt
1382 3395 1420 3462 et
1438 3389 1633 3464 conducunt
1651 3389 1819 3465 decimam
1877 3442 1885 3455 -

270 3511 539 3603 manipularem,
565 3515 603 3581 et
629 3509 829 3601 cauapalem
857 3529 920 3601 per
945 3515 1019 3583 tres
1044 3505 1185 3599 liddae,
1211 3530 1274 3600 pro
1301 3509 1820 3615 mouaaterioWancbocaouui,

270 3639 306 3706 et
332 3633 431 3705 valor
457 3631 531 3703 eiua
558 3630 764 3703 aestimatur
790 3631 834 3704 ad
862 3635 1013 3721 quatuor
1039 3650 1184 3703 marcae
1210 3628 1372 3703 Confluat
1396 3650 1474 3703 cum
1500 3618 1754 3719 Polutbou.

374 3750 562 3842 Gouuow,
589 3751 673 3823 villa
698 3751 763 3825 nub
790 3751 956 3841 parocbia
982 3749 1026 3823 de
1043 3803 1053 3820 .
1071 3803 1080 3820 .
1098 3804 1107 3821 .
1125 3804 1133 3820 .
1151 3750 1239 3841 situ,
1264 3751 1363 3823 cuiun
1388 3755 1529 3843 partem.
1550 3749 1693 3843 Ozyrz
1718 3751 1819 3825 mileo

275 3872 485 3947 monasterio
511 3870 782 3945 Waucboczeusi
809 3871 973 3962 contulit,
998 3877 1035 3945 et
1059 3870 1201 3951 recidua
1227 3892 1310 3963 paru
1344 3870 1439 3962 apud
1464 3870 1593 3945 milites
1618 3878 1820 3963 comparata

270 4001 333 4068 est.
360 3994 400 4065 ln
427 4014 496 4084 qua
522 3997 604 4065 suut
629 3992 721 4065 lanei
748 3992 994 4083 cmethonulea,
1021 3999 1058 4064 et
1084 3991 1231 4083 quilibet
1256 3991 1440 4065 solvit...
1460 4044 1486 4083 .‚
1512 3992 1597 4083 itam
1623 4013 1708 4089 ονε,
1735 3992 1819 4065 item

270 4115 389 4206 gallos,
416 4113 499 4186 item
526 4134 665 4202 caseos3
701 4113 784 4186 item
811 4113 930 4203 labor3
966 4112 1049 4185 item
1075 4109 1236 4208 pomula,
1261 4113 1346 4203 item
1372 4136 1528 4210 omzpcp,
1554 4113 1638 4187 item
1664 4113 1820 4203 taberna,

270 4237 352 4307 item
389 4234 583 4323 hortulani,
610 4234 693 4306 item
729 4234 927 4325 praedium,
954 4234 1037 4306 itam
1073 4232 1314 4306 molendinum.
1353 4234 1442 4307 Item
1468 4240 1587 4307 omues
1612 4234 1689 4325 agri
1717 4232 1820 4307 villae

269 4356 409 4429 solvunt
434 4360 472 4426 et
497 4353 693 4427 conducunt
719 4353 887 4427 decimam
914 4354 1163 4446 manipularem
1189 4360 1227 4427 ct
1252 4353 1460 4446 canapalem,
1487 4374 1631 4446 pro...
1656 4351 1819 4427 Gonfinat

270 4480 348 4550 cuin
367 4528 376 4544 .
394 4528 401 4545 .
420 4528 428 4545 .
447 4473 609 4547 Alienata
635 4496 657 4547 ε
683 4475 901 4553 monasterio.
1776 4464 1780 4471 ’

375 4594 674 4685 Wawazuszow,
702 4595 786 4671 villu
812 4595 877 4669 sub
903 4595 1071 4687 parochia
1096 4595 1140 4668 de
1166 4594 1388 4688 blnyozelr
1416 4536 1506 4687 situ,
1532 4616 1597 4687 pro
1623 4595 1738 4668 anima
1762 4617 1820 4669 co·
1968 4598 1979 4611 '

271 4717 366 4790 mitia
392 4714 718 4790 Marcuszonia
751 4716 795 4788 de
829 4717 1110 4790 Schamszon
1145 4715 1357 4789 monasterio
1385 4714 1656 4791 Wancboczenai
1682 4715 1821 4789 donata.

271 4838 312 4911 In
338 4858 407 4927 qua
433 4845 514 4910 nunt
541 4835 664 4928 viginti
689 4837 788 4911 lanei-
808 4838 1053 4928 cmcthouules,
1080 4844 1117 4911 et
1143 4837 1289 4929 quilibet
1314 4837 1420 4911 solvit
1445 4843 1524 4910 octo
1549 4857 1710 4928 grossos,
1737 4838 1820 4909 ilem

272 4972 339 5031 ονε
371 4958 533 5048 triginta,
560 4956 642 5030 item
679 4979 798 5031 caseos
832 4958 945 5048 dnos,‘
964 4959 1047 5033 item
1073 4958 1184 5050 gallos
1211 4964 1378 5050 quatuor,
1404 4958 1488 5031 itam
1514 4957 1651 5031 laborat
1676 4956 1822 5049 quilibet

271 5077 314 5150 de
340 5078 440 5151 laneo
468 5099 572 5151 unum
600 5078 689 5151 diem
718 5079 754 5152 iu
782 5080 984 5179 septimana,
1010 5080 1154 5172 proprio
1181 5100 1285 5153 curru
1302 5084 1365 5152 aut
1380 5085 1509 5151 aratro
1535 5079 1625 5151 Item
1640 5075 1821 5176 pooabarn

269 5198 430 5271 laborant
457 5205 648 5290 utramque,
676 5219 740 5290 pro
768 5221 849 5273 vere
876 5199 1039 5273 videlicet
1064 5206 1101 5279 et
1126 5200 1258 5291 hyeme,
1285 5199 1368 5273 item
1394 5220 1532 5297 omzpep
1557 5200 1717 5292 solvunt,
1742 5201 1818 5293 qui-

271 5317 357 5390 libet
381 5318 425 5390 de
451 5319 552 5393 laneo
580 5318 658 5392 octo
685 5320 810 5393 choros
836 5340 966 5394 avenae
992 5326 1030 5393 et
1057 5327 1206 5412 quatuor
1232 5319 1388 5413 suiqinia
1424 5320 1512 5403 Item
1538 5322 1705 5395 tabernae
1732 5322 1820 5394 dnae

271 5439 439 5512 habentes
464 5460 577 5531 agros,
603 5447 640 5512 et
666 5439 771 5514 solvit
797 5461 862 5532 pro
888 5461 993 5533 censu
1019 5441 1195 5534 quaelibet
1222 5441 1370 5517 mediam
1395 5460 1557 5532 marcam,
1582 5441 1666 5515 item
1699 5442 1820 5515 hortu·

272 5558 395 5631 laniae.
421 5559 508 5633 Item
536 5559 715 5653 praedium
742 5569 797 5655 est
823 5563 1032 5653 coenobiale,
1059 5563 1103 5636 de
1120 5563 1227 5637 cuius
1252 5563 1347 5655 agris
1373 5562 1620 5635 monasterium
1647 5561 1820 5635 Wauelro·

273 5700 394 5753 caenae
422 5681 570 5773 percipit
594 5681 771 5757 decimam.
811 5684 899 5756 ltem
934 5683 1167 5757 molendinum
1194 5705 1262 5757 uon
1289 5690 1357 5773 est,
1385 5682 1447 5757 aed
1473 5683 1607 5773 piscina
1632 5688 1696 5755 est
1732 5682 1819 5757 Item

274 5821 392 5874 omues
418 5802 494 5893 agri
521 5802 624 5876 villae
651 5803 791 5876 solvunt
816 5808 853 5875 et
878 5804 1075 5879 conducunt
1100 5804 1267 5879 decimam
1293 5803 1541 5895 manipularem
1568 5809 1606 5878 ot
1622 5803 1821 5895 cauapalem

274 5942 339 6011 pro
366 5923 576 5995 monasterio
603 5923 926 6016 Szeczecboviensi‚
953 5924 1009 5996 cui
1035 5945 1100 6019 per
1123 5922 1324 6019 epiecopum
1360 5924 1624 5998 Oracovieusem
1651 5922 1820 5998 Gedeo·

274 6063 369 6115 nam
397 6044 564 6135 iuscripta
589 6051 627 6117 et
651 6045 781 6121 donata
806 6052 870 6134 eat,
897 6053 934 6121 ct
961 6046 1059 6121 valor
1084 6046 1161 6121 οἱον
1185 6034 1391 6123 aestimatum
1416 6046 1461 6119 ad
1480 6045 1660 6119 duodecim
1677 6064 1820 6123 marcas.

273 6162 434 6237 Confluat
460 6186 537 6238 cum
566 6164 1094 6260 Mnyszek,·strza1k0w‚
1119 6166 1355 6261 Gbrouow,
1381 6163 1581 6249 unsrun.
1860 6162 1865 6175 '

380 6283 761 6373 Wawazrscuonsua
789 6287 943 6381 Wonrn,
969 6288 1138 6363 Rooowu
1164 6288 1310 6363 Wouru
1335 6286 1440 6363 bodie
1466 6293 1621 6377 vocatur,
1648 6289 1821 6389 villufflrb

274 6405 441 6497 parocbia
465 6405 508 6487 de
535 6405 574 6481 M
585 6428 606 6481 u
615 6408 754 6499 yszek
781 6408 859 6507 sita,
886 6408 984 6487 cuius
1001 6408 1261 6521 prqprietaaud
1277 6408 1527 6489 monasterium
1543 6380 1820 6519 Wuucbouffle

885 6588 889 6595 .
1146 6548 1187 6619 ι
1725 6532 1730 6549 “
