4217 8059
1739 1479 1787 1550 33

228 1690 364 1776 septem
390 1684 529 1757 solvunt
555 1689 592 1755 et
618 1683 816 1757 conducunt
842 1682 1008 1755 ecclesiae
1044 1688 1080 1754 et
1107 1682 1254 1772 plebano
1281 1682 1318 1753 in
1343 1682 1594 1774 Drogynya
1620 1684 1787 1757 decimam

226 1805 484 1899 manipularem,
506 1811 543 1877 et
570 1805 779 1896 canapalem.
825 1804 988 1879 Oonfinat
1014 1824 1092 1876 cunr
1120 1804 1291 1894 Borek,
1318 1803 1619 1896 Lagewnilry,
1646 1806 1788 1878 Kurd-

150 1998 179 2015 ,.
204 1918 416 2017 'annom
444 1925 808 2001 Swoschowioze
835 1931 872 1999 et
898 1924 1310 2017 Oppatlrlrowicze.

127 2012 146 2051 ⁴
331 2048 419 2121 Item
455 2052 511 2121 est
545 2046 595 2120 iti
622 2066 711 2119 unns
747 2068 890 2139 campus
917 2046 1078 2138 specialis
1110 2067 1233 2118 versus
1260 2045 1432 2130 Borek
1465 2047 1551 2117 alias
1585 2070 1705 2142 apoc,
1743 2050 1786 2120 de

226 2190 297 2263 qno
323 2169 473 2243 solvitur
499 2168 633 2242 decima
660 2168 887 2261 manipularis
918 2167 1163 2295 mansionariis
1188 2167 1308 2241 Sancti
1327 2166 1494 2240 Jacobi
1484 2189 1520 2238 m
1548 2166 1785 2260 Gracovia,

178 2293 327 2365 caius
353 2291 452 2364 valor
476 2290 522 2364 ad
548 2311 653 2364 onam
679 2310 841 2363 marcam
1017 2330 1020 2337 ·
1570 2350 1574 2354 .

204 2502 209 2511 Ι
333 2411 571 2487 Gracovia
614 2410 867 2483 Monasterium
894 2409 1043 2505 Sanctae
1069 2408 1240 2502 Hedvigis
1266 2411 1409 2483 habet
1399 2433 1435 2483 ιιι
1454 2410 1676 2484 Gracovienai
1703 2413 1787 2484 civi-

218 2572 223 2579 ·
304 2555 430 2607 anam
458 2534 629 2625 lapideam
656 2538 693 2605 et
719 2537 792 2604 tres
820 2531 940 2604 domos
966 2508 1004 2603 et
1030 2552 1131 2604 areas
1159 2532 1310 2623 ligneas,
1336 2533 1373 2605 in
1391 2533 1509 2625 platea
1536 2535 1684 2606 Sanctae
1711 2535 1788 2605 Tri-

174 2541 369 2749 m,
405 2658 593 2746 eregione
620 2652 825 2727 monasterii
859 2642 1007 2727 Sanctae
1029 2651 1224 2745 Trinitatis
1250 2654 1357 2745 sitas,
1394 2675 1483 2746 quae
1511 2676 1629 2728 omnes
1657 2655 1788 2746 domus,
1887 2740 1890 2747 ¹

202 2776 301 2901 μ
332 2782 489 2851 muratae
516 2798 619 2868 quam
648 2776 802 2867 ligneae,
829 2775 874 2847 ab
901 2764 1061 2865 omnihus
1093 2775 1256 2848 oneribus
1286 2777 1490 2849 attributis
1521 2778 1673 2850 civitatis
1704 2779 1790 2851 libe·
1828 2788 1833 2802 ¹

207 2896 334 2977 Μ
355 2904 455 2988 sunt,
487 2899 595 2971 etab
622 2898 782 2971 omnibus
808 2895 918 2969 daciis
945 2902 1143 2989 exemptae,
1170 2896 1277 2971 etad
1303 2899 1554 2991 proprietatem
1581 2901 1688 2972 solius
1716 2922 1789 2972 mo·

228 3021 378 3094 nasterii
415 3019 562 3094 Sanctae
597 3019 766 3111 Hedvigis
801 3019 995 3111 pertinent,
1031 3023 1068 3091 et
1102 3018 1154 3089 illi
1189 3018 1256 3092 soli
1289 3018 1430 3093 solvunt
1464 3041 1615 3095 annuum
1650 3043 1790 3094 censum

227 3142 427 3216 arendatae.

337 3265 469 3337 Domus
504 3263 687 3355 lapidea
679 3284 714 3334 ιιι
751 3260 1002 3352 cracovia,
1037 3259 1083 3333 ad
1117 3260 1368 3352 proprietatem
1404 3265 1607 3335 monasterii
1641 3264 1789 3337 Sanctae

206 3386 397 3477 ‚Hedvigis
426 3386 622 3476 pertinens,
650 3385 712 3455 et
702 3406 739 3455 ιιι
757 3383 874 3474 platea
900 3380 1048 3486 Sanctae
1074 3380 1259 3455 Trinitatis
1287 3385 1372 3475 sita,
1400 3385 1506 3457 solvit
1530 3385 1642 3457 eidem
1669 3407 1788 3458 mona-

229 3508 339 3581 sterio
366 3507 511 3598 singulis
539 3507 638 3579 annis
665 3505 846 3594 arendata,
873 3502 1136 3595 quatuordecim
1162 3525 1306 3577 marcae.

210 3674 217 3681 -
334 3628 454 3701 Prima
480 3628 602 3701 domus
620 3627 789 3720 ligneam
810 3625 1057 3715 Gracoria,
1084 3625 1129 3696 ad
1148 3627 1398 3717 proprietatem
1417 3629 1619 3700 monasterii
1639 3626 1787 3701 Sanctae

227 3750 398 3842 Hedvigis
434 3750 478 3823 de
509 3748 815 3822 Stradomia
805 3768 842 3819 m
872 3747 991 3839 platea
1022 3745 1169 3819 Sanctae
1201 3748 1385 3820 Trinitatis
1421 3750 1507 3839 sita,
1543 3750 1648 3822 solvit
1674 3750 1788 3822 eidem

227 3872 441 3944 monasterio
467 3872 567 3946 annis
596 3871 741 3961 singulis
769 3868 955 3959 arendata,
983 3888 1044 3951 aex
1068 3889 1213 3941 marcas.
1276 3909 1284 3919 ·

278 4010 284 4027 ’
331 3991 490 4066 &cunda
506 3992 629 4066 domus
648 3992 762 4083 lignea
788 3991 825 4061 in
843 3988 1062 4079 Gracovia,
1090 3990 1134 4062 ad
1153 3991 1401 4081 proprietatem
1420 3993 1621 4064 monasterii
1640 3992 1787 4065 Sanctae

227 4115 399 4207 Hedvigis
434 4117 471 4187 in
497 4114 764 4188 Stradomia
800 4112 998 4202 pertinens,
1033 4116 1071 4183 et
1101 4113 1137 4182 in
1164 4111 1281 4203 platea
1315 4114 1462 4185 Sanctae
1498 4114 1682 4187 Trinitatis
1709 4115 1787 4207 sita,

228 4238 335 4309 solvit
362 4236 473 4309 eidem
501 4236 712 4309 monasterio
739 4235 840 4307 annis
867 4232 1013 4323 singulis
1040 4233 1217 4326 arendata,
1244 4254 1305 4306 sex
1341 4256 1483 4308 marcas.

332 4358 453 4430 Tertia
487 4357 610 4431 domus
645 4358 779 4448 lignea,
815 4356 851 4427 in
878 4354 1109 4428 Gracovia
1143 4356 1242 4428 etin
1269 4357 1386 4446 platea
1421 4357 1568 4430 Sanctae
1600 4359 1785 4430 Trinitatis

228 4481 315 4568 sita,
351 4479 396 4551 al
423 4480 671 4552 monasterium
708 4478 855 4550 Sanctae
882 4476 1050 4566 Hedvigis
1087 4476 1129 4548 de
1157 4476 1423 4550 Stradomia
1448 4480 1645 4570 pertinens,
1682 4482 1788 4553 solvit

228 4599 341 4671 eidem
369 4602 580 4672 monasterio
607 4602 707 4673 annis
734 4596 879 4689 singulis
906 4597 1090 4687 arendata,
1119 4619 1180 4668 sex
1206 4619 1349 4670 marcas.

330 4721 565 4795 Sranoonm.
592 4720 845 4794 Monaaterium
872 4718 1019 4791 Sanctae
1045 4718 1215 4810 Hedvigis
1242 4719 1285 4791 de
1311 4719 1579 4791 Stradomia
1610 4721 1718 4792 habet
1745 4722 1781 4793 in

228 4842 395 4915 suburbio
423 4841 721 4916 Stradomiae
748 4847 820 4915 tres
848 4841 974 4935 domos,
991 4847 1026 4912 et
1054 4861 1154 4913 areas
1181 4841 1323 4932 ligneas,
1351 4843 1395 4914 ad
1422 4841 1670 4914 monasterium
1701 4842 1788 4914 San-

229 4969 306 5036 ctae
323 4964 495 5056 Hedaigis
522 4965 755 5056 pertinentes,
783 4983 870 5054 quae
897 4961 940 5033 ab
954 4962 1118 5035 omnibus
1146 4963 1310 5035 oneribus
1336 4963 1479 5035 tributis
1505 4968 1543 5034 et
1568 4964 1676 5036 deciis
1703 4965 1787 5036 civi-

230 5083 321 5158 libus
357 5094 440 5157 sunt
466 5086 670 5175 libertatae,
707 5089 743 5156 et
769 5083 855 5156 nulli
882 5082 1048 5173 aliorum,
1084 5082 1151 5154 nisi
1185 5083 1397 5156 monasterio
1433 5082 1580 5156 Sanctae
1606 5083 1786 5181 Hetlrigis,

231 5205 372 5280 solvunt
398 5226 539 5280 censum
566 5228 718 5280 annuum
744 5205 942 5277 arendatae.

333 5326 455 5400 Prima
481 5328 604 5402 domus
630 5334 668 5402 et
694 5349 777 5400 area
803 5328 838 5398 in
866 5325 1149 5417 Stradomia,
1177 5326 1222 5398 ad
1249 5327 1498 5399 monasterium
1525 5324 1673 5399 Sanctae
1691 5326 1786 5399 Hed-

231 5448 320 5540 vigis
355 5450 554 5541 pertinens,
590 5450 695 5524 solvit
729 5471 792 5540 pro
820 5468 926 5521 censu
952 5468 1067 5520 annuo
1095 5447 1280 5537 arendata,
1316 5448 1429 5520 eidem
1464 5448 1678 5520 monasterio
1713 5453 1787 5521 tres

232 5590 377 5660 marcas,
404 5575 440 5644 et
466 5591 556 5663 quae
583 5572 627 5644 ab
654 5571 813 5643 omnibus
840 5569 982 5643 tributis
1010 5573 1047 5640 et
1073 5569 1236 5642 oneribus
1263 5570 1423 5642 civilibus
1449 5570 1622 5652 libertata-
1640 5575 1701 5641 est.
1782 5599 1784 5603 ·

336 5692 497 5767 &cunm
524 5693 647 5766 domus
665 5698 701 5765 et
719 5712 802 5764 area
828 5693 864 5762 in
891 5690 1158 5762 Stradomia
1185 5692 1263 5780 sita,
1290 5691 1335 5762 ad
1361 5691 1610 5764 monasterium
1638 5690 1786 5762 Sanctae

232 5812 401 5905 Hedvipis
426 5815 617 5905 pertinens,
643 5822 680 5886 et
707 5834 796 5904 quae
823 5813 867 5885 ab
894 5813 1053 5885 omnibus
1082 5812 1245 5884 oneribus
1267 5813 1463 5885 attributis
1489 5811 1649 5885 civilibus
1677 5811 1788 5884 libera

232 5941 295 6025 est,
324 5935 430 6008 solvit
456 5935 569 6008 eidem
598 5935 808 6008 monasterio
835 5939 909 6006 tres
935 5954 1081 6006 marcas.
1902 5918 1908 5925 ’

336 6056 457 6129 Tertia
479 6057 605 6147 domus
632 6064 669 6130 et
696 6077 779 6130 area
805 6058 842 6128 in
869 6054 1136 6128 Stradomia
1170 6057 1254 6146 sita,
1290 6056 1335 6128 ad
1362 6055 1612 6128 monasterium
1639 6051 1786 6126 Sanctae

234 6176 404 6268 liedvigis
431 6177 474 6250 de
501 6178 771 6252 Stradomia
796 6179 994 6269 pertinens,
1030 6183 1066 6249 et
1093 6199 1181 6269 quae
1209 6178 1314 6250 etiam
1340 6179 1452 6250 libera
1474 6182 1531 6249 est
1557 6176 1601 6248 ab
1628 6176 1787 6249 omnibus

234 6299 499 6372 obventionibus
525 6306 563 6372 et
589 6301 751 6373 oneribus
778 6299 939 6389 civitatis,
967 6298 1072 6371 solvit
1098 6298 1185 6371 luas
1212 6320 1289 6371 cnm
1315 6299 1430 6371 media
1455 6317 1602 6390 marcas,
1629 6297 1785 6389 praefato

232 6416 443 6493 manuario
469 6420 621 6495 Sanctae
648 6421 826 6514 Hedvigis.

277 6634 283 6643 ,
338 6586 544 6631 mauram
1605 6551 1621 6600 ⁶
