4217 8059
247 1481 357 1585 ¹aa

411 1687 672 1773 Jnnusszeem,
699 1684 783 1756 villa
808 1684 874 1755 snb
901 1683 1067 1782 parocbia
1092 1682 1136 1754 de
1162 1681 1288 1769 Nova
1314 1657 1522 1759 Sandecz
1548 1617 1647 1782 sipi,¹
1644 1679 1749 1761 euius
1775 1700 1857 1769 pro-

307 1810 436 1899 prietas
464 1808 507 1884 ad
535 1815 670 1878 monast
673 1806 782 1876 crium
811 1804 1047 1875 Saudeczense
1084 1804 1247 1892 pertinet.
1286 1803 1326 1874 ln
1354 1825 1422 1895 qua
1449 1810 1532 1875 snut
1558 1779 1736 1873 duodecim
1765 1801 1857 1872 lanei
1912 1828 1924 1847 ι

182 1926 185 1931 ’
306 1929 549 2021 cmetbenales,
577 1935 613 1998 et
639 1927 786 2017 quilibet
771 1926 917 1997 tsolvit
942 1946 1005 2015 pro
1034 1946 1140 1996 ceusu
1158 1978 1270 2014 .....
1298 1926 1380 1996 item
1408 1946 1484 2015 ova,
1511 1926 1594 1996 item
1620 1923 1745 2013 gallos,
1772 1924 1856 1993 item
1949 1943 1952 1947 ·

306 2071 435 2138 caseos
463 2051 545 2120 item
572 2049 682 2138 labor,
708 2050 791 2118 item
819 2068 945 2141 esayep.
972 2047 1060 2117 Item
1074 2047 1349 2119 tabernae-non
1369 2052 1463 2135 snut,
1490 2066 1603 2135 neque
1628 2044 1857 2132 bertalamius,

274 2214 276 2220 ν
305 2194 417 2262 neque
443 2171 686 2242 molendinum.
713 2170 800 2239 ltem
829 2168 1006 2261 praedium
1023 2188 1104 2238 non
1132 2173 1195 2238 est.
1222 2167 1307 2238 Item
1336 2165 1417 2256 pos't
1435 2188 1553 2238 onmes
1580 2186 1684 2256 agros
1686 2165 1867 2237 saluber.

305 2294 573 2365 et.couduoitnr
609 2293 742 2362 decima
776 2290 1002 2379 manipularis
1028 2295 1065 2360 et
1090 2285 1266 2378 mnapalis
1290 2288 1526 2378 episcopatui
1543 2287 1786 2431 Gracomensl,
1820 2293 1859 2357 et

306 2417 404 2486 valer
431 2417 505 2485 eins
532 2415 738 2484 aestimatur
765 2412 809 2482 ad
836 2411 1017 2485 duedecim
1044 2430 1190 2483 marcas.
1258 2455 1264 2516 5
1366 2439 1368 2444 ’
1472 2450 1474 2457 -

729 2915 733 2925 Α
862 2935 865 2939 ι
964 2790 1491 2941 nosmepſs·
1581 2824 1587 2833 ·

323 3038 594 3117 Secundum·
614 3038 914 3117 monasterium
950 3038 989 3114 in
1024 2994 1165 3114 Busko
1197 2996 1357 3114 ordinis
1392 3001 1842 3152 praemonstrate-nala*
1935 3107 1939 3112 .

398 3258 573 3353 ,Victus
601 3258 644 3328 de
671 3256 837 3328 Cbetel
865 3256 1018 3345 militari,
1046 3253 1229 3345 episcopus
1247 3255 1455 3344 Pleczensis,
1474 3262 1518 3326 et
1544 3255 1611 3346 qui·
1630 3255 1758 3346 Lupo
1784 3256 1857 3345 epi-

307 3401 410 3469 seopo
439 3378 617 3449 Pleczensi
645 3379 795 3449 obeunte
823 3364 866 3448 in
886 3376 1106 3447 Ploczensem
1134 3376 1250 3449 sedem
1277 3378 1444 3456 canoniea
1463 3397 1561 3448 anuo
1586 3377 1740 3448 Domini·
1758 3364 1854 3450 lita

307 3508 520 3571 successerat
530 3548 548 3586 ,-
579 3500 633 3569 vir
659 3499 785 3571 rrebilis
802 3519 854 3572 -ex
881 3498 1030 3568 dioecesi
1057 3497 1344 3572 &aconensi-et
1369 3499 1549 3587 provincia
1573 3482 1855 3586 Saudemiricm',

307 3623 454 3711 erube
481 3619 647 3691 Gbotel
675 3619 887 3691 Militari
922 3639 1030 3708 prope
1057 3619 1221 3708 oppidum
1256 3619 1410 3690 Baslio
1437 3619 1524 3708 sito,
1560 3605 1857 3691 eteudomo-at
1946 3630 1948 3632 ’
1991 3645 1997 3713 ζ

306 3741 507 3829 nobilitate,
543 3761 631 3830 quae
658 3740 937 3833 salanicam
973 3739 1145 3829 appellat,
1184 3747 1220 3811 et
1242 3752 1310 3830 'pro
1338 3740 1464 3828 insigni
1491 3740 1657 3830 clypeam
1674 3740 1855 3838 albensis

307 3883 426 3952 canipe
454 3863 561 3932 rubeo
589 3869 724 3951 portat,
761 3862 959 3948 oriundae,¹
986 3849 1160 3950 singulari,
1190 3882 1306 3953 amore
1335 3868 1372 3930 et
1397 3861 1582 3931 devotiem
1618 3862 1664 3932 iu·
1681 3861 1856 3949 Desunt
1972 3882 1974 3886 ’

253 4000 258 4006 ·
306 3962 507 4072 religionem
543 3983 714 4072 iidemque
742 3984 816 4052 eins
850 3981 995 4070 ardens,
1028 3982 1306 4071 adraligienem
1341 3982 1546 4071 inserperet
1572 3982 1741 4053 ordinm·
1756 4003 1857 4070 prae-

307 4080 606 4192 monstratensem,
633 4103 729 4174 cuins
757 4111 841 4174 tnnc
866 4100 1017 4174 celebris
1039 4103 1207 4176 memorie
1227 4108 1264 4173 et
1281 4103 1396 4173 cultus
1420 4103 1458 4172 in
1486 4082 1582 4173 orbe*
1596 4103 1768 4175 camolico
1795 4103 1861 4174 ba-

305 4227 462 4313 bebatur,
491 4216 834 4314 speeinlom‘nabens
854 4223 1126 4312 affectum,.loca
1153 4225 1237 4294 eius·
1254 4224 1473 4311 etordiuem
1500 4225 1535 4295 in
1564 4245 1673 4315 regno
1690 4224 1855 4296 Peloniae

305 4346 609 4434 multiplicaturus,
637 4347 707 4416 tria
734 4345 945 4416 monasteria
971 4345 1103 4437 ordinis
1131 4344 1284 4435 praelati·
1305 4346 1656 4434 praemonstratensis
1683 4347 1730 4416 in
1746 4366 1856 4435 regua

304 4467 488 4556 Pelopiae,
516 4467 585 4546 duo
605 4451 802 4557 uirginum,
829 4468 972 4538 tertium
999 4487 1083 4538 vero
1110 4468 1281 4556 sirenum,
1296 4466 1345 4537 rin
1371 4467 1485 4538 tribus
1510 4463 1740 4556 dioecesibus,-
1754 4467 1865 4550 ¹Gne·-

292 4570 430 4689 's'nensb
457 4587 680 4660 Gracouiensi
705 4595 741 4659 et
768 4588 960 4677 Hennensi,
985 4592 1064 4659 cum
1090 4587 1199 4659 lintre
1225 4608 1481 4683 suogernnano
1509 4588 1856 4676 Derslaomilite,
1927 4602 1932 4622 ¹

304 4711 453 4780 haerede
471 4711 506 4779 iu
535 4710 716 4779 Buszke
744 4715 779 4779 et
807 4709 958 4797 palatino
977 4709 1250 4781 Sandemiriensi
1267 4707 1405 4798 fundat*
1425 4708 1587 4780 uidelicet
1609 4710 1643 4779 iu
1671 4709 1704 4779 V
1715 4711 1856 4799 itborr

305 4853 413 4919 prope
441 4830 786 4920 Pyetrlrewiam
814 4830 988 4920 oppidum,
1016 4850 1204 4920 cognomen
1232 4831 1444 4901 monasterie
1471 4851 1515 4900 ex
1542 4851 1605 4900 sne
1628 4831 1766 4903 nomine
1792 4832 1856 4901 im·

305 4929 1890 5052 ponensvitnovziteminBus2u031ten1nploezsk0consummatam

305 5072 375 5140 tria
400 5072 612 5142 rnermstcria
639 5071 912 5143 haereditatibus
923 5081 976 5149 et
1002 5073 1095 5144 villis
1122 5080 1158 5144 et
1184 5059 1336 5163 praediis
1364 5074 1572 5184 insignibus,
1599 5066 1641 5144 ad
1669 5095 1707 5144 se
1728 5050 1856 5145 baere-

303 5192 474 5262 ditarie'
466 5214 540 5263 rnre
568 5214 609 5264 ex
637 5194 852 5265 successione
877 5187 1034 5284 paterna
1059 5195 1250 5285 devolutis,
1290 5216 1379 5284 quae
1406 5196 1522 5266 omnia
1547 5195 1617 5265 tria
1644 5174 1855 5266 menmtcria

305 5316 406 5385 etiam
437 5315 472 5384 in
500 5315 589 5385 diem
611 5315 706 5384 banc
733 5322 872 5404 extant,
899 5317 1067 5388 testantia
1093 5318 1247 5388 virerum
1274 5317 1576 5388 celeberrimorum
1605 5323 1642 5387 et
1667 5317 1856 5418 insignium
1990 5361 1999 5372 ·

304 5457 401 5524 opes,
429 5435 601 5506 Trinitati'
620 5436 821 5507 benedictae
847 5437 1008 5525 dicatum,
1035 5437 1268 5527 memorabile,
1294 5437 1557 5509 celeberrimam
1584 5444 1622 5508 et
1648 5437 1794 5527 insigna
1820 5443 1857 5523 et
1929 5430 1933 5436 ’

205 5640 212 5648 ,
304 5557 346 5626 de
374 5557 507 5626 duobus
535 5557 673 5647 quidem
709 5558 929 5630 rnouasteriis
956 5580 978 5630 a
1004 5558 1183 5648 praedicte
1223 5560 1299 5630 vire
1335 5557 1428 5629 felici
1464 5566 1501 5629 et
1527 5559 1663 5648 beate,
1683 5564 1725 5628 et
1739 5557 1856 5630 iratae

173 5767 175 5769 ι
236 5774 239 5778 ⁵
303 5698 365 5747 sne
393 5678 591 5749 llerslao
628 5678 781 5767 palatino
809 5678 1081 5750 Sandemiriensi
1117 5678 1291 5769 feodatis,
1328 5701 1475 5770 quornm
1510 5672 1660 5751 aiterum
1692 5679 1874 5750 videlicet.

304 5798 340 5867 in
366 5797 399 5868 V
407 5797 549 5873 rtbow
575 5799 694 5882 abbas
711 5820 787 5870 cum
814 5799 994 5891 iratribus,
1034 5800 1219 5871 alterum
1209 5821 1245 5872 ru
1272 5800 1501 5872 Ploczsko
1529 5801 1758 5904 praepositus
1776 5821 1854 5871 cum

302 5903 487 6007 iratribus,
523 5926 560 5988 et
585 5920 761 5990 abbatisse
787 5942 885 5991 cnm
881 5922 1100 5992 monialibus
1127 5943 1190 6012 pre
1218 5930 1374 6012 ternpore
1402 5923 1667 6011 administrant,
1703 5943 1772 5992 non
1800 5929 1855 5993 est

303 6041 517 6128 propositum
554 6060 667 6109 meum
702 6038 815 6110 iacere
850 6041 1000 6131 aliquam
1029 6044 1314 6132 descriptionem,
1349 6044 1528 6114 habebunt
1558 6042 1702 6115 forsitan
1730 6050 1768 6113 et
1795 6042 1855 6112 illa
1913 6137 1918 6146 1

219 6164 224 6177 ’
304 6162 509 6250 quandoque
536 6181 617 6231 snos
645 6161 887 6251 descriptores
915 6164 993 6234 sed
1002 6164 1242 6250 tantummode
1269 6164 1313 6233 de
1338 6164 1549 6234 monasterio
1576 6165 1682 6235 tertio
1710 6163 1853 6247 irreBu·

304 6282 413 6349 szko
440 6282 680 6353 Craceviensis
707 6284 921 6371 dioecesis
913 6306 948 6354 m
975 6306 1044 6374 qua
1070 6305 1188 6355 cnrarn
1216 6284 1260 6354 ad
1279 6285 1542 6361 describendum
1570 6286 1708 6375 singula
1731 6304 1885 6391 ιιψς

304 6403 411 6470 steria
436 6408 507 6472 tam
535 6404 654 6474 dotata
663 6426 802 6493 ,qnam
828 6424 873 6473 ex
899 6406 989 6496 stipe
1015 6405 1284 6481 tantummodo
1267 6405 1439 6542 niventia
1448 6409 1720 6526 ,suscepimus
1732 6412 1774 6491 Q
1794 6374 1924 6547 *qi-l
