4217 8059
318 1464 368 1537 20

318 1673 588 1766 Myecboviensi.
614 1673 777 1743 Conlinat
803 1693 879 1743 cum
906 1671 1086 1763 Kalina‚
1114 1671 1373 1745 Bukowska
1399 1668 1568 1763 Wolya,
1596 1665 1868 1762 Strzesaorq

319 1794 558 1867 'l'bocbolo
567 1817 607 1865 w.
675 1779 677 1782 ⁴

422 1914 784 2003 Pnancasnawrczn,
819 1914 901 1983 villa
928 1915 992 1987 sub
1019 1915 1185 2003 parocbia
1206 1914 1254 1984 de
1282 1913 1516 2003 Myeebow
1543 1913 1628 2001 sita,
1655 1913 1755 1983 cuius
1786 1933 1867 2002 pro-

318 2037 449 2127 prietas
474 2036 520 2106 ad
545 2035 794 2107 monasterinm
820 2034 1089 2124 Myecboriense
1116 2035 1280 2123 pertinet
1324 2035 1363 2105 ln
1391 2055 1460 2124 qua
1486 2040 1569 2105 sunt
1595 2035 1686 2104 lanei
1713 2035 1869 2104 ernetbo-

318 2157 423 2245 nales‚
449 2162 487 2227 et
513 2156 659 2246 quilibet
685 2156 790 2226 solvit
803 2176 882 2244 pro
910 2176 1015 2225 censu
1042 2156 1304 2244 quatuordecim
1331 2162 1482 2245 scottos,
1508 2156 1593 2225 item
1620 2175 1686 2226 ova
1712 2156 1867 2243 triginta

318 2278 409 2348 item-
427 2278 538 2366 gallos
566 2283 725 2367 quatuor,
753 2277 835 2346 item
855 2296 974 2346 caseos
1001 2276 1097 2365 duos,
1124 2277 1206 2346 item
1226 2277 1386 2348 laborant
1410 2273 1560 2365 iutraiar‘,
1587 2276 1672 2346 item
1683 2273 1869 2369 powabom

273 2387 280 2394 ⁷
318 2405 501 2487 utramque
520 2404 682 2468 tenentur
710 2416 773 2485 pro
793 2403 927 2467 vereat
945 2398 1078 2486 hyeme.
1104 2396 1192 2467 Item
1206 2419 1348 2490 roacczyep
1375 2397 1515 2468 solvunt
1531 2397 1753 2467 monasterio.
1780 2396 1868 2465 Item

191 2589 197 2598 ,
266 2583 268 2585 ,
318 2519 465 2593 taberna
491 2539 569 2606 una,
596 2537 684 2607 qnae
711 2516 816 2591 solvit
840 2538 904 2605 pro
932 2537 1038 2586 censu
1056 2570 1171 2586 .....
1199 2517 1287 2587 Item
1314 2517 1535 2588 hortulaniae
1566 2538 1636 2588 non
1663 2522 1753 2587 snut
1778 2515 1869 2586 Item

319 2640 499 2729 praedium
524 2638 725 2710 coenobiale
753 2637 801 2708 ibi
826 2659 896 2708 non
924 2643 988 2707 est
1031 2639 1121 2709 ltem
1147 2659 1265 2709 omnes
1293 2639 1369 2726 agri
1396 2638 1500 2709 villae
1535 2639 1675 2709 solvunt
1699 2637 1869 2708 decimam

319 2761 568 2850 manipularem
595 2765 633 2830 et
658 2759 877 2847 canapalem,
913 2766 949 2828 et
975 2759 1171 2830 conducunt
1207 2780 1282 2829 eam
1317 2781 1381 2848 pro
1409 2759 1609 2849 episcopatu
1635 2757 1868 2845 cracoviensi,

318 2888 357 2952 et
375 2881 472 2952 valor
489 2882 565 2952 eins
583 2880 788 2951 aestimatur
806 2879 849 2948 ad
868 2878 991 2967 viginti
1011 2900 1153 2949 marcas.
1191 2879 1351 2951 Confluat
1378 2901 1456 2951 cum
1486 2879 1509 2951 J
1519 2881 1698 2969 anione,
1725 2878 1870 2949 Smro-

320 3002 415 3073 kow
443 3010 479 3072 et
504 3000 681 3071 Minori
707 2999 951 3089 Czyaplye.
1814 3003 1819 3010 “

380 3179 382 3184 .
423 3123 736 3209 Kamrnsczronn,
763 3121 846 3191 villa
872 3121 937 3191 sub
963 3121 1129 3209 parocbia
1154 3120 1198 3191 de
1224 3120 1456 3210 Myecbow
1484 3120 1561 3209 sita,
1589 3121 1686 3191 euius
1712 3121 1870 3210 proprie-
1915 3115 1918 3118 ’

318 3251 373 3316 tas
400 3245 446 3316 ad
473 3243 718 3315 monasterium
744 3240 1012 3330 Myecboviense
1039 3242 1200 3330 pertinet.
1228 3242 1267 3311 lu
1295 3262 1364 3332 qua
1390 3249 1472 3312 sunt
1497 3249 1630 3330 septem
1658 3243 1750 3312 lanei
1777 3261 1868 3331 eme

319 3366 497 3452 tbonales,
523 3370 560 3434 et
587 3363 733 3453 quilibet
759 3362 863 3433 solvit
888 3383 952 3450 pro
979 3383 1086 3432 censu
1113 3383 1216 3432 unam
1244 3384 1468 3451 sexagenam,
1504 3365 1587 3433 item
1618 3384 1685 3434 ova
1710 3364 1869 3451 triginta

319 3488 404 3556 item
430 3484 541 3574 gallos
567 3490 728 3573 quatuor,
756 3484 838 3552 item
864 3502 983 3552 caseos
1010 3482 1107 3571 duos
1134 3483 1216 3553 item
1235 3483 1344 3572 labor,
1370 3485 1455 3554 item
1474 3482 1660 3577 ponebam
1684 3490 1869 3573 utramque

321 3612 494 3694 tenentur,
522 3625 586 3694 pro
614 3624 696 3674 vere
722 3610 758 3672 et
784 3604 916 3692 hyeme.
961 3603 1048 3705 ltem
1076 3625 1213 3697 osszssp
1239 3604 1344 3675 solvit
1371 3605 1518 3695 quilibet
1553 3626 1616 3693 pro
1649 3605 1870 3678 monasterio

320 3728 407 3797 ltem
433 3727 587 3796 taberna·
605 3747 675 3794 ona
703 3724 833 3793 babens
860 3744 973 3813 agros,
1000 3708 1090 3814 quaa
1116 3727 1328 3797 monasterio
1355 3746 1419 3815 pro
1446 3746 1551 3798 censu
1578 3726 1683 3798 solvit
1701 3779 1708 3795 .
1780 3778 1789 3796 .
1807 3779 1816 3794 .

320 3848 408 3919 Item
435 3846 634 3917 hortulania
660 3866 736 3933 una
763 3845 868 3915 solvit
893 3844 1073 3934 fertonem,
1099 3846 1237 3921 laborat
1263 3847 1355 3917 diem
1374 3847 1411 3917 in
1431 3849 1633 3937 septimana.
1658 3832 1747 3924 Item
1770 3867 1870 3936 prae

320 3969 414 4039 dom
440 3966 641 4043 coenobiale
676 3987 744 4036 non
771 3973 825 4035 est
852 3966 888 4035 in
915 3966 1036 4035 eadem
1064 3967 1155 4036 villa.
1191 3968 1288 4039 item
1314 3967 1547 4038 molendinum
1573 3967 1773 4037 coenobiale
1800 3975 1869 4037 non
1961 3949 1962 3952 ¹

321 4094 376 4159 eat
401 4089 437 4158 in
464 4087 583 4158 eadem
611 4086 702 4157 villa.
746 4076 833 4155 Item
850 4107 978 4155 omnes
1010 4087 1087 4175 agri
1115 4087 1216 4157 villae
1252 4088 1393 4158 solvunt
1419 4093 1455 4158 et
1480 4088 1676 4159 conducunt
1700 4089 1869 4158 decimam

322 4205 625 4298 manipularem‘et
643 4207 849 4296 canapalem,
876 4229 940 4296 pro
958 4208 1170 4280 monasterio
1187 4208 1457 4298 Myecboviensn
1483 4217 1521 4290 et
1546 4209 1645 4280 valor
1670 4210 1745 4279 eius
1764 4210 1869 4280 aesti-

322 4338 441 4403 matur.
470 4329 515 4402 ad
550 4335 682 4418 septem
720 4348 863 4399 mareas.
907 4326 1069 4399 Confluat
1112 4345 1189 4399 cnm
1223 4329 1436 4418 danicae,
1476 4329 1869 4401 Praeczsla·wicze

322 4459 358 4523 et
384 4450 628 4542 Myecbova

424 4572 705 4660 Rozarnzcuovq
733 4571 815 4642 villa
841 4572 905 4642 sub
924 4572 1089 4660 parocbia
1115 4571 1158 4654 de
1186 4570 1417 4662 Myecboo*
1445 4573 1523 4663 sita,
1546 4573 1647 4643 cuius
1674 4573 1871 4663 proprietas

321 4696 365 4766 ad
401 4693 647 4767 monasterium
683 4692 950 4781 Myechoviense
985 4695 1147 4780 pertinet.
1191 4694 1232 4762 ln
1264 4715 1333 4782 qua
1367 4699 1448 4764 sulit
1484 4695 1742 4782 quatuordecim
1762 4694 1869 4765 lanei

321 4815 565 4901 cmetbonales,
591 4821 627 4883 et
654 4812 799 4901 quilibet
825 4812 931 4882 solvit
955 4832 1020 4900 pro
1039 4830 1145 4902 censu
1171 4815 1431 4901 quatuordecim
1454 4822 1594 4903 scottos,
1620 4836 1687 4885 ova
1713 4816 1868 4904 triginta,

321 4936 407 5007 duos
430 4954 600 5024 capones,
635 4932 722 5003 duos
749 4953 886 5020 caseos3
922 4933 1006 5004 item
1031 4932 1170 5004 laborat
1197 4934 1284 5004 duos
1310 4936 1386 5006 dies
1413 4935 1448 5005 in
1477 4938 1869 5026 septimana,··-proprio
2004 4932 2018 5027 j,

321 5078 426 5129 curru
452 5062 514 5126 ant
538 5061 667 5126 aratro.
711 5054 797 5124 ltem
834 5054 882 5129 ibi
910 5055 1057 5126 taberna
1091 5038 1161 5125 una
1196 5056 1326 5127 babens
1354 5077 1483 5145 agrum
1512 5077 1601 5146 qnae
1631 5057 1779 5127 decimat
1805 5079 1870 5146 pro

322 5177 532 5250 monasterio
558 5175 847 5279 lrlyecboviensi,x
871 5181 907 5245 et
933 5175 1038 5247 solvit
1064 5196 1213 5247 censum.
1257 5178 1345 5248 ltem
1367 5198 1490 5248 omues
1517 5179 1608 5248 lanei
1635 5180 1870 5249 cmetboualea

322 5307 358 5370 et
383 5301 459 5389 agri
485 5298 661 5386 tabernae,
688 5297 827 5368 solvunt
853 5302 889 5366 et
915 5296 1111 5367 conducamt
1138 5296 1305 5368 decimam
1323 5299 1571 5388 manipularem
1598 5307 1636 5369 et
1661 5300 1871 5389 canapalem,

321 5441 385 5510 pro
411 5419 624 5490 monasterio
651 5416 921 5507 Myecboviensi‚
936 5418 1046 5508 ‘cuius
1066 5418 1162 5488 valor
1189 5419 1233 5488 ad
1262 5418 1457 5508 quindecim
1483 5434 1626 5490 marcas.
1652 5421 1740 5491 Item
1762 5441 1869 5510 prae·

322 5541 416 5615 dium
443 5561 511 5611 non
539 5547 592 5611 est
617 5539 676 5609 ibi.
702 5539 790 5610 Item
817 5559 954 5632 oaszpcp
981 5560 1050 5609 non
1077 5537 1226 5609 solvunt.

424 5662 640 5748 Snnznsow,
677 5660 760 5729 villa
785 5661 850 5745 sub
878 5659 1044 5748 parocbia
1069 5658 1330 5750 Myecboviensi
1354 5662 1438 5750 sita,
1473 5661 1573 5733 cuius
1591 5663 1798 5752 ,proprietas
1820 5663 1870 5734 ad

237 5810 239 5814 ·
288 5770 567 5856 *monasterium
594 5780 860 5870 Myecboviense
885 5782 1049 5869 pertinet
1093 5780 1133 5850 ln
1161 5803 1229 5871 qua
1261 5784 1349 5856 sunt
1368 5783 1627 5873 quatuordecim
1662 5784 1752 5854 lanei
1779 5805 1871 5855 ome·
1939 5828 1943 5833 -

320 5906 498 5993 tbonales,
534 5912 571 5973 et
597 5902 742 5991 quilibet
767 5902 872 5972 solvit
898 5923 1001 5970 unam
1029 5922 1234 5991 sexagenum
1261 5925 1325 5992 pro
1352 5924 1475 5992 censu,
1511 5905 1593 5974 item
1621 5925 1688 5975 ova
1713 5906 1870 5993 triginta,
1978 5880 1982 5885 Ι

320 6025 407 6097 dnos
433 6043 600 6114 capones,
637 6023 723 6113 dnos
750 6042 883 6110 caseos3
929 6022 1010 6092 item
1037 6023 1175 6093 laborat
1211 6023 1296 6095 duos
1323 6025 1398 6095 dies
1435 6026 1484 6094 in·
1497 6028 1692 6114 septimana
1724 5999 1869 6115 proprio
1923 6033 1925 6036 ⁴

186 6250 190 6258 Ι
273 6138 275 6142 ’
322 6165 426 6217 curru
452 6153 513 6214 aut
539 6152 670 6233 aratro,
696 6164 759 6232 per
786 6151 896 6213 totum
924 6163 1060 6212 aunum.
1087 6143 1175 6212 ltem
1193 6152 1275 6214 sunt
1302 6147 1350 6216 ibi
1374 6146 1524 6236 quinque
1550 6147 1780 6231 hortulaniae‚
1808 6148 1872 6217 ba*

321 6266 442 6337 bentes
469 6287 590 6355 agros,
626 6265 669 6336 de
697 6263 852 6354 qualibet
887 6263 1034 6335 solvitur
1062 6285 1150 6334 unus
1176 6264 1265 6334 ferto
1300 6286 1364 6353 pro
1392 6288 1514 6380 censu,
1549 6275 1587 6337 et
1613 6287 1702 6352 uuus
1730 6267 1869 6337 diesin
