4217 8059
1743 1474 1820 1561 ott

276 1705 391 1779 atilio
418 1711 503 1776 natu
529 1704 651 1776 maiori
678 1702 937 1776 Gnevossio
963 1703 1155 1774 insolenter
1181 1721 1219 1771 se
1246 1702 1314 1771 iam
1341 1698 1494 1789 gerente,
1512 1701 1549 1767 et
1567 1696 1625 1786 qui
1643 1660 1752 1784 uscue
1779 1693 1822 1765 ad

274 1833 393 1899 nostra
425 1833 581 1915 tempora
618 1827 757 1913 vivens,
784 1825 848 1896 sub
875 1823 980 1895 certis
1006 1822 1221 1912 temporibus
1247 1822 1282 1891 in
1310 1819 1515 1897 dementiam
1543 1816 1735 1903 incidebat,
1761 1815 1823 1887 sed

166 2012 170 2023 .
267 1967 338 2019 uec
365 1948 463 2019 osori
491 1946 680 2036 propriae.
701 2000 707 2013 .
727 1999 761 2016 ..
786 1966 829 2017 ne
856 1945 892 2017 iu
913 1942 1062 2015 'alterius
1089 1944 1155 2013 viri
1182 1942 1350 2013 transiret
1377 1939 1565 2030 amplexus,
1591 1936 1723 2009 audens
1748 1957 1823 2009 cre-

225 2100 232 2105 ··
273 2068 365 2156 dere,
392 2067 477 2139 illud
505 2067 540 2136 in
569 2067 816 2138 monasterium
843 2065 1037 2155 praefatum
1065 2064 1213 2135 Sanctae
1239 2060 1459 2151 Gatherinae,
1484 2065 1522 2131 et
1544 2059 1578 2130 in
1598 2058 1700 2129 tidem
1718 2064 1823 2148 atque

274 2209 389 2260 curam
410 2187 537 2276 prioris
566 2187 767 2258 monosterii
795 2185 962 2258 secretius
990 2207 1058 2275 quo
1085 2189 1233 2274 poterat,
1261 2182 1397 2254 nonnisi
1425 2202 1494 2251 una
1520 2179 1655 2269 virgine
1672 2178 1824 2269 meque,

275 2329 363 2398 quse
391 2330 472 2379 sose
500 2307 671 2379 consortis
697 2313 775 2378 erat
800 2305 1008 2396 pediseque,
1035 2313 1071 2378 et
1098 2324 1201 2396 quam
1229 2303 1297 2377 sibi
1323 2303 1468 2375 rebatur
1493 2299 1629 2373 fidelem
1640 2308 1652 2388 ‚'
1675 2300 1710 2371 iu
1737 2299 1824 2370 cista
1948 2354 1953 2363 .

276 2431 363 2501 satis
400 2429 474 2499 late
508 2436 546 2501 et
581 2427 697 2518 ampla
731 2427 910 2517 deposuit,
946 2425 1027 2497 data
1062 2424 1176 2497 eidem
1202 2416 1330 2513 virgini
1355 2423 1400 2495 ab
1426 2420 1586 2495 omnibus
1606 2418 1824 2492 obserandis
1921 2500 1936 2523 ι

274 2548 388 2620 dictae
414 2549 522 2619 cistae
548 2549 662 2637 clave,
684 2548 767 2619 dota
793 2549 934 2636 insuper
959 2545 1189 2618 instructione
1215 2549 1252 2615 et
1278 2540 1453 2633 mundato,
1477 2556 1521 2619 ne
1546 2541 1706 2631 cuiquam
1734 2560 1824 2617 mor·

224 2658 226 2662 ’
276 2669 397 2740 tolism
424 2667 618 2758 depositum
646 2668 822 2757 vulgaret,
839 2666 910 2771 ‘sed
947 2686 1019 2738 rem
1055 2684 1165 2757 usque
1200 2664 1264 2759 ad..
1280 2663 1469 2757 perlectam
1505 2666 1655 2734 oetatem
1681 2660 1744 2733 lilii
1771 2660 1825 2733 sui

184 2831 187 2835 -
276 2795 362 2859 netu
388 2789 533 2859 minoris
567 2787 819 2875 dohanuis,
845 2807 946 2877 quem
973 2793 1010 2859 et
1036 2808 1108 2859 um¹
1126 2774 1455 2865 nonnos-tuditem
1482 2784 1571 2857 satis
1596 2781 1826 2874 legalem,·st

277 2910 337 2998 qui
364 2909 457 2998 patri
486 2886 684 2997 videbatur,
712 2930 775 2980 sue
802 2907 964 2999 prudenti
999 2907 1114 2980 indole
1149 2912 1285 2998 patrem
1310 2926 1559 2998 expressurus,
1583 2903 1721 2978 uomisl
1748 2922 1826 2993 por·

273 3027 384 3100 betae
411 3029 539 3101 ostatis
565 3029 636 3100 tilio
662 3028 685 3100 J
695 3030 867 3101 obsoni
894 3031 1096 3101 thesaurum
1122 3016 1338 3117 praedictum
1364 3032 1401 3099 et
1428 3026 1559 3116 cistam,
1586 3027 1621 3096 in
1649 3044 1720 3116 qua
1743 3042 1827 3099 cou-

275 3148 462 3239 tinebatur,
488 3149 555 3221 sibi
582 3155 747 3241 tanquam
775 3156 953 3241 paternam
972 3148 1234 3239 haereditatem,
1251 3155 1289 3221 ct
1306 3149 1341 3220 in
1359 3147 1453 3221 illios
1471 3148 1705 3236 necessitates,
1721 3149 1826 3236 atque

276 3271 449 3342 utilitates
477 3278 662 3359 servatum,
690 3277 726 3343 et
751 3270 949 3343 revelatura
975 3275 1011 3342 et
1031 3276 1222 3343 ostensura.
1249 3269 1526 3343 Trmeenntitus
1542 3275 1660 3346 sutem
1679 3272 1715 3338 et
1732 3266 1827 3339 edlu·

147 3432 152 3445 ·
277 3391 417 3463 entibus
444 3392 479 3462 in
507 3392 570 3462 tali
588 3413 686 3463 mors
713 3393 813 3465 suuis
839 3400 877 3464 et
903 3392 1117 3482 temporibus
1143 3392 1310 3482 plurimis,
1327 3412 1406 3463 oum
1422 3390 1622 3482 praedictus
1638 3389 1750 3462 osto
1767 3441 1775 3457 .
1793 3440 1828 3459 ..
1872 3482 1880 3499 ι

276 3513 372 3600 prior
400 3513 601 3583 monosterii
628 3512 774 3584 Sanctae
801 3510 1009 3584 Gatherioae
1035 3506 1469 3591 arelicteduevossii
1484 3509 1738 3587 -sucoemersrii
1754 3509 1824 3581 fre-

274 3633 438 3729 quentius
472 3634 671 3722 requirens,
707 3653 752 3704 an
789 3632 929 3723 aliquod
965 3632 1163 3731 depositum
1197 3632 1291 3723 opud
1325 3653 1365 3705 se
1390 3638 1428 3705 et
1454 3631 1700 3742 monasterium
1727 3651 1827 3702 sunm

147 3846 153 3853 .
275 3751 497 3841 habuissent,
524 3757 560 3824 et
585 3759 746 3827 matrona
772 3752 849 3843 ipsa
874 3736 1081 3825 conetamei
1103 3751 1235 3843 aliquid
1262 3751 1373 3824 virum
1400 3773 1518 3840 suum,
1544 3756 1608 3825 sut
1632 3771 1671 3823 se
1692 3750 1827 3823 *hebere

274 3872 502 3961 inficiaretur3
527 3873 672 3945 credens
690 3873 888 3963 praedictus
906 3872 1013 3964 prior,
1032 3873 1101 3945 iam
1120 3872 1251 3945 nullum
1269 3871 1444 3946 conscium
1463 3871 1615 3963 depositi
1632 3888 1826 3962 superesse,
1963 3876 1969 3887 '

275 3999 312 4065 et
328 3993 531 4064 existimans
558 4014 596 4064 se
622 4015 709 4083 opus
735 3994 862 4071 bouum
890 4014 1005 4084 agere,
1022 3993 1052 4066 si
1070 3994 1271 4067 thesaurum
1289 3993 1481 4085 praelatum
1509 3999 1546 4064 et
1569 3992 1764 4083 depositum
1792 3992 1828 4063 iu

277 4112 420 4184 salutem
448 4134 567 4184 eorum
596 4135 741 4204 quorum
778 4113 862 4203 fuit,
889 4114 924 4184 in
952 4113 1144 4204 proiectum
1170 4120 1207 4185 et
1233 4113 1474 4185 necessitatem
1501 4113 1623 4203 templi
1647 4119 1692 4185 et.
1711 4133 1829 4185 mons·
1977 4174 1979 4178 .

277 4234 376 4305 sterii
402 4233 642 4322 convertisset,
669 4233 811 4307 fundum
839 4234 948 4307 cistae
974 4233 1089 4322 rupit,
1115 4237 1151 4304 et
1171 4252 1312 4305 omnem
1339 4233 1542 4305 thesaurum
1568 4238 1606 4305 et
1631 4232 1828 4323 supellecti-

165 4414 169 4421 .
276 4354 343 4425 lem
379 4354 429 4425 illi
465 4354 644 4444 auferens,
680 4374 797 4427 muros
832 4353 1005 4427 notabiles
1040 4352 1162 4443 templi
1196 4357 1234 4424 et
1258 4353 1480 4443 monasterii,
1505 4352 1648 4443 eiusque
1673 4352 1829 4426 oldoinus

276 4474 508 4547 construendo
536 4475 717 4564 convertit,
746 4495 813 4547 non
841 4473 915 4545 sine
943 4473 1172 4547 admiratione
1197 4472 1414 4562 mortalium,
1440 4472 1500 4565 qui
1526 4472 1655 4564 prioris
1680 4473 1829 4564 praeisti

275 4596 477 4685 ignorantes
503 4594 599 4690 unde
621 4601 780 4684 sumptus
806 4594 1042 4699 procederent,
1070 4592 1171 4684 quasi
1195 4592 1450 4685 prouidentiam
1476 4598 1514 4667 et
1539 4592 1746 4667 iudustriam
1760 4595 1829 4665 mi-

275 4717 453 4787 rabantur.
490 4695 578 4785 ¹Dum
608 4736 689 4787 vero
715 4714 739 4787 J
749 4715 954 4787 ohannes
981 4713 1158 4804 praefatus
1185 4708 1437 4787 (iuevossii
1462 4719 1614 4789 uetstem
1642 4714 1828 4806 perlectam

277 4835 447 4925 impleret,
476 4835 573 4925 virgo
601 4835 661 4906 illa
688 4836 832 4926 antiqua
857 4835 1017 4927 deposito
1044 4842 1081 4909 et
1103 4844 1243 4909 secreto
1260 4810 1337 4911 ulid
1350 4834 1556 4909 Julisnui
1579 4836 1765 4929 psteiwto,
1784 4836 1829 4908 sd

277 4956 525 5029 monasterium
557 4956 703 5027 Sanctae
738 4955 947 5029 Gatherinae
983 4978 1072 5029 cum·
1086 4956 1208 5030 eodem
1233 4954 1260 5029 J
1267 4956 1447 5029 chenne
1475 4957 1587 5056 uenit,
1615 4956 1676 5033 sed
1703 4958 1827 5029 cistam

277 5076 442 5148 violatam
469 5082 505 5147 ct
531 5076 677 5147 tractem
705 5078 900 5168 reperiens,
927 5083 963 5149 et
990 5099 1058 5169 quo
1085 5077 1272 5149 thesaurus
1299 5075 1334 5147 in
1362 5097 1403 5148 ea
1429 5075 1608 5169 conditus,
1636 5088 1827 5153 censemus

277 5205 378 5285 esset,
407 5197 607 5287 diligentius
635 5198 823 5288 inquirens,
842 5219 863 5269 a
882 5199 1000 5289 priore
1019 5197 1176 5291 praelato
1194 5217 1398 5289 responsum
1418 5199 1559 5289 accepit,
1579 5218 1713 5273 omnem
1733 5200 1829 5274 illum

278 5317 480 5390 thesaurum
509 5324 544 5389 et
571 5318 819 5410 supellectilem
847 5318 883 5388 in
909 5318 1029 5410 templi
1056 5322 1093 5391 et
1118 5317 1318 5391 morrusterii
1345 5320 1579 5410 necessitates,
1606 5319 1694 5393 falsa
1720 5321 1831 5412 opini-

276 5458 342 5511 one
369 5438 560 5529 deceptum,
587 5436 680 5529 quod
706 5458 807 5513 nemo
833 5438 926 5513 illius
952 5439 1077 5523 liseres
1099 5444 1141 5513 st
1165 5420 1345 5529 superstes
1370 5439 1539 5530 extiterit,
1558 5440 1776 5530 expendisse,
1792 5461 1831 5515 se

278 5559 407 5630 nudum
443 5546 479 5629 et
505 5579 690 5648 pauperem
728 5565 833 5651 etque
869 5559 1061 5633 mendicum
1098 5558 1173 5633 lore
1200 5581 1263 5633 nec
1284 5558 1447 5633 sulficere
1474 5559 1519 5630 ad
1545 5559 1639 5632 illius
1665 5561 1832 5652 thesauri,

277 5686 340 5757 sut
365 5680 509 5751 alicuius
537 5680 611 5750 eius
638 5682 749 5771 partis
776 5680 992 5770 solutionem,
1019 5702 1061 5754 eo
1085 5701 1223 5773 quoque
1240 5701 1416 5769 responso
1443 5700 1527 5753 usus
1554 5680 1730 5772 praelatis
1756 5682 1779 5756 J
1789 5705 1827 5756 o-

276 5802 451 5873 hannes
478 5798 744 5890 Gnevossii,
770 5801 807 5872 iu
834 5822 898 5873 sue
934 5821 995 5892 spe
1021 5807 1059 5874 et
1083 5801 1245 5893 deposito
1270 5805 1416 5891 paterno
1444 5800 1609 5890 deceptus
1636 5809 1672 5875 et
1698 5802 1831 5891 illusus,

276 5943 345 5993 nou
372 5922 447 5994 sine
473 5921 587 5993 cordis
614 5923 667 5993 sui
693 5921 817 6012 grandi
843 5922 1076 6025 amaritudine
1111 5921 1290 6011 discessit,
1328 5923 1628 6013 recuperationem
1653 5925 1743 5997 tanti
1757 5924 1831 6010 ,de-

276 6043 382 6133 positi
408 6041 566 6133 amplius,
593 6064 669 6115 cum
696 6064 773 6115 eam
800 6042 1021 6117 existimaret
1046 6042 1304 6135 impossibilem,
1331 6064 1400 6117 non
1426 6044 1617 6134 requirens.

378 6164 495 6236 Hebet
521 6169 634 6235 autem
663 6165 908 6238 monasterium
935 6165 1128 6256 praefatum
1158 6164 1274 6237 villam
1301 6152 1405 6239 uuam
1430 6164 1544 6239 eidem
1571 6166 1830 6241 monesterioa
1937 6195 1942 6204 ·

274 6284 476 6372 Sbignco
503 6285 546 6356 dc
574 6285 811 6377 Brzeszye
837 6286 937 6376 regni
964 6285 1130 6361 Poloniae
1157 6284 1327 6359 omrssloo
1354 6284 1532 6377 doustsm,
1557 6285 1688 6367 dictam
1714 6284 1831 6362 Wro-

276 6405 510 6477 blowicze.
551 6455 571 6479 .

532 6610 578 6691 ,ῃ
