4217 8059
1751 1462 1925 1585 aaa-¹

270 1724 415 1812 Petrus,
452 1718 648 1812 Jobanues,
684 1718 859 1811 Zegotba,
887 1717 1051 1792 Nicolaus
1079 1716 1476 1812 Marozinonsczy
1512 1718 1598 1793 alias
1624 1718 1826 1813 Zyenpu-

271 1848 457 1934 cbowye
493 1843 537 1914 de
573 1820 679 1914 armis
715 1842 908 1932 Tbopor.
949 1841 988 1911 ln
1017 1862 1085 1931 qua
1112 1847 1194 1912 sunt
1220 1862 1343 1913 novem
1371 1862 1449 1914 rum
1476 1842 1589 1913 medio
1617 1840 1708 1913 lanei
1736 1862 1827 1913 cmc-

270 1965 447 2055 thonaleS,
475 1970 510 2036 et
546 1965 588 2034 de
625 1963 784 2034 omnibus
820 1962 968 2034 solvitur
1003 1961 1134 2033 decima
1161 1962 1408 2053 manipularis,
1434 1970 1472 2035 et
1498 1984 1562 2054 per
1587 1970 1661 2039 tres
1687 1963 1826 2055 ierugas

273 2087 467 2176 canapalis,
494 2093 530 2156 et
557 2085 762 2158 conducitur
789 2076 853 2175 pro
880 2083 1092 2155 monasterio
1118 2083 1428 2181 sanctimonialium
1456 2084 1573 2155 Sancti
1600 2084 1762 2156 Andreae
1789 2087 1825 2156 in

270 2208 508 2295 cracovia,
535 2212 570 2276 et
598 2206 695 2277 valor
721 2206 796 2275 eius
824 2204 1030 2275 aestimatur
1057 2202 1101 2275 ad
1128 2202 1277 2277 sedecim
1305 2223 1449 2275 marcas.
1478 2204 1564 2276 Item
1593 2206 1740 2277 taberna
1757 2226 1825 2277 una

270 2330 401 2400 babens
438 2348 560 2416 agros3
596 2327 677 2397 item
706 2323 926 2397 hortulaniae
958 2324 1047 2394 duae
1075 2322 1244 2395 habentes
1271 2344 1390 2415 agrae,
1418 2326 1461 2396 de
1489 2308 1653 2398 omnibus
1680 2326 1827 2398 solritur

271 2449 404 2520 decima
431 2447 657 2538 manipularis
692 2444 950 2535 tantummodo,
978 2446 1012 2515 in
1028 2426 1244 2539 paratomon
1274 2466 1338 2536 pro
1364 2447 1575 2517 monasterio
1606 2444 1724 2519 Sancti
1752 2447 1825 2518 Au·
1942 2474 1946 2479 ·

269 2570 383 2642 dreao.
423 2568 512 2640 Item
549 2568 728 2658 praedium
764 2587 832 2638 non
869 2573 923 2638 cst
957 2566 994 2636 in
1030 2566 1151 2637 eadem
1186 2566 1270 2637 villa
1297 2566 1455 2658 aliquod,
1483 2568 1566 2639 item
1592 2567 1825 2641 molendinum

271 2711 340 2762 uon
368 2696 432 2761 cst.
782 2703 784 2713 ·

373 2810 521 2898 Unoaz,
558 2798 641 2881 villa
677 2809 742 2881 sub
778 2808 944 2899 parocbia
980 2805 1147 2880 ecclesiae
1182 2805 1226 2878 de
1261 2806 1432 2879 Gbliua
1462 2808 1549 2898 sita,
1577 2809 1675 2880 cuius
1702 2809 1826 2881 haeres

269 2931 447 3003 lohannes
474 2929 713 3019 Dlugoscb
741 2922 1117 3017 dc'Ozarnoczpn
1139 2928 1265 3001 nobilis
1283 2928 1327 2999 de
1346 2928 1650 3005 armis-Zabrza
1675 2930 1825 3020 glana

270 3052 357 3123 alias
385 3051 665 3141 Wyenyawa.
705 3049 746 3121 lu
774 3069 842 3140 qua
877 3056 958 3121 sunt
984 3049 1109 3140 viginti
1137 3049 1288 3139 quinque
1314 3049 1406 3120 lanei
1434 3050 1688 3140 cmetbonales,
1716 3058 1752 3125 et
1778 3051 1822 3123 de

269 3173 428 3243 omnibus
455 3171 604 3243 solvitur
630 3170 764 3242 damma
791 3168 1027 3260 manipularis,
1053 3175 1089 3239 et
1115 3188 1179 3261 per
1205 3175 1356 3261 quatuor
1381 3170 1520 3260 ierugas
1549 3170 1727 3265 panapalis
1746 3192 1824 3244 coe·

267 3294 372 3367 nobio
398 3291 711 3364 sanctimonialium
739 3290 858 3362 Sancti
885 3289 1055 3380 Andreae,
1083 3297 1119 3361 et
1145 3295 1311 3362 tenentur
1337 3289 1431 3361 illam
1450 3290 1649 3365 ometboues
1669 3292 1821 3383 propriis

268 3414 427 3485 curribus
454 3412 581 3501 ducere
608 3413 643 3482 in
670 3412 833 3483 borreum
860 3431 882 3483 a
908 3409 1231 3482 sanctimonialibus
1253 3386 1437 3484 looa'ndum
1454 3418 1491 3483 et
1508 3412 1607 3485 valor
1624 3413 1699 3484 eius
1718 3404 1824 3485 aesti-

267 3541 384 3606 matur
419 3533 462 3605 ad
499 3533 615 3604 decem
644 3552 788 3605 marcas.
828 3531 916 3602 Item
944 3538 1025 3631 sunt
1052 3530 1101 3602 ibi
1128 3532 1296 3603 tabernae
1323 3530 1421 3621 duae,
1448 3531 1617 3604 babentes
1644 3552 1757 3624 agros,
1787 3541 1824 3606 et

268 3655 407 3726 solvunt
441 3652 607 3724 decimam
643 3653 892 3744 manipularem
928 3671 992 3743 pro
1019 3652 1339 3725 sanctimonialibus
1366 3652 1401 3723 in
1426 3650 1653 3749 pooilbmooa,
1680 3660 1823 3745 praeter

268 3754 413 3865 parvum
440 3793 597 3863 campum
623 3773 726 3845 unius
753 3774 930 3864 tabernac,
957 3770 1001 3847 de
1028 3793 1097 3864 quo
1124 3792 1189 3864 pro
1214 3773 1413 3845 ccclesia'iu
1432 3772 1609 3849 Oblina.
1635 3774 1723 3848 Item
1742 3782 1823 3848 sunt

269 3893 489 3966 bortolauiae
506 3893 632 3985 duae,
669 3893 730 3965 scd
766 3913 834 3965 non
870 3893 1003 3967 habent
1035 3914 1147 3986 agros.
1191 3892 1280 3965 Ibem
1318 3900 1400 3967 suut
1427 3893 1624 3969 molendina
1650 3896 1719 3967 tria
1746 3916 1823 3968 oum

267 4015 390 4106 madio,
417 4015 601 4105 exquibus
628 4014 698 4087 duo
721 4015 855 4087 babent
882 4036 994 4107 mos,
1020 4036 1063 4087 ex
1083 4016 1208 4106 quibus
1226 4014 1367 4088 solvunt
1385 4015 1553 4087 decimam
1572 4016 1823 4108 manipularem

269 4136 435 4207 ecclesiae
461 4136 497 4205 in
524 4134 700 4207 Ghliua
726 4135 813 4209 Item
841 4142 897 4208 cst
923 4135 1102 4227 praedium
1130 4154 1236 4209 uuum
1263 4136 1424 4225 militare,
1451 4136 1494 4208 do
1521 4138 1733 4229 onius¹agris
1753 4136 1822 4209 sol·

270 4257 365 4329 vitur
402 4255 535 4328 decima
571 4256 796 4347 manipularis
832 4256 997 4329 ecclesiae
1025 4256 1216 4347 parochiali
1231 4262 1281 4327 'et-
1307 4256 1383 4327 eius
1409 4255 1557 4346 plebano
1583 4258 1619 4327 in
1647 4254 1823 4329 (lblina.

267 4377 355 4449 Item
385 4396 504 4449 omues
531 4378 729 4449 cmetboncs
757 4378 896 4449 solvunt
922 4377 1076 4448 missalia
1103 4362 1166 4467 pro
1190 4376 1337 4449 ccclesia
1357 4377 1392 4447 in
1412 4375 1588 4467 Oblina,
1607 4376 1651 4448 de
1668 4378 1823 4469 quolibet

268 4498 370 4570 laneo
400 4516 463 4589 per
487 4518 558 4569 sex
584 4518 735 4587 grossos.
770 4496 858 4569 Imm
885 4496 1128 4569 tabernatorcs
1155 4503 1191 4567 et
1216 4496 1510 4569 molendina-tores
1538 4498 1677 4570 solvunt
1704 4494 1820 4593 deotpo-

269 4617 352 4688 dom
379 4638 573 4709 perunum
601 4639 769 4707 grossum,
796 4618 972 4689 hortulani
1000 4636 1084 4688 rero
1111 4636 1180 4689 uon
1207 4616 1355 4689 solvunt.

372 4738 619 4828 Wrnzurczli,
647 4739 731 4810 villa
757 4739 821 4810 snb
848 4738 1015 4830 parocbia·
1039 4738 1206 4810 ecclcsiae
1232 4737 1285 4810 de
1311 4737 1467 4809 laneis
1494 4736 1613 4809 Sancti
1639 4736 1823 4809 adalberti

270 4860 347 4950 sita
374 4860 471 4931 cuius
498 4860 623 4931 haeres
649 4866 686 4933 et
713 4859 871 4933 domiuus
894 4859 1139 4932 serenissimus
1166 4855 1331 4933 Polouiae
1349 4880 1419 4931 ren.
1446 4858 1486 4931 ln
1505 4878 1573 4949 qua
1591 4866 1671 4931 suut
1689 4865 1823 4949 septem

268 5002 344 5053 curu
372 4981 485 5052 medio
509 4980 612 5053 lanei
640 4980 892 5072 umetbonales,
919 4980 963 5052 de
990 4980 1128 5072 quibus·
1144 4981 1304 5053 omnibus
1330 4980 1478 5053 solvitur
1504 4978 1638 5051 decima
1664 4980 1823 5071 manipu-

267 5103 371 5194 laris,
397 5111 433 5174 et
459 5123 522 5193 per
549 5109 705 5194 quatuor·
733 5103 871 5193 ierngas
899 5096 1093 5194 canapalis,
1120 5101 1671 5175 monasterio··sanctimonialium
1701 5096 1845 5173 Sancti

268 5221 440 5315 Andreae,
467 5231 503 5295 et
528 5223 667 5296 ducitur
693 5224 728 5294 in
756 5242 875 5295 aarum
901 5224 1076 5313 borreum,
1103 5229 1140 5294 et
1166 5223 1265 5295 valor
1290 5214 1373 5296 eius
1391 5223 1599 5296 aestimatur
1625 5222 1668 5295 ad
1687 5229 1821 5313 septem

141 5346 145 5353 ’
269 5364 412 5415 marcas.
440 5345 527 5416 Item
554 5345 700 5416 taberna
728 5365 796 5416 una
821 5345 954 5427 babens
981 5364 1094 5436 agros,
1121 5344 1316 5437 dequibus
1343 5344 1475 5417 decima
1503 5345 1729 5435 manipularis
1756 5364 1820 5433 pro

269 5465 591 5537 sanctimonialibus
618 5466 652 5537 in
678 5462 895 5560 pacaturam·
929 5466 1017 5539 Item
1032 5466 1265 5539 'bortulauiac
1292 5448 1361 5538 nou
1388 5471 1488 5555 sunt,
1515 5484 1626 5555 nuque
1653 5465 1821 5535 molendi·

268 5607 359 5657 num.
386 5585 474 5658 Item
501 5586 680 5678 praedium
699 5593 763 5658 est
789 5586 838 5657 ibi
865 5588 1017 5678 regium,
1044 5586 1088 5660 de
1115 5588 1213 5660 cuius
1235 5588 1352 5678 agris,
1378 5586 1526 5658 solvitur
1552 5585 1684 5657 decima
1712 5586 1822 5656 mani·

268 5707 400 5797 pularis
427 5727 490 5799 pro
517 5707 620 5780 altari
649 5707 767 5780 Sancti
794 5707 963 5781 Vladislai
985 5709 1026 5779 iu
1056 5706 1212 5781 Ecclesia
1238 5706 1469 5795 &aconensi
1497 5713 1532 5777 et
1558 5706 1658 5778 roim
1684 5706 1821 5777 eiusad
1908 5720 1911 5725 ·

267 5832 340 5898 tres
369 5849 512 5902 marcas.

372 5949 602 6042 Dosannow,
629 5950 713 6022 villa
739 5950 804 6021 sub
831 5950 996 6040 parochia
1013 5948 1188 6022 ''ecclesiac
1214 5950 1258 6021 de
1284 5950 1590 6041 Zarnowyecz
1617 5950 1695 6040 sita,
1722 5950 1820 6021 cuius

268 6070 437 6142 haeredes
472 6070 811 6160 Przedborius,
838 6069 1070 6161 Sbigneus
1106 6077 1142 6141 et
1172 6070 1412 6143 Jobauncs
1438 6070 1566 6143 iratres
1595 6070 1637 6142 de
1665 6070 1820 6163 Szyet-

266 6212 345 6262 aaa
370 6190 414 6262 de
441 6193 547 6263 armis
574 6189 884 6264 Gelitbonumss
900 6192 961 6264 ln·
978 6212 1047 6283 qua
1073 6200 1154 6263 sunt
1181 6192 1360 6265 duodecim
1387 6192 1480 6263 lanei
1507 6192 1749 6283 cnretlmnalcS,
1769 6190 1819 6263 de

267 6315 392 6403 quibus
420 6314 579 6384 omuibus
606 6313 753 6383 solvitur
780 6312 913 6385 decima
929 6294 1166 6404 manipularis,
1185 6320 1221 6385 et
1239 6333 1303 6403 per
1320 6320 1470 6405 quatuor
1485 6314 1625 6403 ierugas
1644 6312 1820 6405 canapalis

266 6438 478 6508 monasterio
507 6436 625 6507 Sancti
652 6434 823 6529 Andreae,
849 6442 886 6509 et
911 6435 1050 6509 ducitur
1078 6436 1114 6506 in
1141 6436 1342 6506 monasterii
1368 6436 1543 6527 borreum,
1569 6440 1605 6507 et
1631 6436 1729 6509 ralor
1746 6436 1821 6511 eius
1834 6432 1859 6451 ”

1989 2354 1992 2359 .
2026 2294 2033 2369 i
