4217 8059
1782 1505 1970 1575 59·

274 1695 529 1786 incorporavit,
564 1704 602 1768 et
628 1698 843 1788 incorporari
869 1701 1039 1791 obtinuit,
1073 1706 1178 1791 atque
1204 1703 1317 1791 uuiri;
1351 1704 1397 1775 ab
1423 1704 1483 1777 illo
1510 1726 1647 1796 quoque
1672 1711 1829 1799 tempore

273 1817 523 1887 monasterinm
542 1815 810 1908 vayerzynense
828 1821 932 1891 etiam
950 1822 1183 1910 parochialem
1206 1829 1315 1907 mmet,
1327 1831 1364 1894 et
1382 1833 1522 1896 exercet
1548 1825 1696 1916 fontem,
1724 1838 1828 1921 atque

274 1953 403 2006 curam.
448 1933 512 2007 eui
530 1936 634 2007 etiam
663 1940 872 2011 monasterio
900 1938 1137 2031 Swerzynensi
1163 1941 1340 2032 praelatus
1366 1942 1532 2018 Gedeon
1557 1946 1645 2019 alias
1666 1947 1829 2040 Gethga

273 2055 458 2145 episcopus
475 2055 732 2147 Gracoviensis,
759 2059 909 2131 decimas
927 2061 1160 2151 manipulares
1179 2082 1262 2133 suae
1280 2083 1420 2135 mensae
1437 2067 1645 2156 episcopalis
1672 2069 1707 2140 in
1728 2090 1829 2159 prae-

271 2174 359 2247 aab
382 2177 497 2274 tribus
514 2178 620 2249 villis:
646 2179 1031 2272 Zwyerzynyecz,
1058 2181 1338 2272 Zabyerzovv
1375 2191 1412 2255 et
1438 2185 1629 2259 Bibicze
1663 2187 1828 2277 donavit,

273 2295 423 2368 contulit
452 2303 489 2368 et
516 2305 641 2389 enpust
665 2299 924 2373 Gasimirus
950 2291 1162 2373 Boleslsi
1188 2301 1475 2377 Krziwousti
1502 2308 1709 2379 monarchae
1728 2310 1826 2398 regni
1923 2366 1926 2371 .

274 2414 442 2489 Poloniae
468 2416 573 2509 filius,
600 2418 669 2492 dux
688 2419 995 2511 Saudomiriensis,
1027 2421 1184 2512 praefato
1211 2425 1422 2497 monasterio
1449 2430 1486 2498 et
1503 2426 1697 2515 virginibus
1731 2429 1767 2501 in
1785 2449 1827 2501 eo

273 2537 500 2631 degentibus,
530 2538 568 2611 iu
594 2541 808 2631 pingviorem
836 2543 952 2614 dotem
979 2543 1081 2614 villas
1108 2564 1189 2616 suas
1216 2545 1354 2619 ducales
1381 2546 1478 2618 iuxta
1505 2547 1739 2625 Vistulam
1765 2551 1828 2620 llu-

272 2658 382 2749 vium,
402 2659 436 2731 iu
454 2659 770 2733 terraLublinensi
788 2662 892 2750 sitas,
919 2661 1403 2756 videlicet-Skowyszin,
1429 2665 1679 2757 Wyotrzna
1704 2689 1827 2758 gora,

271 2775 489 2870 Krampu,
524 2779 759 2872 Woyazin,
796 2781 1069 2874 Rzeczicza,
1104 2782 1372 2857 Juvorzecz
1408 2805 1485 2857 cum
1521 2792 1670 2878 utruque
1706 2788 1826 2861 littore

271 2896 494 2973 vistulae
521 2922 596 2973 cum
623 2903 792 2975 clausuris
819 2903 863 2973 ad
881 2903 1099 2994 piscandum,
1125 2925 1209 2977 cum
1231 2907 1372 2996 stagnis,
1401 2906 1560 2998 lacubus,
1580 2908 1766 2998 paludibus
1791 2916 1827 2982 et

270 3022 401 3113 sylvis,
435 3021 527 3093 villis
561 3022 728 3112 praefatis
763 3024 953 3115 contiguis,
989 3026 1313 3099 circumiacentibus
1348 3032 1385 3098 et
1419 3027 1551 3101 vicinis
1590 3010 1675 3100 F'uit
1709 3036 1825 3100 sutem

270 3144 527 3242 monasterium·
564 3140 809 3235 ‚Sverzynen'se
853 3146 888 3216 iu
925 3145 1181 3235 praedictarum
1230 3146 1390 3219 villarum
1436 3154 1473 3219 et
1508 3149 1763 3221 haereditatum
1805 3171 1826 3222 a

272 3262 505 3337 Gasimiro
531 3265 616 3339 duce
634 3264 904 3349 Saudomiriensi
932 3267 1141 3339 monastario
1164 3265 1427 3358 Svyerzynensi
1452 3268 1658 3340 donaturum
1685 3271 1828 3359 pacifica

270 3384 501 3477 poesoedcm.
540 3386 682 3459 invilla
709 3407 844 3478 quoque
871 3385 1132 3471 Skovriszin
1158 3385 1225 3459 fuit
1241 3387 1347 3476 cella,
1373 3408 1475 3478 quam
1494 3388 1623 3460 fratres
1641 3409 1824 3479 praemon-

269 3512 465 3579 stratenses
489 3527 532 3579 ex
548 3507 733 3598 Zwyera
742 3529 797 3600 yn
806 3528 914 3600 yecz
940 3507 1081 3598 directi,
1108 3507 1383 3581 administrando
1402 3509 1495 3605 bona
1511 3486 1707 3583 mamutio
1725 3511 1822 3583 inbu-

268 3626 446 3717 bitsbsrrt;
462 3648 626 3718 processu
643 3636 760 3701 nmen
777 3629 959 3718 temporis,
977 3630 1059 3701 dum
1073 3636 1170 3700 terra
1186 3629 1408 3703 Lubliueusis
1425 3629 1632 3719 aTsrtaris,
1654 3631 1825 3704 llutlrenis

269 3753 309 3819 et
324 3746 517 3821 lithsoria
535 3754 619 3822 tunc
635 3750 815 3839 barbaris,
840 3748 1055 3840 frequentius
1074 3748 1275 3840 devastata,
1301 3750 1337 3820 iu
1356 3748 1606 3823 desolationem
1625 3751 1823 3824 diuturnam

269 3866 397 3941 tuimet
420 3870 571 3961 redacta
597 3870 835 3944 haereditates
852 3850 889 3942 et
907 3870 1010 3943 villae
1036 3869 1215 3961 praelatae
1242 3870 1298 3942 vel
1315 3878 1514 3962 occupatae,
1541 3870 1595 3941 vel
1614 3871 1683 3943 levi
1710 3874 1824 3963 pretio
1958 3886 1964 3915 ¹

267 3996 426 4081 emptae,
462 3991 516 4063 vel
553 3992 744 4080 cambitae,
780 3992 816 4063 in
842 3992 974 4081 regiam
1010 4011 1156 4080 venere,
1192 3992 1228 4061 iu
1255 4011 1325 4081 qua
1351 3999 1388 4091 et
1414 3992 1582 4063 hactenus
1617 3993 1822 4082 consistunt,

268 4109 455 4201 ditionem,
490 4118 525 4182 et
551 4131 573 4183 a
598 4112 809 4184 monasterio
845 4111 1112 4202 Zvyerzynensi
1147 4112 1320 4184 alienatae
1355 4092 1439 4184 suut
1472 4119 1509 4183 et
1535 4113 1752 4202 abstractae,
1778 4115 1822 4185 de

269 4250 415 4321 qurum
442 4232 588 4322 singuiis
614 4233 650 4303 in
667 4232 742 4304 suis
759 4230 845 4303 locis
863 4233 1092 4304 narrabimus.
1131 4232 1171 4304 ln
1190 4233 1266 4305 loco
1284 4218 1399 4303 autern
1426 4231 1693 4323 Scowyszin
1720 4235 1823 4305 etiam

269 4352 306 4423 in
323 4352 414 4425 banc
439 4352 530 4425 diem
557 4358 655 4425 extat
672 4354 878 4447 oratorium,
905 4354 949 4425 sd
968 4353 1059 4444 qnod
1087 4374 1151 4443 pro
1168 4354 1224 4426 die
1252 4353 1371 4427 Sancti
1388 4352 1560 4425 lobannis
1578 4360 1659 4425 anm
1685 4360 1823 4443 portum

268 4470 422 4562 latinm
448 4474 666 4565 populonium
693 4474 735 4547 fit
752 4494 957 4564 concursus,
982 4474 1228 4547 honorantium
1252 4474 1364 4545 locum
1391 4474 1506 4575 illum,
1532 4480 1569 4543 et
1586 4474 1822 4547 babitaculum

267 4595 494 4666 momaficnm
522 4595 594 4667 illic
611 4595 785 4686 quondam
802 4593 927 4685 fuisse,
953 4596 1165 4669 mamutium.
1208 4592 1248 4665 ln
1267 4595 1344 4665 vico
1371 4612 1463 4682 vero,
1491 4594 1551 4683 qui
1571 4593 1616 4663 W
1624 4602 1823 4684 yetrzua
1959 4584 1962 4589 ’

267 4735 382 4806 gera
415 4715 588 4806 quondam
617 4717 880 4806 nominabatur,
916 4716 1039 4787 subter
1065 4735 1165 4806 quem
1194 4713 1416 4786 Vistulus
1441 4712 1599 4801 pluribus
1625 4715 1822 4787 fluminibus

268 4835 407 4911 imatus
425 4836 594 4927 decurrit,
621 4837 784 4928 oppidum
802 4836 1033 4909 Gazimirz
1050 4837 1200 4926 regiam,
1228 4842 1265 4907 et
1283 4855 1347 4907 arx
1364 4835 1397 4905 ci
1417 4833 1639 4924 impendens,¹
1661 4834 1822 4907 aGasi-

268 4957 384 5029 niro
411 4957 620 5031 Secundo
656 4957 821 5029 Poloniae
857 4978 940 5048 rega
967 4977 1066 5029 muro
1093 4955 1263 5029 fabricata
1288 4956 1483 5063 sita'sunt,
1511 4962 1548 5026 et
1574 4974 1694 5053 omncs
1708 4956 1823 5041 „villae

268 5074 446 5168 meletae
472 5080 537 5152 sub
564 5080 648 5152 dicti
675 5074 783 5151 castri
810 5083 846 5149 et
864 5078 982 5168 oppidi
1009 5076 1240 5149 Karimirz
1265 5077 1407 5155 ditione.
1447 5074 1575 5149 Omnes
1601 5097 1684 5149 vero
1711 5075 1822 5149 dicta·

269 5220 343 5273 rum
380 5200 539 5272 villarum
567 5201 720 5273 decimae
746 5200 998 5290 manipulares,
1034 5219 1123 5290 quae
1140 5199 1254 5277 ,etiam
1289 5197 1334 5269 ad
1362 5198 1610 5271 monasterium
1639 5197 1822 5288 Zwyerzy·

270 5340 375 5395 reuse
410 5322 512 5405 simul
548 5298 623 5395 cum
659 5321 752 5393 villis
787 5322 1026 5412 pertinebant,
1062 5321 1126 5393 sub
1144 5320 1320 5409 ,parocbia
1346 5325 1385 5389 et
1410 5319 1628 5409 proprietate
1654 5318 1820 5389 ecclesiae

268 5442 476 5533 parochialis
510 5441 554 5513 de
572 5440 826 5515 Oasimiriu
853 5442 1069 5528 consistunt,
1095 5446 1237 5530 praeter
1264 5437 1381 5511 villam
1405 5439 1430 5511 J
1438 5458 1694 5525 a-vorzeca,
1713 5437 1819 5531 ,cuius

270 5538 399 5637 nullum
426 5570 525 5635 extat
560 5564 743 5652 vestigium
779 5562 835 5634 vel
870 5558 1053 5650 memoria,
1087 5566 1239 5650 atquae
1274 5559 1429 5631 creditur
1462 5559 1636 5631 alluvione
1655 5558 1820 5643 duminis
1856 5572 1858 5576 “
1956 5548 1961 5557 “

271 5682 490 5758 vistulae
515 5690 552 5756 et
577 5684 731 5756 eiusdem
758 5683 948 5756 vorticibus
983 5683 1107 5754 deleta
1146 5680 1376 5753 contulerunt
1399 5685 1448 5755 ,et
1473 5679 1534 5750 alii
1560 5700 1737 5768 proceres,
1764 5699 1820 5751 sa-

271 5784 401 5899 nopae
426 5812 463 5879 et
487 5807 615 5879 milites
650 5806 750 5896 regni
786 5804 950 5876 Poloniae
985 5804 1020 5873 in
1048 5801 1242 5892 praefatum
1277 5801 1526 5873 monasterium
1562 5800 1820 5891 Swyerzinanse

270 5950 331 6009 sna
347 5928 507 6020 medis,
534 5927 789 6016 haereditates,
816 5930 1005 6015 proventus
1032 5929 1068 5995 et
1086 5923 1205 6015 villas,
1232 5942 1441 6012 magnopere
1468 5922 1632 5993 delectati
1659 5921 1817 5995 coenobii

270 6050 362 6123 illius
387 6055 592 6138 summata,
619 6048 776 6122 videntes
803 6046 1075 6135 consangvineas
1091 6065 1174 6115 suas
1200 6042 1362 6132 stillas,
1389 6064 1478 6133 quae
1505 6042 1560 6114 vel
1578 6041 1820 6113 renuntiarent

270 6171 424 6261 maculo,
459 6170 513 6243 vel
542 6169 716 6241 saeculum
752 6168 831 6259 illas
865 6172 1066 6257 sperneret,
1102 6164 1239 6236 abunde
1284 6171 1321 6235 et
1347 6164 1493 6235 honeste
1529 6164 1564 6233 iu
1592 6181 1766 6253 praesens.
1783 6168 1820 6234 et

193 6344 197 6353 ·
269 6291 494 6389 infuturum
529 6290 699 6375 dolandas
734 6289 787 6359 iri.
831 6287 898 6359 Sed
933 6285 1245 6361 etBoleslaus
1280 6284 1483 6355 Pudicus
1517 6281 1759 6355 cracoviensis
1784 6289 1820 6353 et

269 6410 558 6487 Sandomiriensis
589 6412 663 6483 dux
698 6409 909 6482 dotationem
945 6406 1147 6477 monasterii
1183 6402 1330 6493 praelati
1361 6405 1453 6494 apud
1480 6402 1676 6475 Corczin
1693 6423 1819 6494 agens,
