4217 8059
308 1472 383 1543 236

303 1678 528 1768 manipularis
556 1676 720 1775 ecclesiae
746 1676 938 1765 parochiali
966 1677 1000 1745 in
1021 1675 1222 1747 Paulow.
1262 1665 1350 1746 Item
1370 1694 1489 1748 omnes
1511 1678 1587 1767 agri
1615 1678 1859 1767 amstbonales,
1952 1732 1957 1750 .

303 1801 525 1871 tabernarum
552 1803 589 1867 et
607 1796 882 1868 hortulanierum
903 1798 1042 1874 solvunt
1069 1804 1104 1868 at
1126 1797 1332 1869 conducunt*
1348 1796 1515 1868 dammam
1543 1799 1794 1888 manipularem
1813 1805 1860 1870 vct
1939 1817 1971 1893 ᾗ

286 1911 521 2008 ’ωηαραΙειω
549 1918 813 2009 praepositurae
832 1918 1052 2008 Kyelczensi,
1081 1925 1117 1989 ot
1145 1919 1241 1989 valor
1268 1920 1342 1989 eius
1370 1919 1575 1990 aestimatur
1607 1919 1653 1990 arl
1679 1918 1858 1993 duodecim

303 2061 447 2112 marcas.
488 2039 740 2136 Confiuatcum
760 2039 1028 2130 Szuyslina,
1047 2039 1362 2130 llatblrowycze,
1390 2039 1578 2129 Zauadu',
1607 2040 1858 2130 Dambrorra‚
1909 2094 1913 2100 -

280 2160 490 2250 ·Pawlou,
517 2160 733 2250 Warszow,
759 2159 1012 2251 Jadownilry.
1113 2208 1116 2213 -

322 2302 324 2306 ·
390 2282 619 2371 *Rznr’ruarq
647 2281 730 2351 villa
757 2281 822 2352 sub
849 2282 1015 2371 parocbia
1049 2280 1093 2352 de
1120 2281 1532 2373 Swyanthomarza
1559 2282 1647 2371 sita,
1672 2282 1716 2353 ad
1742 2302 1860 2356 mouc-

305 2404 449 2474 sterium
486 2402 634 2473 Sanctae
670 2402 790 2473 Crucis
817 2403 1005 2492 pertinens.
1042 2402 1081 2472 lu
1109 2423 1178 2492 qua
1205 2409 1286 2472 suut
1314 2407 1462 2491 quatuor
1497 2402 1588 2474 lanei
1616 2404 1860 2494 emethonalas,

307 2534 344 2596 et
371 2524 475 2595 solvit
502 2544 566 2614 pro
594 2544 698 2594 censu
726 2529 762 2594 et
790 2542 854 2614 pro
875 2520 1047 2617 porcellus
1073 2544 1176 2594 unanr
1204 2543 1365 2611 marcam,
1394 2523 1476 2593 item
1503 2543 1570 2594 ova
1595 2523 1749 2615 triginta,
1775 2526 1861 2596 item

305 2646 416 2737 gallos
443 2645 549 2732 dnos,
576 2643 659 2715 item
695 2664 813 2716 caseos
840 2644 946 2732 duos·;
981 2645 1068 2717 item
1094 2664 1162 2714 non
1189 2649 1270 2715 sunt
1296 2645 1463 2726 tabernae
1491 2662 1604 2736 neque
1631 2645 1860 2735 bortnlaaiae,

306 2786 416 2858 neque
444 2767 643 2856 praedium
678 2767 762 2836 item
790 2766 935 2856 quilibet
971 2787 1076 2837 unum
1105 2764 1194 2836 diem
1222 2765 1256 2835 in
1286 2766 1480 2854 septimana
1506 2766 1643 2838 laborat
1670 2786 1774 2838 curru
1801 2775 1862 2838 ant

309 2896 448 2976 aratr03
475 2889 558 2959 item
586 2888 723 2958 decima
746 2887 790 2958 de
818 2888 912 2977 agris
939 2889 1158 2958 emethouum
1187 2886 1414 2977 manipularis
1431 2896 1468 2959 et
1486 2886 1661 2978 canapalis
1679 2909 1742 2979 pru
1761 2906 1862 2980 prae·

306 3011 463 3101 positura
490 3010 680 3081 Kelczensi.
708 3007 817 3079 Valor
843 3029 903 3079 sex
933 3028 1076 3079 marcas.
1103 3006 1264 3078 Confluat
1290 3018 1367 3078 cuni
1394 3009 1523 3080 eisdem
1551 3008 1756 3100 villiacum
1786 3009 1862 3101 qni·

309 3132 375 3204 bns
403 3136 439 3203 et
464 3131 649 3220 Rzepin.

410 3253 676 3340 Woaowrczu,
703 3251 786 3322 villa
822 3252 886 3321 sub
922 3251 1090 3341 parocbia
1125 3250 1167 3321 de
1204 3250 1392 3322 Maniua
1419 3253 1504 3342 sita,
1532 3253 1630 3323 cuius
1666 3254 1862 3344 proprietas

308 3377 420 3448 maior
456 3374 608 3464 pertinet
642 3372 686 3443 ad
723 3373 922 3462 episcopum
958 3372 1234 3460 Lubnczeusam,
1272 3378 1307 3441 et
1343 3379 1424 3443 suut
1461 3373 1496 3442 in
1524 3394 1565 3443 ea
1593 3373 1744 3463 qulnqne
1770 3373 1863 3445 lunai

305 3497 519 3588 pertinentes
547 3494 591 3564 ad
618 3494 817 3584 episcopum
845 3492 1113 3581 Lnbuczansem,
1140 3500 1177 3563 et
1204 3492 1292 3563 duae
1320 3493 1538 3565 hortulaniae
1565 3500 1601 3564 et
1627 3494 1762 3566 decima
1786 3513 1861 3566 ura·

306 3618 486 3708 bipalmis,
513 3622 549 3685 at
575 3615 618 3686 de
646 3615 804 3686 omnibus
831 3614 979 3684 soluitur
1005 3621 1041 3684 et
1065 3613 1272 3685 conducitur
1291 3613 1423 3685 decima
1440 3614 1476 3685 in
1495 3614 1747 3704 Manlna5at
1762 3615 1863 3687 valor

308 3739 382 3810 eins
410 3737 614 3808 aestimatur
644 3734 693 3805 ad
721 3756 781 3805 sex
809 3754 952 3805 marcas.
988 3734 1074 3804 Item
1104 3738 1158 3804 est
1183 3734 1233 3805 ibi
1260 3751 1350 3804 uuus
1376 3734 1514 3824 lauans,
1541 3735 1645 3806 cnius-
1664 3736 1863 3826 proprietas

307 3858 460 3950 pertinet
486 3856 539 3928 ari
559 3856 807 3927 monasterium
833 3854 1131 3926 SanctaeCrucis
1149 3854 1279 3929 Calvi
1298 3854 1483 3944 Montis,
1502 3863 1537 3926 et
1554 3856 1658 3928 soluit
1675 3876 1863 3948 procensu

308 3998 411 4052 unam
438 3997 515 4049 curu
543 3976 656 4048 media
682 3994 833 4047 maroam
860 3983 897 4048 et
923 3983 1074 4067 quatuor
1100 3997 1250 4066 grossos.
1286 3976 1373 4049 Item
1401 3997 1444 4047 err
1470 3978 1565 4067 agris
1591 3977 1748 4049 eiusdem
1771 3978 1863 4050 lanei
1969 3994 1976 4009 ’

310 4101 459 4174 ¹solvitur
483 4099 617 4170 decima
644 4094 868 4187 manipularis
894 4098 1106 4170 monasterio
1134 4097 1283 4169 Sanctae
1310 4097 1440 4169 Crucis.

414 4221 589 4311 Sozousa,
617 4220 700 4292 villa
726 4220 791 4293 srib
817 4219 983 4310 parocbia
1008 4219 1174 4308 aeclesiae
1203 4220 1245 4290 da
1272 4218 1458 4290 Mani-ua
1485 4220 1572 4309 sita,
1599 4221 1697 4292 culus
1724 4222 1862 4312 propri·
1922 4288 1925 4295 .

309 4350 384 4418 atas
410 4365 474 4434 pro
501 4342 642 4434 aliquali
670 4348 770 4432 parte
798 4340 841 4412 ad
868 4341 1117 4413 monasterium
1144 4341 1290 4412 Sanctae
1309 4340 1430 4414 Cmcis
1448 4342 1608 4431 pertinet.
1636 4341 1752 4413 Habet
1768 4341 1860 4414 enirn

309 4467 358 4538 ibi
387 4465 633 4536 monasterinm
655 4462 816 4534 Sanctae
851 4461 972 4534 Crucis
1007 4461 1095 4534 duos
1122 4463 1287 4534 tabernas
1314 4462 1482 4534 babentes
1510 4483 1631 4553 agros,
1657 4469 1695 4534 et
1724 4463 1864 4535 solvunt

310 4604 374 4679 pro
401 4607 505 4658 censu
532 4585 745 4657 monasterio
771 4584 857 4655 duas
883 4596 961 4655 cunr
989 4583 1105 4666 media
1129 4602 1264 4654 marcas
1292 4589 1327 4654 et
1355 4589 1508 4674 quatuor
1520 4604 1680 4674 grossoa3
1707 4591 1745 4655 et
1772 4567 1865 4655 ¹(loci-
1916 4674 1919 4678 Ι

312 4729 368 4780 ma
395 4708 618 4800 manipularis
646 4707 811 4777 ecclesiae
840 4707 876 4776 in
901 4705 1097 4776 Manina.
1135 4705 1221 4776 lteru
1250 4705 1471 4795 episcopatus
1497 4705 1731 4777 Lubnczeuais
1758 4706 1864 4777 habet

310 4831 359 4901 ibi
396 4849 498 4899 unam
534 4829 742 4915 tabernam·
769 4846 858 4917 quae
893 4826 997 4898 solvit
1032 4847 1097 4916 pro
1125 4847 1230 4898 ceusu
1252 4847 1360 4897 unam
1388 4847 1608 4918 sexagenum,
1636 4833 1672 4898 ot
1697 4826 1864 4898 decimam

312 4972 377 5041 pro
403 4951 565 5041 episcopo
599 4947 829 5020 cracoviensi.
1826 4964 1829 4973 ·

415 5069 627 5159 Worsnnm
655 5069 736 5140 villu
764 5071 798 5139 in
826 5069 933 5161 sylvis
960 5088 1068 5160 prope
1096 5069 1135 5140 M
1143 5069 1344 5162 yelyeca,
1370 5076 1408 5140 et
1433 5070 1498 5141 sub
1516 5069 1683 5159 parochia
1700 5068 1865 5142 ecclesiae

313 5191 357 5262 lle
383 5189 574 5261 Zocbou
601 5191 687 5280 sita,
714 5191 827 5262 cuius·
847 5191 1045 5281 proprietas
1073 5191 1155 5262 ollnr
1182 5191 1226 5262 ad
1254 5191 1499 5262 monasterium
1524 5189 1661 5261 Calvi
1689 5189 1866 5262 Montis

313 5311 469 5385 Sanctae
489 5308 609 5382 Crucis
646 5311 844 5400 pertinebat
879 5311 1076 5383 cumomni
1112 5311 1207 5400 iure;
1244 5310 1307 5383 sed
1334 5310 1537 5383 Michael
1565 5311 1674 5383 abbas
1700 5312 1867 5383 cambivit
1940 5309 1943 5316 '

315 5442 400 5505 erm·
426 5453 489 5523 pro
520 5431 604 5503 villa
638 5431 846 5522 Paulow,
873 5432 1016 5504 inlerins
1052 5433 1297 5521 describenda,
1325 5440 1360 5503 et
1386 5432 1539 5504 iohanni
1565 5428 1867 5504 Skrzantblra

315 5555 358 5626 (le
385 5554 487 5626 domo
515 5551 776 5625 Godzamba
802 5553 969 5624 ducentas
997 5574 1137 5626 marcas
1159 5555 1194 5625 in
1223 5555 1291 5625 vim
1320 5554 1599 5626 commutationis
1622 5552 1769 5663 fficio.

323 5688 326 5695 ·
420 5674 604 5763 Pauuow,
631 5674 715 5746 villa
741 5674 873 5745 babens
900 5674 935 5743 in
962 5694 999 5745 se
1025 5675 1259 5765 parochialem
1285 5675 1465 5747 ecclesiam
1483 5652 1772 5768 ligneam}'brope
1789 5674 1867 5746 Bu-

316 5795 542 5868 (lzancz'in
581 5795 666 5884 sita,
700 5816 803 5885 quam
831 5793 1033 5866 Michael
1061 5797 1168 5868 abbas
1206 5803 1245 5868 ut
1281 5797 1522 5888 praemisimus
1550 5817 1613 5887 pro
1642 5796 1723 5867 villa
1748 5813 1867 5868 mona·

236 5902 239 5907 ’
316 5916 415 5989 sterii
442 5917 496 5988 sni
521 5914 755 6006 Woyslau,
783 5915 959 5987 meliorem
986 5915 1218 5988 conditionem
1246 5918 1299 5989 sui
1328 5918 1531 5990 monasterii
1558 5919 1761 6007 effecturus,
1788 5936 1867 5989 cnm

274 6056 277 6071 ·
316 6038 425 6111 nobili
460 6037 620 6110 iohanne
656 6034 954 6108 Slrrzanthlra
989 6037 1097 6109 nobili
1124 6037 1166 6108 de
1194 6037 1296 6109 domo
1333 6036 1596 6110 Godzamba
1621 6038 1804 6128 cambivit,
1831 6045 1868 6110 et

318 6161 528 6232 monasterio
563 6156 710 6230 Sanctae
745 6158 865 6231 Crucis
902 6178 992 6231 anno
1011 6159 1167 6230 «Domini
1198 6160 1305 6230 1471.
1334 6148 1583 6250 appropriavit.
1622 6161 1664 6232 ln
1690 6180 1760 6251 qua
1786 6167 1868 6232 aunt

318 6281 435 6352 decern
462 6281 553 6353 lanei
580 6281 823 6369 emethouales‚
850 6288 886 6351 et
912 6280 1060 6371 quilibet
1087 6280 1191 6351 soluit
1218 6299 1284 6369 pro
1311 6300 1415 6352 ceusu
1443 6300 1545 6353 unum
1572 6302 1724 6354 marcam
1750 6286 1787 6352 et
1801 6300 1868 6372 pro
2004 6369 2008 6373 ⁶

216 6468 221 6488 ,
312 6397 530 6497 perediae...,
543 6403 627 6476 item
645 6387 794 6494 triginta
808 6422 885 6491 ora,
901 6400 1138 6492 gallos-dnos,
1165 6412 1284 6472 caseos
1312 6399 1420 6491 duos3
1447 6404 1531 6474 item
1559 6404 1696 6476 laborat
1723 6403 1870 6495 quilibet
