4217 8059
573 1466 724 1539 246
1485 1442 1530 1537 ἑ

1115 1570 1124 1580 ’
1465 1544 1560 1617 *⁶¹⁶⁷

567 1693 696 1765 pro
749 1678 1027 1747 centum
1083 1673 1351 1745 marcis.
1423 1671 1636 1745 Gaius
1689 1691 1926 1744 omnes
1980 1692 2187 1765 agros
2242 1673 2509 1745 nobiles
2560 1673 2985 1763 redegerunt
3034 1674 3106 1745 in
3158 1673 3540 1765 praedium,
3593 1680 3667 1745 et

567 1794 902 1867 decimam
959 1792 1453 1884 manipularem
1507 1812 1591 1864 ex
1646 1793 1787 1863 illis
1842 1793 2263 1865 monasterio
2318 1794 2623 1883 solvunt,
2680 1814 2807 1865 nec
2859 1799 3056 1866 extat
3107 1795 3405 1885 amplius
3459 1795 3665 1865 villae

567 1914 924 2005 praefatae
975 1912 1256 2005 aliquod
1309 1915 1695 2005 vestigium.
2338 1975 2347 1983 .

679 2088 684 2093 .
776 2035 1436 2125 WLosmowrczn‚
1492 2035 1658 2107 villa
1710 2036 1838 2107 sub
1893 2036 2222 2127 parochia
2275 2034 2362 2106 de
2414 2035 2460 2107 J
2480 2036 2923 2107 aroschin
2980 2037 3134 2106 sita.
3210 2035 3305 2113 ,Iu
3362 2050 3500 2127 qua
3551 2042 3662 2109 est

484 2135 492 2142 ’
566 2155 968 2247 oratorium,
1023 2155 1352 2229 ecclesiae
1407 2156 1493 2228 de
1545 2154 1591 2227 J
1609 2157 2069 2248 aroschyn
2143 2156 2561 2247 subiectum,
2634 2158 2818 2248 quod
2872 2157 3211 2248 plebanus
3263 2158 3352 2229 de
3402 2156 3450 2228 J
3475 2177 3664 2229 aro-

566 2298 656 2350 sz
675 2300 718 2369 y
739 2298 785 2348 n
840 2298 914 2348 re
969 2277 1207 2349 divina
1257 2277 1328 2346 in
1383 2276 1628 2348 diebus
1681 2277 2090 2349 celebribus·
2125 2283 2413 2368 propter
2448 2276 2795 2349 difficilem
2845 2277 3073 2349 Wisl
3094 2296 3195 2348 ae
3248 2279 3664 2368 passagium,

566 2397 843 2502 officiat,
897 2398 1092 2469 cuius
1147 2397 1394 2469 haeres
1445 2396 1491 2468 J
1495 2398 1803 2469 ohannes
1857 2398 1922 2469 K
1942 2420 1982 2469 o
2002 2420 2047 2469 n
2069 2398 2157 2468 in
2178 2418 2212 2468 s
2232 2397 2338 2488 ky
2393 2397 2479 2468 de
2535 2399 2747 2494 armis
2800 2397 2864 2469 R
2882 2419 2926 2469 a
2947 2410 3093 2469 wa·
3176 2397 3256 2470 In
3312 2418 3449 2490 qua
3501 2403 3667 2471 sunt

567 2518 885 2590 undecim
938 2518 1118 2590 lanei
1174 2518 1668 2607 cmethonales,
1724 2519 1808 2588 de
1864 2519 2114 2608 quibus
2168 2519 2485 2590 omnibus
2542 2520 2837 2609 solvitur
2890 2527 2963 2591 et
3016 2520 3427 2593 conducitur
3478 2519 3666 2592 deci-

567 2660 682 2711 ma
733 2638 1183 2743 manipularis
1253 2660 1382 2730 pro
1454 2639 1875 2711 monasterio
1948 2640 2243 2714 Sanctae
2299 2642 2595 2745 Crucis«,
2626 2646 2747 2733 aetg·
2772 2642 2972 2714 valor
3048 2642 3193 2712 eius
3256 2641 3665 2714 aestimatur

566 2761 654 2833 ad
708 2766 866 2833 octo
891 2780 1226 2851 -marcas3
1295 2761 1472 2833 item·
1517 2763 1869 2850 tabernae,
1924 2762 2090 2833 item
2147 2739 3152 2854 liortulani,','f'·¹.1it²raediu1n
3206 2766 3317 2835 est
3366 2763 3663 2852 unicum,

567 2882 654 2954 de
707 2883 901 2955 cuius
953 2882 1142 2972 agris
1197 2882 1492 2954 solvitur
1546 2882 1810 2954 decima
1863 2882 2311 2972 manipularis
2367 2902 2491 2970 pru
2547 2878 2756 2970 estu:
2888 2882 2960 2954 in
3016 2882 3060 2954 J
3080 2883 3579 2974 areschym

613 3074 624 3087 ,
735 3001 1409 3093 -Wr‘rncowrczn‚
1489 3003 1656 3075 villa
1725 3005 1854 3075 sub
1908 2996 2239 3094 pa‘rochia
2311 3002 2399 3074 cle
2467 2984 3040 3100 ἯΞἫρΈΕὲΞι
3120 3002 3438 3094 Wolya
3508 3003 3664 3092 sita,

569 3124 764 3196 cuius
817 3125 1064 3197 haeres
1117 3122 1370 3197 Petrus
1424 3124 1911 3215 Koninsky
1964 3123 2051 3196 de
2107 3126 2307 3194 dunin
2359 3122 2647 3222 Ram.
2720 3149 2764 3186 ιι
2832 3144 2969 3214 qua
3024 3131 3189 3196 sunt
3242 3124 3489 3214 viginti
3524 3124 3665 3197 duo

564 3244 748 3317 lanei
801 3244 1301 3335 cmethonales,
1374 3245 1460 3317 de
1514 3246 1763 3336 quibus
1818 3245 2139 3318 omnibus
2191 3246 2487 3319 solvitur
2539 3248 2611 3314 et
2662 3242 3076 3318 conducitur
3128 3246 3394 3319 decima
3446 3246 3667 3317 mani-

567 3366 830 3456 pularis
884 3386 1010 3456 pro
1065 3366 1488 3438 monasterio
1542 3366 1838 3438 Sanctae
1876 3366 2139 3457 Crucis,
2192 3374 2267 3438 et
2319 3366 2531 3438 valor.
2567 3366 2652 3438 ad
2716 3366 3096 3457 quindecim
3156 3386 3441 3456 marcas,
3496 3368 3667 3439 item

566 3488 878 3576 taberna,
932 3488 1098 3558 item
1153 3487 1524 3576 hortulani,
1577 3488 1740 3558 item
1795 3487 2154 3578 praedium
2193 3487 2286 3559 ibi
2326 3488 2681 3578 optimum,
2737 3487 2822 3558 de
2877 3488 3075 3559 cuius
3100 3489 3317 3578 -agris
3372 3486 3668 3585 solvitur

567 3609 836 3683 decima
887 3608 1339 3699 manipularis
1392 3609 1722 3681 ecclesiae
1776 3611 1846 3680 in
1902 3607 2220 3701 Wolya
2270 3607 2859 3686 Withowska.
2917 3608 3333 3680 Item-lanei
3386 3609 3667 3681 solvunt

497 3711 502 3716 ¹
568 3731 901 3803 decimam
957 3729 1452 3859 manipularem
1509 3749 1635 3820 pro
1672 3731 2077 3821 episcopatu
2114 3729 2575 3819 Cracoviensi,
2631 3735 2705 3800 et
2758 3735 2921 3802 sunt
2972 3729 3175 3820 signa
3226 3748 3435 3820 agros
3486 3728 3665 3801 ‹livi-

568 3851 820 3941 den'tia,
876 3851 994 3942 qui
1041 3848 1348 3922 reddunt
1398 3870 1525 3940 pro
1579 3851 1921 3941 episcopo,
1976 3857 2049 3922 et
2102 3852 2220 3941 qui
2258 3872 2403 3941 pro
2456 3850 2895 3922 monasterio.
2996 3904 3005 3911 .

759 3970 1499 4071 Pazrnrsmwrczn,
1555 3969 1722 4042 villa
1775 3973 1903 4043 sub
1939 3972 2270 4062 parochia
2322 3971 2408 4043 de
2462 3969 2847 4043 Garbow
2900 3971 3055 4059 sita,
3108 3971 3307 4042 cuius
3351 3970 3665 4065 proprie-

571 4100 682 4165 tas
783 4076 792 4083 ’
831 4150 838 4155 .
877 4092 1391 4171 serenissimum
1444 4089 1773 4164 Poloniae
1827 4112 2060 4184 regem
2114 4094 2437 4184 pertinet.
2524 4093 2606 4164 In
2660 4114 2799 4182 qua
2850 4098 3014 4164 sunt
3058 4090 3427 4163 duodecim
3481 4091 3668 4165 lanei
3728 4150 3738 4158 .

569 4216 748 4286 cmet
793 4200 1066 4303 baeles,
1139 4214 1224 4284 de
1279 4214 1528 4304 quibus
1580 4213 1898 4289 omnibus
1952 4214 2250 4288 solvitur
2301 4220 2373 4284 et
2426 4214 2835 4286 conducitur
2889 4213 3156 4295 decima
3209 4212 3665 4302 manipularis

564 4354 694 4426 pro
748 4328 1170 4407 monasterio
1223 4333 1515 4406 Sanctae
1569 4331 1811 4407 Crucis
1826 4391 1843 4424 ,
1897 4341 1972 4406 et
2023 4335 2223 4406 valor
2275 4335 2425 4407 eius
2479 4335 2893 4408 aestimatur
2944 4333 3033 4405 ad
3088 4330 3321 4405 decem
3378 4352 3666 4406 marcas.

565 4456 742 4529 Item
795 4457 1131 4529 tabernae
1185 4457 1398 4545 duae,
1470 4455 1592 4527 sed
1647 4478 1782 4529 non
1837 4456 2100 4528 habent
2154 4476 2397 4547 agroS,
2470 4457 2635 4528 item
2689 4455 3087 4528 hortulania
3121 4474 3294 4545 una,
3350 4453 3475 4526 sed
3528 4474 3666 4527 non
3710 4514 3714 4519 .

566 4578 780 4650 babet
829 4598 1054 4668 agros.
1143 4578 1319 4648 Item
1372 4578 1566 4649 curia
1618 4576 1762 4649 illic
1814 4583 1885 4648 et
1936 4577 2295 4668 praedium
2363 4579 2667 4668 regium,
2740 4577 2825 4648 de
2880 4577 3101 4649 cuius-
3126 4576 3317 4667 agris
3370 4575 3668 4649 solvitur

566 4699 834 4771 decima
905 4699 1354 4790 manipularis
1428 4699 1757 4770 eeclesiae
1830 4698 2342 4788 praebendatae
2414 4698 2493 4769 in
2549 4702 2781 4769 castro
2853 4697 3260 4769 Lublinensi
3280 4751 3297 4786 ,
3371 4696 3667 4768 Sanctae

571 4818 955 4891 Trinitatis.
2298 4828 2303 4833 '
3272 4878 3279 4885 .

776 4938 1243 5029 Gna-uanow',
1281 4940 1462 5041 ‘villa
1513 4940 1644 5011 sub
1690 4939 2021 5029 parochia
2073 4938 2405 5011 ecclesiae
2460 4937 2547 5011 de
2602 4937 2665 5010 G
2685 4940 2907 5010 arbo
2927 4960 2990 5007 w
3043 4938 3198 5027 sita,
3252 4938 3449 5008 cuius
3504 4938 3667 5009 hae-

568 5080 682 5131 res
737 5060 793 5130 F
811 5060 1162 5150 yebron
1216 5059 1467 5134 nobilis
1522 5060 1608 5133 d'e
1663 5061 1876 5133 armis
1931 5059 2456 5133 Taurorum.
2513 5059 2704 5131 Haec
2739 5059 3005 5130 decima
3054 5058 3222 5131 olim
3276 5057 3671 5148 pertinebat

567 5179 655 5251 ad
707 5180 1234 5275 monasterium.
1273 5180 1567 5253 Sanctae
1605 5180 1874 5259 ,Crucis
1919 5180 2204 5254 'Calvi
2274 5180 2657 5270 Montis,
2712 5178 2835 5251 sed
2870 5158 3237 5271 ignoratur
3272 5198 3413 5269 quo
3460 5177 3665 5250 modo

569 5307 690 5373 aut
743 5321 907 5373 casu
959 5302 1260 5374 alienata
1297 5279 1421 5374 ‘est
1465 5283 1517 5373 'a
1569 5304 1992 5375 monasterio
2047 5296 2340 5376 Sanctae
2394 5301 2665 5391 CruciS,
2718 5306 2793 5372 et
2843 5301 3195 5391 perceptio
3250 5301 3399 5372 eius
3453 5299 3669 5389 perti-

567 5428 688 5493 net
740 5443 920 5494 nunc
955 5424 1044 5496 ad
1079 5423 1439 5495 ecclesiam
1496 5424 1960 5523 pawhialem
2015 5425 2086 5494 in
2142 5422 2204 5495 G
2224 5444 2267 5493 a
2286 5444 2320 5493 r
2341 5424 2386 5494 b
2406 5444 2449 5495 o
2468 5446 2567 5511 w,
2622 5428 2765 5494 tam
2792 5426 2987 5512 post·
3028 5419 3407 5511 praedium,
3463 5439 3669 5510 quam

569 5545 984 5617 cmethones.

775 5664 1360 5756 SBAnnowrczn,
1414 5665 1581 5737 villa
1634 5666 1762 5738 sub
1815 5665 2147 5756 parochia
2198 5665 2533 5737 ecclesiae
2586 5663 2672 5736 de
2725 5663 2910 5735 Kaz
2931 5663 2954 5734 i
2975 5663 3200 5734 mirz
3255 5662 3420 5750 sita,
3473 5660 3669 5732 cuius
3704 5650 3747 5662 “’

566 5787 962 5880 proprietas
1034 5788 1122 5858 ad
1176 5788 1688 5860 serenissimum
1742 5786 2070 5859 Poloniae
2141 5807 2373 5879 regem
2446 5776 2767 5877 pertinet.
2856 5785 2937 5855 In
2992 5780 3129 5874 qua
3176 5786 3363 5855 sunt
3429 5781 3670 5853 decem

566 5909 749 5983 lanei
801 5908 1266 5980 cmethonales
1287 5964 1303 5997 ‚
1382 5908 1469 5979 de
1525 5909 1774 5998 quibus
1829 5909 2146 5980 omnibus
2202 5908 2497 5980 solvitur
2551 5906 2819 5978 decima
2872 5905 3322 5996 manipularis
3382 5907 3457 5975 et
3508 5920 3670 5975 con-

567 6030 844 6104 ducitur
861 6085 879 6121 ,
950 6050 1077 6120 pro
1131 6030 1552 6102 monasterio
1607 6028 1904 6101 Sanctae
1958 6028 2234 6120 Crucis,
2308 6033 2381 6101 et
2434 6028 2631 6100 valor
2685 6027 2833 6097 eius
2888 6006 3300 6123 aestimatur
3364 6017 3454 6095 ad
3510 6029 3669 6095 octo

565 6170 869 6241 marcas3
939 6153 1109 6223 item
1162 6151 1494 6223 tabernae
1549 6172 1684 6224 non
1739 6157 1938 6240 sunt,
2009 6151 2177 6222 item
2232 6147 2672 6225 hortulauiae
2727 6166 2863 6218 non
2920 6153 3085 6219 sunt
3102 6201 3120 6237 ,
3182 6146 3353 6218 item
3406 6151 3515 6216 est
3570 6143 3670 6215 ibi

568 6272 963 6362 praedium,
1036 6273 1152 6345 de.
1178 6291 1312 6364 quo
1375 6268 1673 6345 solvitur
1741 6272 2008 6347 decima
2078 6267 2531 6360 manipularis
2599 6287 2731 6357 pro
2802 6267 3093 6341 ecclesia
3161 6265 3543 6358 parochiali
3596 6263 3669 6335 in
