4217 8059
1748 1492 1822 1564 305

273 1686 443 1758 advocato
470 1686 673 1759 Lublinensi
699 1688 830 1775 demta,
857 1689 955 1761 cuius
981 1689 1058 1779 agri
1076 1690 1271 1781 praediales
1289 1693 1334 1763 ad
1353 1715 1458 1764 unum
1477 1714 1555 1766 cnm
1573 1694 1686 1767 medio
1705 1696 1823 1770 lauo'os

271 1808 455 1896 aestimati,
483 1810 693 1880 monasterio
721 1809 878 1905 praelato
905 1810 1007 1888 circa¹
1024 1812 1099 1899 eius
1117 1811 1353 1883 fundationem
1372 1815 1583 1903 incorporati
1601 1823 1637 1887 et
1655 1827 1824 1906 perpetuo

272 1928 392 1998 donati
419 1935 510 2017 sunt,
537 1950 614 1999 cum
642 1930 714 1999 suis
741 1929 853 2019 pratis
878 1935 915 2001 et
941 1931 1145 2003 attinentiis.

377 2047 529 2120 Novum
558 2049 753 2121 allodium.
782 2050 869 2121 item
898 2050 1179 2123 vladislaus
1204 2053 1382 2142 praelatus
1410 2053 1574 2147 Polouiae
1602 2076 1675 2143 ren,
1693 2058 1823 2147 largius

271 2178 307 2240 et
333 2170 474 2241 uberius
507 2170 685 2258 praedium
722 2191 785 2260 pro
822 2172 1032 2243 monasterio
1069 2172 1225 2262 praelato
1253 2172 1401 2245 Sanctae
1428 2173 1602 2266 Brigittae
1629 2176 1823 2266 effecturus,

270 2311 293 2361 a
319 2290 424 2361 Petro
452 2289 831 2380 Gzigeistricher
857 2290 1030 2381 oppidano
1058 2292 1261 2365 Luhlinensi
1289 2295 1373 2366 emit
1391 2272 1487 2367 ⁴(loos
1514 2297 1632 2368 laneos
1658 2318 1822 2387 agrorum

272 2432 348 2482 cum
378 2412 497 2500 pratis,
525 2433 588 2500 pro
616 2419 711 2482 certa
738 2412 904 2501 pecuniae
931 2413 1135 2503 quantitate,
1162 2413 1206 2485 ad
1233 2414 1359 2487 flumen
1387 2416 1661 2494 B-istrzic‘za
1687 2441 1724 2489 se
1742 2440 1823 2510 pro·
1860 2397 1862 2401 ⁵
1896 2456 1900 2464 ·
1971 2399 1978 2414 ’

271 2531 463 2619 tendentes,
492 2553 579 2621 quos
605 2553 639 2601 a·
654 2532 809 2621 quolibet
834 2534 910 2606 inre
938 2533 1040 2623 civili,
1060 2536 1116 2605 cni
1135 2535 1307 2623 qnondam
1327 2536 1473 2607 subiecti
1491 2544 1600 2639 erant,
1618 2546 1655 2610 et
1673 2559 1694 2609 a
1712 2540 1823 2629 regali
1892 2579 1894 2583 <

271 2651 448 2739 libertnns,
476 2652 512 2723 in
539 2659 668 2724 sortem
696 2653 845 2724 contulit
866 2661 1071 2744 perpetuam
1097 2656 1310 2727 monastario
1328 2656 1497 2746 praefato,
1515 2679 1661 2747 quorum
1679 2659 1715 2729 in
1734 2661 1824 2732 hanc

271 2771 361 2843 diem
398 2773 576 2863 pacificum
612 2778 649 2844 et
683 2773 830 2863 liberum
867 2775 987 2856 habet.
1009 2795 1128 2863 usum,
1155 2776 1198 2847 de
1226 2777 1352 2866 quihus
1378 2776 1545 2849 decimam
1572 2779 1823 2868 manipularem

271 2894 411 2965 solvunt
437 2883 733 2966 archidiaconatui
761 2893 974 2984 Lublineusi,
1000 2896 1061 2968 sed
1089 2895 1183 2968 illam
1211 2918 1280 2969 nou
1300 2896 1505 2987 conducunt,
1524 2919 1635 2988 neque
1655 2898 1823 2972 decinmm

271 3015 393 3105 canapi
420 3014 569 3086 solvunt.
919 3086 923 3092 ,
1843 3007 1847 3013 ’

292 3124 294 3129 ’
369 3133 592 3225 czrnnmw,
619 3134 702 3206 villa
729 3123 801 3208 sub
821 3136 988 3225 parochia
1014 3136 1182 3208 ecclesiae
1209 3135 1252 3207 de
1279 3135 1572 3227 Grasznyc'za
1597 3139 1676 3227 sita,
1695 3139 1823 3211 fundus

270 3263 306 3326 et
332 3257 529 3346 proprietas
550 3255 613 3327 ad
628 3257 876 3330 monasterinm
911 3257 1058 3328 fratrum
1087 3264 1124 3329 et
1150 3279 1308 3330 sororum
1336 3257 1599 3329 Lnblinensinm
1634 3261 1823 3349 pertinens,

269 3376 396 3448 donam
422 3376 534 3448 eidem
560 3366 786 3449 monasterio·
809 3377 996 3451 donatione
1032 3384 1218 3468 perpetua,
1246 3399 1308 3468 per
1335 3377 1630 3449 Vladislanm
1657 3378 1821 3453 Secun-

268 3498 367 3568 dum
394 3494 558 3569 Poloniae
586 3520 712 3588 regem.
740 3499 779 3569 ln
807 3521 875 3589 qna
902 3504 983 3570 sunt
1010 3499 1127 3571 decem
1154 3498 1247 3570 lanei
1274 3499 1518 3588 cmethouales,
1546 3521 1692 3590 qnorum
1720 3501 1823 3592 quili-

268 3620 329 3690 bet
355 3639 418 3709 pro
445 3640 558 3690 annuo
596 3641 700 3691 censu
735 3620 842 3691 solvit
875 3620 1024 3692 mediam
1062 3641 1232 3722 marcam;
1267 3621 1349 3691 item
1377 3620 1525 3711 quilibet
1550 3621 1692 3712 proprio
1719 3643 1823 3695 curru

267 3740 406 3819 laborat
427 3761 552 3829 ,agrum
580 3721 802 3830 praedialem'
817 3740 938 3839 decem
964 3740 1105 3830 diebus3
1131 3741 1215 3813 item
1243 3740 1286 3810 de
1312 3740 1413 3812 laneo
1440 3738 1587 3831 quilibet
1612 3742 1717 3814 solvit
1735 3741 1823 3815 duos

267 3861 397 3952 gallos,
421 3861 510 3932 duos
542 3880 682 3950 meaos,
709 3861 826 3933 decem
853 3881 929 3932 nra.
965 3861 1052 3933 item
1080 3883 1149 3933 non
1175 3861 1308 3932 iaciunt
1334 3859 1509 3933 domoras.
1548 3861 1636 3932 Item
1653 3850 1699 3932 'in
1728 3865 1823 3952 agris
1902 3886 1905 3891 ·
1946 3860 1951 3868 '

269 3983 504 4074 praedialibns
531 4004 594 4073 pro
621 4004 703 4055 vere
729 3984 839 4055 aratis
866 3990 902 4055 et
928 3983 1086 4072 excultis,
1113 3983 1286 4054 seminare
1313 3981 1459 4073 quilibet
1484 3988 1625 4054 tenetur
1642 3983 1695 4055 -de
1713 3974 1839 4057 avena
1979 4072 1986 4093 1,

269 4104 411 4194 propria
437 4110 474 4174 et
500 4104 645 4193 munda,
673 4103 760 4176 dnos
787 4125 887 4176 coros
915 4123 1096 4175 mensurae
1123 4104 1279 4194 aequalis
1306 4109 1342 4174 et
1368 4102 1492 4192 planae
1520 4101 1760 4191 Lublinensis3
1786 4105 1822 4177 in

268 4226 362 4314 agris
398 4244 481 4295 vero
518 4245 582 4313 pro
617 4225 757 4314 hyeme,
784 4230 948 4304 tenentur
979 4225 1150 4296 seminare
1177 4223 1264 4294 dnos
1290 4244 1392 4294 coros
1418 4223 1583 4313 siliginis,
1610 4223 1652 4295 de
1682 4225 1821 4314 siligine

268 4346 470 4429 monasterii
506 4366 687 4416 mensurae
710 4345 964 4434 ·Lublinensis;
990 4350 1027 4416 et
1052 4364 1156 4434 agros
1182 4330 1344 4425 tenentur
1371 4363 1490 4431 arare,
1518 4341 1719 4433 disponere,
1746 4351 1824 4415 sata

268 4472 407 4554 metere,
434 4473 470 4538 et
497 4468 647 4557 propriis
675 4448 835 4538 curribus
862 4448 1064 4541 conducere.
1090 4465 1177 4544 Item
1204 4471 1285 4536 sunt
1305 4465 1339 4534 iu
1357 4463 1479 4536 eadem
1498 4463 1582 4533 villa
1599 4463 1687 4535 duae
1704 4465 1822 4536 taber-

268 4608 351 4675 nae,
379 4595 415 4658 et
442 4588 619 4678 quaelihet
646 4588 764 4659 habet.
786 4589 947 4678 proprios
984 4608 1106 4677 agros,
1132 4593 1169 4658 et
1196 4585 1373 4677 quaelibet
1399 4585 1547 4656 taberna
1573 4584 1677 4656 solvit
1704 4605 1822 4656 mona-

268 4710 375 4780 sterio
402 4730 466 4800 pro
494 4730 609 4780 annus
637 4731 742 4780 censu
766 4697 972 4799 sexagenum
991 4730 1094 4782 unam
1114 4707 1281 4798 pecuniae
1298 4702 1498 4794 communis,
1517 4712 1553 4775 et
1570 4705 1657 4791 nihil
1671 4705 1822 4795 laboral,

269 4850 379 4920 neque
408 4851 527 4921 sepum
547 4830 660 4918 solvit,
679 4851 790 4922 neque
808 4852 883 4921 ova,
903 4851 1014 4920 neque
1033 4850 1163 4901 caseos.
1190 4828 1278 4899 item
1297 4847 1365 4898 non
1385 4826 1525 4898 solvunt
1542 4822 1741 4897 oonnsrno
1760 4847 1823 4898 seu

260 4949 457 5047 podymnm
483 4953 565 5022 item
593 4950 773 5046 ponebam
789 4972 866 5023 non
894 4952 1077 5040 laborant,
1102 4970 1215 5041 neque
1242 4970 1306 5039 pro
1334 4968 1433 5034 vere,
1460 4967 1571 5038 neque
1598 4968 1662 5038 pro
1688 4947 1822 5039 hyeme.
1873 4936 1876 4942 ’
1930 5003 1933 5006 -

266 5072 353 5144 ltem
390 5073 426 5144 in
462 5073 580 5143 eadem
618 5073 700 5143 villa
735 5080 789 5144 est
823 5093 892 5143 nna
926 5071 1145 5160 hortulanis,
1170 5077 1208 5142 et
1242 5062 1449 5140 hortulanus
1485 5067 1590 5139 soluit
1617 5088 1686 5158 pro
1707 5087 1822 5140 annno

268 5213 382 5281 censu,
397 5216 514 5264 unum
541 5194 720 5280 fertonem,
748 5193 834 5264 alias
861 5194 1220 5283 duodecimgrossos,
1246 5197 1289 5262 et
1305 5189 1423 5261 nullos
1449 5188 1536 5287 iacit
1548 5187 1707 5260 labores.
1735 5188 1821 5263 item
1927 5226 1930 5231 >
1997 5303 2003 5319 Ι

268 5334 331 5402 pro
360 5315 455 5404 regia
491 5316 641 5386 statione
677 5314 762 5385 nihil
801 5314 958 5410 solvunt,
971 5313 1048 5387 ,sed
1075 5321 1157 5385 sunt
1192 5313 1236 5383 ab
1263 5311 1530 5385 ea=cmethones
1546 5309 1684 5400 singuli
1712 5310 1821 5381 liberi.

267 5433 355 5504 Item
382 5442 454 5505 tam
481 5435 572 5507 lanei
598 5435 844 5525 emethonales,
872 5455 974 5526 qnam
1001 5435 1077 5526 agri
1104 5435 1339 5521 tabernarum,
1366 5432 1506 5503 solvunt
1525 5430 1692 5500 decimam
1710 5430 1821 5500 mani·
1942 5481 1945 5485 .

268 5555 422 5644 pularem
450 5555 615 5627 ecclesiae
652 5556 842 5645 parochiali
878 5556 997 5627 Sancti
1024 5555 1117 5628 Vitti
1146 5556 1180 5626 in
1208 5552 1330 5644 Gory
1366 5572 1474 5643 prope
1501 5549 1821 5638 Sandmiriam‚

268 5682 304 5745 et
331 5683 496 5747 tenentur
523 5698 598 5747 eam
625 5677 759 5748 incolae
786 5678 936 5767 propriis
964 5678 1125 5749 curribus
1153 5675 1345 5747 conducere
1372 5674 1406 5742 in
1435 5672 1599 5743 horreum
1625 5690 1647 5740 a
1673 5670 1821 5760 plebano

268 5795 310 5866 de
339 5793 461 5889 Gory
488 5796 678 5887 locandum,
705 5804 741 5869 et
768 5797 866 5868 valor
893 5798 967 5869 eius
994 5798 1200 5873 aestimatur
1227 5796 1271 5868 ad
1290 5800 1421 5884 septem
1440 5812 1595 5880 marcas,
1621 5791 1821 5882 canapalem

268 5925 383 5988 autern
422 5919 588 5989 decimam
625 5929 678 5990 ex·
704 5917 950 5990 consuetudine
985 5919 1203 6008 praescripta
1235 5938 1303 5988 non
1331 5914 1479 6010 solrnut.
1523 5913 1610 5984 Item
1638 5914 1673 5982 in
1700 5911 1820 5983 eadem
1914 5980 1917 5985 .

268 6038 351 6109 vilia
377 6045 432 6110 est
459 6038 625 6128 scoltelia,
653 6060 740 6130 quae
768 6040 874 6111 habet
899 6039 987 6111 duos
1013 6038 1132 6110 laneos
1159 6059 1323 6130 agrorum
1351 6036 1499 6123 liberos,
1526 6040 1562 6104 et
1589 6054 1691 6103 unam
1719 6032 1821 6123 pisci·

268 6180 365 6248 uam,
401 6165 436 6230 et
469 6152 608 6231 tenetur
645 6161 777 6232 servire
813 6160 1023 6232 monasterio
1051 6161 1087 6231 in
1115 6159 1395 6250 equo-proprio,
1415 6174 1635 6246 -qnocunrque
1662 6153 1821 6258 mittitur.

266 6281 354 6352 item
391 6280 481 6352 idem
519 6281 685 6352 scultetus
721 6282 764 6354 de
791 6283 886 6372 agris
922 6283 994 6353 suis
1021 6281 1083 6353 dat
1109 6280 1277 6352 decimam
1303 6275 1571 6365 manipularem,
1599 6280 1634 6345 et
1661 6256 1828 6347 condocil

267 6423 344 6474 earn
380 6423 444 6492 pro
481 6400 627 6492 plebano
663 6407 702 6487 et
735 6423 798 6492 pro
825 6402 971 6474 ecclesia
1004 6401 1197 6494 parochiali
1223 6403 1260 6475 in
1286 6395 1588 6485 (lrasznicza,
1614 6417 1636 6466 a
1662 6390 1821 6486 mnndi
1941 6497 1951 6511 θ

371 6544 420 6585 bib.
433 6544 530 6585 nanno.
543 6543 586 6584 111.
1615 6543 1653 6593 89
1724 6554 1727 6558 ’

1442 6740 1559 6843 'so

356 6796 417 6947 2r'
