4217 8059
1757 1516 1827 1588 aaa
1952 1600 1962 1611 ‚

277 1710 462 1785 medietate
481 1704 564 1786 villa
582 1715 733 1805 pertinet
753 1715 796 1786 'ad
816 1715 1004 1806 Zegotlram
1023 1715 1135 1789 Obri
1148 1719 1225 1788 obt
1252 1718 1295 1812 de
1316 1719 1422 1790 domo
1438 1719 1752 1811 Bippennium,
1772 1725 1831 1814 qni
1874 1739 1876 1743 ·

196 1818 199 1825 λ
277 1834 382 1904 babet
408 1835 456 1905 ibi
484 1836 681 1925 praedium,
709 1836 752 1905 de
779 1858 847 1926 quo
874 1837 978 1908 solvit
1005 1838 1174 1913 decimam
1202 1839 1366 1912 ecclesiae
1392 1840 1520 1911 ibidem
1548 1842 1594 1911 in.
1611 1839 1829 1935 Ozirnye-
1939 1933 1943 1943 1

276 1956 417 2043 aliam
445 1964 507 2026 et.
527 2012 534 2026 .
554 2011 560 2026 .
589 1957 706 2028 lausus
733 1959 976 2029 amathonales.
994 1947 1103 2030 ’Item'
1119 1960 1225 2031 habet
1251 1961 1398 2032 ecclesia
1419 1962 1544 2032 'laneos
1572 1969 1609 2032 et
1634 1983 1738 2053 agros
1765 1982 1829 2054 pro

273 2092 335 2179 auo
362 2067 515 2164 praedio:
529 2073 606 2148 'usu
633 2069 683 2147 et'
695 2059 912 2151 neccessitate.
938 2079 1026 2151 item
1054 2081 1097 2151 de
1115 2080 1274 2152 omnibus
1291 2082 1386 2170 agris
1403 2082 1506 2153 uillae
1523 2082 1673 2153 soluitur
1690 2083 1825 2163 decim

270 2180 440 2267 acclesiae
475 2198 510 2267 iu
538 2186 886 2289 Oziruyeobow,
913 2206 949 2270 et
977 2201 1075 2275 valor
1110 2202 1183 2272 eius
1219 2202 1425 2273 aestimetur
1446 2201 1495 2289 ad
1523 2222 1583 2273 sex
1609 2209 1830 2293 murcasfst

275 2316 422 2388 solvitur
448 2324 519 2389 tam
547 2317 590 2388 de
617 2319 711 2407 agris
739 2321 950 2409 monasterii,
971 2325 1078 2410 'quam
1107 2320 1325 2393 militaribus.
1352 2320 1512 2392 Confluat
1537 2343 1613 2393 cum
1642 2322 1828 2414 Praesi-

275 2456 369 2527 nya,
396 2436 720 2530 Ruszoczicze‚
749 2438 1034 2511 Wolowicze.
1243 2452 1246 2457 ’

378 2557 517 2647 Rasna,
545 2559 627 2630 villa
652 2561 784 2651 liabens
813 2562 847 2630 iu
876 2581 913 2630 se
939 2561 1119 2632 ecclesiam
1147 2561 1392 2651 parochialem,
1420 2562 1568 2634 Sanctae
1595 2561 1731 2633 Mariae
1759 2564 1826 2635 As·

274 2679 463 2766 sumptioni
498 2678 664 2768 dicatam,
701 2682 797 2751 cuius
833 2684 1030 2772 proprietas
1066 2682 1110 2754 ad
1137 2684 1383 2753 monasterium
1412 2682 1638 2754 lbiuczieuse
1666 2685 1827 2772 pertinet.

178 2814 194 2825 “
274 2797 312 2867 lu
342 2819 410 2888 qua
437 2808 518 2870 suut
546 2800 663 2872 decem
691 2802 782 2873 lausi
806 2798 1063 2892 'emethonales,
1089 2810 1126 2874 et
1153 2803 1299 2893 quilibet
1324 2782 1430 2883 soluit
1458 2823 1521 2893 pro
1548 2824 1653 2874 censu
1680 2803 1827 2876 mediani

273 2938 422 2990 marcam
447 2919 595 2991 latorum
624 2941 836 3011 grossorum,
862 2923 947 2994 item
976 2944 1042 2995 ova
1069 2923 1269 3012 duodecim,
1285 2911 1379 2994 'item
1406 2923 1524 3012 gallos
1546 2932 1714 3014 quatuor,
1737 2927 1825 2995 item

273 3058 409 3110 mecum
446 3062 566 3128 unum3
595 3043 685 3112 item
722 3044 882 3114 laborant
918 3044 1140 3115 conducendo
1174 3043 1309 3132 fimum,
1344 3043 1580 3117 falcastraudo
1606 3053 1764 3135 pratum,
1789 3051 1826 3116 at

273 3160 495 3232 conducendo
531 3161 689 3250 loenum3
724 3162 927 3267 falcastrant
964 3184 1108 3238 avenam
1145 3171 1182 3236 et
1215 3163 1419 3235 conducunt.
1461 3164 1547 3234 item
1576 3163 1762 3258 powobuae
1788 3166 1824 3235 in

273 3277 424 3376 iutrzyui
457 3283 612 3373 explent,
640 3290 676 3354 et
702 3292 867 3357 tenentur
893 3305 1012 3374 arare,
1040 3285 1228 3374 seminare,
1254 3291 1406 3373 metere,
1429 3285 1625 3357 conducere
1651 3305 1716 3374 pro
1743 3305 1825 3379 vene

271 3407 308 3471 et
333 3396 466 3499 husus.
507 3403 594 3474 ltem
631 3426 767 3500 omqep
794 3405 950 3496 solvunt,
978 3406 1022 3478 de
1048 3386 1208 3496 qualibet
1230 3405 1331 3493 virga
1357 3404 1508 3476 medium
1535 3407 1678 3476 chorum
1706 3406 1826 3497 tritici,

272 3512 483 3629 sillginlpaat
509 3544 658 3612 avenae;
686 3525 767 3597 item
795 3527 962 3599 tabernae
997 3526 1086 3599 duae
1105 3527 1281 3603 ,babentes
1308 3525 1429 3616 agros,
1456 3533 1491 3596 et
1519 3525 1693 3617 quaslibet
1720 3527 1825 3599 solrlt

269 3625 334 3739 pro
361 3640 465 3741 mm
494 3651 644 3734 quatuor
660 3666 804 3718 marcas
833 3647 919 3718 Item
938 3647 1157 3733 hortulaniae
1174 3653 1248 3718 tres
1265 3646 1435 3718 babentes
1457 3665 1570 3737 agros,
1598 3646 1646 3716 nil
1674 3647 1823 3736 solvunt,

267 3756 331 3834 seo
349 3744 533 3855 'alarino
569 3765 603 3835 u
640 3766 833 3856 septimana
860 3786 967 3839 unum
992 3767 1084 3840 oren
1108 3767 1256 3839 laborm
1294 3767 1379 3838 rum
1396 3762 1586 3857 amentum
1604 3767 1823 3856 coenoman,

271 3883 314 3954 de
341 3886 439 3956 cuius
466 3887 561 3975 agris
589 3888 673 3957 nulli
700 3888 804 3959 solvit
827 3888 1006 3980 decimam,
1035 3888 1096 3960 sed
1124 3908 1198 3960 eam
1226 3909 1290 3978 pro
1309 3886 1474 3959 satollia
1502 3887 1727 3959 ltem'umnes
1742 3889 1822 3976 ugni

271 4006 374 4078 vidue
401 4007 546 4079 solvunt
568 4008 736 4079 decimam
763 4015 799 4079 st
826 4009 1031 4101 conducunt,
1049 4015 1121 4082 tam
1139 4008 1400 4099 manipularem,
1419 4007 1522 4098 quam
1540 4007 1739 4098 danupsiam
1758 4027 1822 4097 pro

269 4107 479 4218 episcopatu
508 4126 747 4218 Omooviensi,
775 4136 812 4201 e't
839 4130 937 4203 valor
971 4131 1046 4204 eius
1073 4131 1280 4205 aestimatur
1307 4128 1351 4199 ad
1377 4128 1557 4200 duodecim
1585 4148 1734 4215 marcas,
1760 4128 1823 4199 aut

271 4268 333 4337 per
369 4254 447 4342 octo
483 4254 614 4321 scottos
650 4250 758 4339 latos,
779 4245 879 4324 ,duas
915 4271 1095 4349 mensuras
1131 4250 1261 4339 tritici,
1287 4255 1323 4319 et
1349 4248 1437 4320 duas
1464 4247 1614 4338 siliginis
1640 4268 1704 4339 pro
1731 4247 1821 4320 festo

270 4367 386 4439 Sancti
414 4357 569 4460 Martini,
596 4377 632 4441 et
658 4352 827 4461 expensas
855 4371 976 4444 nuntio
996 4372 1198 4462 episcopali.
1225 4370 1313 4441 Item
1331 4368 1400 4440 duo
1427 4367 1633 4454 molendina,
1651 4369 1818 4453 babentia
1884 4458 1889 4467 ¹

269 4508 371 4594 agros
398 4509 439 4560 ex
468 4489 629 4580 praedio,
657 4491 700 4562 de
728 4492 852 4582 quibus
879 4492 1046 4565 decimam
1075 4491 1224 4564 sols-unt
1246 4472 1314 4581 pro
1340 4489 1552 4561 monasterio
1580 4488 1817 4578 Thynezieuat,

268 4589 413 4681 iuferius
440 4611 544 4681 solvit
571 4612 673 4683 duas·
694 4592 902 4703 serapeum,
929 4613 1089 4703 superius
1115 4611 1204 4684 duas
1229 4629 1382 4699 marcas,
1409 4614 1447 4681 et
1467 4609 1534 4680 ibi·
1551 4608 1693 4699 piscina.
1703 4638 1713 4645 ··
1734 4608 1822 4679 Item

269 4731 466 4802 emethones
494 4731 633 4803 solvont
659 4730 797 4827 rimldrp
823 4753 887 4823 pro
912 4733 1134 4822 monasterio,
1160 4732 1204 4804 de
1222 4730 1376 4822 qualibet
1394 4731 1495 4820 virga
1511 4730 1653 4803 chorum
1671 4728 1819 4818 triplicis

268 4852 388 4940 graui,-
420 4852 549 4940 tritici,
585 4853 733 4942 siliginis
761 4836 804 4924 ¹et
823 4836 980 4926 varenae.
1019 4851 1180 4925 mutuat
1215 4864 1292 4924 cum
1319 4849 1513 4940 Erudit,
1538 4847 1820 4940 Praegyuyu,

269 4970 521 5061 Ozulouek,
550 4972 685 5044 Nowa
712 4972 878 5065 Wyesz‚
905 4972 1131 5064 Sos'znlra,
1158 4954 1357 5062 Gaulum,
1384 4969 1585 5060 Porabu,
1611 4969 1819 5065 Zalyasa.

372 5093 604 5183 Bnczrcarn,
632 5094 714 5164 villa
740 5094 804 5165 sub
831 5094 997 5184 parocbia
1011 5094 1067 5165 ds
1093 5092 1368 5165 Morauicza
1393 5093 1472 5182 sita,
1500 5091 1597 5163 cuins
1623 5084 1820 5181 proprietas
1966 5071 1970 5086 ⁸

268 5212 312 5283 ad
340 5213 585 5313 monasterium
614 5213 818 5286 Thinciense
841 5215 1007 5305 pertinet.
1032 5214 1073 5285 lu
1100 5197 1177 5303 qua
1195 5219 1276 5286 sunt
1301 5219 1434 5304 septem
1463 5211 1554 5284 lanei
1571 5211 1817 5298 amethoualas,

268 5342 303 5403 et
330 5334 475 5424 quilibet
501 5334 606 5406 solvit
633 5354 697 5425 pro
724 5355 828 5407 censu
857 5389 940 5424 ...,
976 5335 1059 5408 item
1085 5355 1151 5406 ova
1177 5320 1378 5423 duodecim,
1405 5334 1486 5405 item
1499 5360 1506 5370 ·
1519 5331 1631 5421 pallos
1658 5336 1818 5421 quatuor,

268 5454 348 5525 item
377 5474 496 5550 caseos
523 5455 629 5546 duos3
656 5432 739 5527 item
767 5456 928 5528 laborant
953 5452 1111 5550 iutrayui,
1134 5461 1174 5549 ,et
1200 5460 1365 5528 tenentur
1391 5468 1503 5540 arare,
1531 5452 1718 5540 seminare,
1745 5468 1818 5523 me·

266 5580 351 5655 tere,
379 5576 588 5665 conducere3
614 5577 696 5647 item
718 5553 911 5671 portabunt„
938 5576 1021 5649 itam
1049 5596 1196 5676 oaazpep,
1222 5575 1306 5649 item
1333 5575 1494 5662 tabema‚
1522 5573 1606 5643 item
1633 5570 1819 5661 hortulani,

268 5696 347 5765 item
377 5697 556 5786 praedium
585 5696 784 5770 coenobiale
811 5674 887 5769 non'
907 5703 970 5770 est.
997 5698 1086 5768 Item
1114 5706 1233 5769 omues
1259 5695 1332 5784 agri
1361 5693 1464 5765 villae
1490 5691 1816 5767 solvuutdaeimam

267 5837 330 5906 pro
358 5817 503 5889 ecclesia
518 5819 564 5899 'iu
593 5817 879 5908 Morawicaa
906 5825 942 5891 et
967 5818 1166 5908 percipiunt
1192 5836 1267 5889 eam
1294 5816 1365 5905 duo
1379 5814 1529 5905 plebani
1556 5815 1591 5884 in
1611 5810 1816 5884 Morawi·

267 5956 344 6008 oza
372 5939 505 6010 vicibus
525 5940 685 6011 alternis.
713 5938 808 6011 Villa
825 5937 983 6029 praefata
1000 5940 1036 6009 in
1054 5943 1131 6010 toto
1149 5937 1327 6010 decertata
1345 5943 1408 6027 est
1426 5941 1566 6025 praeter
1583 5929 1815 6004 molendinum

267 6058 396 6130 dictum
424 6059 723 6151 Barcziczyn,
741 6055 974 6132 molendinum
992 6060 1033 6137 iu
1046 6058 1186 6130 flumine
1204 6055 1549 6148 Wyelgarzelra
1575 6058 1630 6124 est
1646 6052 1704 6139 lbi,
1724 6049 1816 6140 quod

267 6179 371 6251 solvit
407 6201 470 6270 pro
507 6182 718 6252 monastario
754 6188 827 6253 tres
863 6159 1017 6270 marcas}
1051 6179 1185 6251 babens
1221 6198 1325 6269 agros
1352 6184 1388 6247 et
1414 6180 1524 6267 prata.
1551 6172 1711 6246 Goulinat
1737 6191 1816 6286 cum

252 6301 510 6389 Saoszulra,
539 6301 833 6392 Murawicza,
860 6300 1117 6388 Obroszna,
1144 6298 1360 6387 Murano,
1387 6295 1568 6371 Gaulow
1595 6300 1631 6365 et
1656 6291 1818 6365 Ribuu

369 6421 611 6509 Gnonzrncz,
639 6421 722 6493 villa
748 6422 812 6494 sub
838 6404 1005 6512 parocbia·
1030 6421 1075 6493 de
1099 6414 1355 6511 Re‘gulic'ze
1381 6418 1473 6505 sitas
1493 6416 1592 6488 ouius
1616 6415 1815 6509 proprietas

367 6582 523 6631 uanam
534 6590 589 6660 ιιιΙ
1296 6587 1299 6597 ·
1611 6565 1651 6659 3⁴
