4217 8059
1747 1496 1821 1573 315
1893 1518 1901 1525 ·

376 1697 580 1789 Kossmso,
617 1700 699 1773 villa
727 1701 791 1773 sub
819 1700 982 1792 parocbia
1012 1702 1178 1773 ecclesiae
1205 1702 1285 1773 olim
1313 1702 1432 1776 Sancti
1459 1702 1633 1795 hlanritii,
1668 1727 1757 1778 nuuc
1784 1709 1827 1779 de

267 1819 456 1892 Borowa
490 1821 533 1892 ad
569 1821 709 1893 flurium
739 1821 959 1917 uTuczina
995 1823 1083 1911 sita,
1127 1830 1163 1892 et
1199 1844 1263 1915 per
1299 1823 1564 1899 Boleslaum
1602 1825 1825 1901 Pudicam
1930 1894 1937 1906 .

266 1941 385 2011 ducem
414 1943 624 2014 monasterio
660 1941 777 2015 Sancti
806 1943 967 2015 Andreae
990 1944 1141 2034 ¹doucata,
1180 1944 1225 2017 od
1252 1945 1349 2016 cuius
1377 1947 1626 2036 proprietatem
1654 1954 1690 2019 et
1715 1949 1826 2021 domi·

268 2061 361 2132 nium
389 2062 550 2151 pertinet
591 2062 630 2134 ln
659 2084 727 2153 qna
763 2070 843 2138 suut
881 2064 1031 2156 quinque
1067 2064 1158 2136 lanei
1186 2066 1439 2156 amethonales,
1476 2072 1513 2138 et
1539 2068 1683 2158 quilibet
1706 2070 1827 2142 'solist

268 2202 332 2273 pro
367 2202 472 2254 censu
508 2205 614 2255 unum
640 2183 829 2275 fertonem,
865 2184 1123 2275 aiginane,
1158 2185 1246 2259 dnos
1271 2186 1401 2276 gallos,
1438 2187 1534 2287 item·
1549 2195 1698 2279 quatuor
1724 2210 1824 2265 coros

267 2323 412 2393 avenae,
438 2310 512 2375 tres
530 2303 695 2394 siliginis,
723 2325 905 2379 mensurae
924 2305 1108 2393 confertae.
1145 2306 1232 2379 ltem
1245 2308 1449 2378 -cmethones
1474 2308 1645 2382 laborant·
1653 2309 1824 2399 duplicem

259 2421 442 2519 pomcrlmm
461 2444 524 2514 pro
543 2445 625 2495 vere
643 2434 680 2497 et
697 2431 839 2497 aestate·
867 2425 954 2497 item
978 2432 1032 2498 est
1050 2426 1099 2497 ibi
1118 2427 1264 2499 taberna
1281 2427 1415 2498 habens
1431 2448 1553 2518 agros,
1580 2436 1616 2499 et
1634 2430 1740 2502 solvit
1758 2451 1823 2520 pro

267 2564 370 2615 censu
390 2565 494 2615 uuam
521 2564 738 2634 sexagenum.
782 2545 870 2617 Item
887 2548 970 2617 sunt
988 2554 1138 2637 quatuor
1163 2546 1569 2619 hortulaniaehabeotes
1596 2570 1709 2638 agros.
1736 2550 1824 2622 ltem

267 2669 348 2735 suut
374 2663 442 2735 duo
461 2664 658 2761 molendina
675 2666 711 2740 in
729 2665 867 2737 flumine
895 2665 1150 2756 Thuczin-a,
1176 2668 1340 2739 habentia
1357 2687 1470 2758 agrqs,
1497 2676 1534 2741 et
1554 2690 1659 2741 unum
1678 2668 1822 2741 inferius

268 2783 373 2854 solvlt
408 2792 557 2874 quatuor
594 2805 746 2876 marcas,
781 2785 876 2876 quod
895 2786 1036 2858 vdicitur
1071 2785 1329 2879 Sagrzebni
1365 2789 1419 2858 ml
1433 2788 1495 2877 in,
1532 2788 1627 2860 aliud
1655 2791 1825 2879 superius,

268 2904 359 2995 quod
387 2903 514 2985 dicitur
541 2905 803 2996 Mnischek,
832 2907 937 2980 soluit
963 2927 1068 2983 unam
1095 2928 1312 2998 sexagenam.
1352 2908 1440 2980 ltem
1469 2910 1651 2999 praedium
1679 2911 1727 2981 ibi
1755 2931 1824 2981 nou
1886 2906 1893 2919 ‘

267 3031 321 3097 est
347 3024 496 3117 aliquod.
536 3027 622 3099 Item
641 3048 761 3109 omnes
778 3029 854 3118 agri
873 3029 1109 3117 emethonum,
1122 3090 1125 3095 .
1136 3028 1318 3118 tabernae,
1346 2999 1622 3101 hortulaniarum
1640 3036 1677 3101 et
1694 3031 1824 3102 molen-

269 3144 445 3236 dinorum,
460 3147 613 3220 solvunt
640 3147 805 3221 decimam
833 3148 1165 3243 manipularem-,et
1192 3168 1255 3239 per
1282 3154 1432 3239 quatuor
1458 3149 1596 3239 ierugas
1622 3151 1823 3241 canapalem

267 3267 496 3342 scholastriae
520 3267 805 3357 Sandorniriensi,
832 3276 868 3340 et
885 3275 1049 3343 tenentur
1067 3269 1163 3353 illam
1180 3270 1331 3360 propriis
1354 3270 1513 3341 curribus
1532 3269 1659 3342 ducere
1686 3271 1721 3342 in
1740 3271 1822 3343 hor·
1938 3310 1941 3315 ·

267 3408 364 3461 reum
393 3411 414 3461 a
441 3389 647 3462 scholastico
675 3391 871 3481 locandum,
887 3388 933 3463 ¹ct
960 3390 1058 3462 valor
1071 3391 1295 3481 ‚aestimatur
1317 3390 1361 3461 ad
1388 3410 1448 3463 sex
1478 3411 1621 3463 marcas
1662 3390 1822 3469 Confluat

268 3529 345 3582 cum
373 3510 465 3583 villis
492 3510 718 3601 Mniszek,
747 3509 1092 3602 Goscziradow,
1127 3511 1307 3605 Boron,
1334 3509 1488 3602 Opoka
1514 3518 1548 3584 at
1575 3510 1825 3587 Janiszow.

378 3630 589 3722 Tauranus,
630 3632 713 3707 villa
739 3633 803 3705 sub
830 3632 996 3723 parochia
1031 3631 1065 3704 S.
1092 3631 1250 3707 Mauritii
1278 3632 1321 3704 de
1348 3631 1644 3705 Zawichosth
1681 3634 1767 3721 sita,
1803 3653 1825 3703 a

269 3750 371 3827 fluvio
399 3750 635 3825 Thucziua
671 3752 768 3825 iuxta
796 3773 896 3843 quem
924 3754 995 3827 sita
1019 3760 1098 3843 est,
1129 3753 1332 3853 vocabulum
1361 3753 1503 3842 sortita,
1539 3759 1576 3825 et
1602 3745 1664 3844 pe'r
1688 3753 1825 3859 Bole-

269 3872 413 3945 slaum
442 3872 659 3959 Pndicum
687 3874 818 3953 ducem.
836 3879 872 3946 et
899 3875 1122 3955 monarcham
1151 3873 1249 3965 regni
1277 3872 1443 3945 Poloniae
1470 3870 1683 3945 monastario
1710 3874 1823 3947 Zawi-

270 3993 444 4076 cbostensi
471 3994 618 4084 donato3¹
638 3994 682 4067 ad
709 3995 808 4075 cuius
834 3996 1082 4087 proprietatem
1111 4001 1148 4067 et
1174 3995 1363 4068 dominium
1390 3994 1554 4085 pertinet.
1634 4091 1640 4101 ἱ

300 4184 304 4191 .
329 4172 332 4181 .
373 4114 592 4193 Notandum
622 4122 747 4206 autem,
774 4115 868 4207 quod
886 4104 970 4189 r'illa
987 4115 1143 4207 praelata
1170 4115 1428 4205 Thnczina,
1456 4115 1537 4187 lieet
1560 4115 1648 4186 alias
1668 4121 1705 4187 et
1723 4136 1824 4206 praa·

270 4235 388 4307 sertim
415 4242 498 4308 tunc
525 4215 601 4310 cum
628 4236 694 4325 fuit
720 4237 850 4309 donata
867 4238 1079 4311 monasterio
1097 4236 1376 4326 Yawichostensi,
1403 4242 1496 4306 esset
1516 4235 1638 4323 locata,
1666 4236 1826 4309 habitata

126 4371 130 4379 ·
269 4362 306 4427 et
332 4357 434 4447 culta,
455 4378 530 4449 per.
550 4356 750 4449 frequentes
776 4364 891 4429 tamen
917 4360 1072 4447 gwerras
1099 4364 1135 4430 et
1161 4356 1375 4447 irruptiones
1398 4354 1630 4427 clandestinas
1658 4362 1694 4425 et
1721 4376 1821 4463 aper-

268 4483 324 4547 tas
351 4478 495 4549 hostiles
522 4486 558 4549 et
584 4479 795 4568 barbaricas,
822 4479 887 4551 luit
914 4479 949 4550 in
976 4484 1089 4550 totum
1117 4466 1303 4565 desertam,
1330 4482 1364 4546 et
1393 4474 1479 4546 adeo
1507 4474 1651 4547 redacta
1679 4477 1713 4546 iu
1742 4476 1824 4549 soli·

125 4592 128 4597 ’
268 4598 441 4688 tudinem,
477 4604 515 4669 ut
542 4620 661 4671 omues
688 4599 763 4689 agri
791 4599 919 4672 consiti
944 4598 1059 4671 forent
1086 4597 1244 4670 maximis
1271 4595 1482 4686 quercubus,
1516 4615 1558 4672 au
1583 4596 1620 4666 iu
1647 4595 1733 4685 loeo,
1760 4596 1820 4668 ubi

163 4741 165 4744 ’
269 4720 439 4811 quondam
469 4721 526 4810 pia
551 4720 656 4792 uillae
683 4703 849 4794 extabant
876 4721 1041 4807 eulmina,
1078 4717 1339 4789 heremitorium
1376 4715 1596 4805 conderetur,
1638 4717 1673 4786 io
1700 4736 1818 4807 quoa

270 4841 380 4913 serris
406 4841 471 4912 Dei
499 4841 569 4914 illic
595 4841 852 4934 habitantibus,
879 4840 975 4913 locus
1002 4838 1266 4933 Mniscbqelr,
1305 4836 1364 4928 qni
1390 4837 1435 4929 ab
1461 4836 1580 4908 accola
1606 4837 1737 4908 heremi
1764 4837 1817 4909 in·

270 4962 496 5053 habitaretur,
524 4962 668 5035 vocitari
687 4968 828 5052 coeptus
854 4968 918 5071 est,
945 4960 1151 5050 nomineque
1168 4958 1278 5050 priori
1295 4957 1484 5030 obliterato
1497 4960 1539 5029 et
1556 4955 1694 5047 amisso,
1711 4955 1751 5028 Μ
1761 4978 1783 5028 n
1795 4958 1823 5029 i-

252 5085 410 5156 ·schelr
438 5085 471 5155 in
500 5083 776 5175 praesentiarum
804 5087 966 5170 vocatum
992 5068 1128 5172 iamque
1155 5080 1229 5153 illic
1247 5085 1401 5170 ¹propter
1422 5077 1701 5169 foecunditatem·
1721 5097 1822 5168 agro-

270 5226 356 5294 rum,
383 5207 418 5279 in
445 5205 540 5295 agris
567 5205 720 5295 antiquis
747 5210 784 5275 et
809 5204 845 5275 iu
872 5223 963 5281 nora
988 5202 1107 5275 radice
1133 5199 1280 5273 excultis
1306 5199 1389 5273 silla
1425 5198 1824 5279 Mnischek··locata

271 5330 334 5412 est,
369 5325 411 5396 de
448 5346 516 5416 qua
544 5326 578 5400 iu
606 5325 782 5416 praesenti
816 5325 966 5416 registro
1002 5323 1037 5394 in
1065 5321 1287 5403 interioribus
1321 5320 1426 5409 locis,
1461 5319 1622 5393 lahorem
1656 5318 1822 5392 iaciemus

271 5445 546 5537 descriptionem,
574 5466 677 5538 quam
705 5445 760 5525 hic
787 5434 902 5517 lacere
929 5444 1129 5516 omittimus.
1346 5418 1363 5449 '

370 5566 526 5640 ,Uerona
545 5620 682 5640 ......
721 5612 726 5623 ·

277 5758 279 5763 .
375 5686 577 5776 unonnow,
604 5688 686 5759 villa
704 5688 768 5759 sub
787 5686 952 5779 parochia
969 5686 1012 5757 de
1039 5687 1240 5777 Lnnyow
1267 5684 1303 5755 in
1330 5683 1407 5773 ripa
1434 5680 1596 5753 Vislae
1622 5679 1700 5767 sita
1727 5680 1823 5752 cuius

271 5809 466 5899 proprietas
494 5808 539 5880 ad
566 5807 844 5885 sanctimoniales
871 5805 989 5877 Sancti
1018 5806 1181 5877 Andreae
1206 5804 1251 5876 de
1278 5803 1510 5875 Gracovia
1530 5801 1691 5893 pertinet
1707 5807 1744 5871 et
1762 5821 1825 5890 per

271 5928 542 6001 Boleslaum
568 5928 784 6001 Pudicam
812 5926 910 6016 regni
939 5924 1104 5999 Poloniae
1130 5925 1252 5997 ducem
1270 5924 1484 5998 monasterio
1511 5908 1822 5994 sanctimonialium

272 6050 601 6122 Zawichostensium
628 6050 774 6139 donata,
810 6051 845 6131 in
870 6046 1074 6125 fundatione
1101 6054 1138 6117 et
1161 6046 1394 6145 translatione
1431 6045 1587 6125 eiusdem
1613 6028 1850 6115 monasterii(

272 6172 313 6243 In
340 6193 409 6261 qua
436 6176 518 6243 snut
543 6171 635 6243 lanei
661 6170 894 6244 cmethonales
913 6202 947 6239 .;
965 6220 1081 6256 .....
1106 6169 1191 6239 item
1218 6167 1343 6256 gallos,
1370 6168 1456 6239 item
1482 6187 1560 6259 ova,
1584 6166 1668 6236 item
1695 6183 1824 6251 caseos;

272 6293 359 6364 item
384 6293 541 6383 taberna,
568 6292 651 6364 item
677 6292 862 6382 hortulani,
889 6292 973 6373 item
1000 6288 1192 6379 praedium.
1230 6334 1233 6339 -
1371 6312 1386 6343 ι
1428 6304 1450 6331 s
