4217 8059
3473 1518 3621 1588 383

3146 1614 3257 1693 1⁸2.-

530 1744 658 1813 per
726 1721 1208 1794 Nicolaum
1281 1724 1600 1795 comitem
1667 1714 2108 1797 fundatorem
2180 1724 2265 1796 de
2334 1724 2759 1815 Bogoria.
2847 1682 3393 1831 edfflfflflmm
3445 1720 3628 1796 villis

530 1841 587 1914 G
605 1866 642 1913 Ζ
666 1844 688 1913 i
711 1864 798 1914 rz
820 1844 908 1914 in
927 1843 970 1914 i.
3414 1872 3425 1883 ·

738 1963 1125 2055 Szmmow,
1182 1964 1350 2036 villa
1401 1966 1529 2037 sub
1581 1965 1920 2057 parochia
1970 1967 2305 2039 ecclesiae
2360 1967 2444 2039 de
2498 1958 2891 2041 (Ξοεῐίἃί
2960 1958 3153 2058 sita,
3202 1952 3427 2071 qiiaiu
3464 1988 3629 2040 con-

530 2086 697 2157 tulit
752 2084 1199 2158 Nicolaus
1253 2106 1483 2158 comes
1536 2088 1624 2159 de
1677 2087 2085 2177 Bogoria
2138 2090 2559 2162 monasterio
2613 2087 2759 2180 Gop
2808 2082 2817 2095 '
2934 2070 3294 2169 “iezenai
3359 2080 3436 2172 Ῑιι
3492 2110 3628 2178 qua

533 2212 696 2278 sunt
749 2212 908 2278 octo
961 2207 1142 2279 lanei
1198 2208 1704 2300 emethonales,
1784 2213 1858 2281 et
1911 2208 2202 2299 quilibet
2254 2210 2463 2282 solvit
2512 2230 2642 2302 pro
2695 2230 2924 2281 annuo
2978 2230 3183 2282 censsu
3243 2206 3628 2333 quindecim

534 2332 811 2418 scottos,
863 2329 1030 2398 item
1087 2349 1219 2400 ova
1271 2329 1599 2420 triginta,
1652 2330 1814 2402 item
1873 2350 2171 2421 capones
2224 2336 2540 2423 quatuor,
2592 2331 2760 2402 item
2815 2350 3089 2402 caseum
3143 2309 3384 2430 ιιιιιιξιξ
3417 2326 3628 2406 Item

531 2456 681 2519 tres
733 2448 1065 2520 tabernae
1115 2448 1454 2521 habentes
1508 2470 1752 2541 agros,
1807 2456 1880 2522 et
1933 2451 2111 2523 duae
2164 2451 2444 2524 solvunt
2495 2470 2624 2542 per
2675 2470 3127 2540 sexagenum
3196 2430 3412 2566 tentia
3464 2467 3665 2554 veru]

535 2568 745 2641 solvit
796 2588 924 2659 per
976 2568 1268 2641 mediam
1324 2590 1643 2642 marcam.
1696 2571 1872 2643 Item
1928 2570 2290 2663 praedium
2344 2572 2443 2644 ibi
2498 2570 2917 2661 coenobiale,
2972 2569 3059 2642 de
3094 2590 3231 2662 qun
3246 2528 3665 2669 nullia-2117*

534 2690 638 2762 vit
691 2688 1044 2780 decimam,
1098 2689 1221 2762 sed
1275 2711 1426 2763 eam
1479 2712 1607 2782 pro
1659 2712 1737 2764 se
1789 2691 1993 2765 tollit.
2081 2692 2258 2765 Item
2311 2691 2581 2765 decima
2631 2691 3086 2784 manipularis
3139 2689 3436 2762 ιιιιΙινιιιιι·
3490 2710 3634 2771 mn-

535 2811 841 2883 nasterio
881 2809 1540 2904 ‘Goprzywniczensi
1558 2868 1575 2903 ,
1648 2834 1777 2904 per
1819 2813 1886 2885 1³·
1905 2813 2050 2886 ule
2068 2837 2110 2885 o
2131 2835 2175 2884 ιι
2196 2834 2320 2885 em
2374 2814 2771 2906 episcopum
2826 2810 3391 2907 cracoviensem,
3408 2810 3633 2884 eidem

535 2931 826 3022 donata,
879 2938 953 3004 et
1005 2931 1199 3004 valor
1253 2932 1401 3005 eius
1456 2933 1868 3006 aestimatur
1917 2933 2006 3006 ad
2060 2939 2217 3006 octo
2272 2952 2559 3006 marcas.
2638 2934 2813 3005 Item
2867 2933 3266 3005 emethones
3320 2936 3633 3025 tempore

536 3052 821 3144 vernali,
875 3052 1013 3125 duo
1067 3059 1140 3125 et
1193 3052 1329 3125 duo
1385 3052 1786 3126 custodiunt
1839 3075 2082 3128 nemus
2134 3053 2662 3144 Szdanoviense,
2743 3075 2830 3125 ne
2883 3053 3295 3126 incendatur
3344 3058 3635 3145 propter

534 3173 924 3264 utilitatem,
977 3195 1183 3266 quam
1236 3175 1498 3247 habent
1549 3196 1634 3247 ex
1688 3174 1874 3248 dicto
1925 3196 2225 3248 nemore.
2279 3175 2560 3248 Donata
2612 3174 3035 3247 monasterio
3088 3194 3217 3266 per
3268 3173 3378 3246 Ni
3400 3173 3634 3247 cola-

534 3316 579 3366 u
600 3315 667 3365 m
720 3295 1037 3368 comitem
1092 3298 1180 3370 de
1232 3296 1658 3387 Bogoria.
1711 3294 2031 3369 Gonfinat
2084 3316 2237 3369 cum
2293 3297 2477 3368 villis
2515 3350 2743 3367 .....

743 3414 1322 3507 ΝΥιιΚῑεΖΑιιςΑ,
1375 3418 1542 3489 villa
1591 3418 1726 3490 sub
1767 3418 2101 3510 parochia
2154 3415 2241 3490 de
2296 3418 2373 3489 M
2391 3438 2433 3489 a
2451 3418 2514 3489 l
2493 3440 2518 3489 ι
2539 3439 2576 3489 c
2593 3440 2633 3489 z
2650 3438 2689 3489 e
2742 3416 2898 3506 sita,
2952 3435 3157 3508 quam
3210 3415 3635 3489 monasterio

535 3535 1173 3630 Coprzywniczensi
1228 3538 1522 3611 contulit
1573 3537 2141 3611 Vincentius
2194 3536 2839 3612 Oadlubkon'is
2890 3536 3256 3628 episcopus
3308 3520 3636 3610 Gracovi'-

535 3658 720 3729 ensis
740 3712 757 3747 ,
827 3664 1158 3750 tanquam
1215 3665 1475 3731 sortem
1530 3652 1916 3751 paternam.
2003 3660 2083 3731 In
2141 3676 2281 3751 qua
2332 3664 2495 3747 sunt
2549 3664 2705 3732 octo
2759 3658 2938 3730 lanei
2988 3659 3492 3749 ‘cmethonaleS,
3563 3662 3639 3730 et

536 3777 828 3869 quilibet
881 3779 1090 3852 solvit
1143 3800 1272 3870 pro
1325 3799 1536 3852 censu
1588 3800 1817 3853 annuo
1855 3778 2029 3852 duos
2063 3780 2399 3871 fertones,-
2447 3779 2614 3853 item
2669 3799 2945 3852 caseum
2982 3800 3213 3870 unum,
3264 3780 3428 3852 item
3468 3800 3638 3871 qua-

536 3907 698 3972 tuor
750 3920 1066 3991 caponeS,
1120 3901 1282 3972 item
1339 3922 1473 3973 ova
1523 3901 1838 3993 triginta.
1875 3901 2064 3974 'Item
2118 3902 2414 3974 taberna
2450 3922 2602 3973 non
2649 3900 2913 3974 habens
2967 3922 3193 3993 agros,
3247 3901 3457 3973 solvit
3508 3922 3635 3992 pro

536 4041 747 4093 censu
800 4042 1029 4092 annuo
1083 4036 1287 4093 unam
1343 4043 1777 4114 sexagenam,
1832 4023 1998 4095 item
2047 4020 2426 4113 hortulani,
2478 4022 2647 4096 item
2703 4022 3081 4114 praedium.
3134 4022 3309 4094 Item
3372 4021 3641 4093 decima

536 4142 986 4234 manipularis
1040 4142 1336 4214 solvitur
1405 4142 1491 4215 de
1545 4144 1863 4216 omnibus
1931 4144 2122 4234 agris
2192 4144 2517 4234 episcopo
2570 4142 3050 4233 Gracoviensi,
3122 4150 3206 4214 et·
3248 4141 3637 4215 conducunt

536 4283 689 4334 eam
742 4266 1142 4337 cmethones
1195 4264 1497 4355 propriis
1533 4265 1852 4336 curribus
1906 4265 1976 4335 in
2031 4265 2357 4336 horreum
2395 4264 2484 4335 ab
2520 4263 2846 4357 episcopo
2898 4263 3281 4353 locandum,
3334 4269 3407 4335 et
3442 4264 3640 4335 valor

537 4385 684 4456 eius
738 4385 1148 4479 aestimatur
1200 4385 1289 4458 a'd
1343 4391 1500 4459 octo
1554 4406 1843 4458 marcas.
1897 4385 2070 4458 Item
2126 4384 2402 4458 laborat
2454 4383 2747 4475 quilibet
2796 4405 3007 4456 unum
3065 4383 3247 4456 diem
3301 4384 3371 4455 in
3425 4384 3640 4474 septi-

536 4526 740 4578 mana
810 4507 1096 4598 proprio
1170 4513 1295 4578 aut
1347 4513 1621 4596 aratro,
1655 4513 1816 4580 aut
1870 4527 2098 4579 curru.
2188 4506 2361 4578 Item
2435 4505 2778 4578 seminant
2828 4504 3100 4597 digeria
3167 4527 3297 4598 pro
3350 4526 3513 4578 vere
3567 4511 3641 4577 et

411 4617 418 4623 ’
536 4628 799 4718 hyeme.
887 4628 1164 4700 Donata
1231 4627 1655 4701 monasterio
1727 4648 1874 4720 per·
1924 4621 2523 4700 Vincentium
2594 4624 2682 4699 de
2751 4626 3160 4701 Karwow
3237 4627 3636 4759 episcopum

537 4744 1060 4822 Oracoviensem
1115 4748 1202 4821 de
1257 4748 1460 4821 domo
1515 4748 1577 4820 R
1596 4774 1638 4821 o
1657 4769 1692 4821 s
1711 4772 1748 4820 z
1767 4770 1885 4821 ae.
1937 4748 2261 4822 Confluat
2313 4768 2465 4821 cum
2521 4747 2706 4820 villis
2745 4802 2974 4819 .....

741 4871 1111 4961 GAnwow,
1155 4869 1333 4942 villa
1385 4871 1513 4943 sub
1566 4871 1897 4962 parochia
1950 4870 2283 4943 ecclesiae
2336 4870 2422 4943 de
2476 4866 2870 4942 Malicze
2922 4870 3099 4959 sita;
3132 4874 3246 4941 et
3299 4869 3446 4941 eius
3500 4888 3640 4940 me-

537 4990 865 5065 dietatem
917 4992 1213 5064 contulit
1265 4991 1684 5064 monasterio
1709 4990 2377 5084 'Goprzywniczensi
2426 4976 2607 5063 ’Vin
2627 5009 2722 5062 ce
2742 4991 2946 5063 ntiu
2966 5010 3002 5063 s
3052 4990 3420 5089 episcopus
3472 4988 3642 5063 Gra·
3720 5029 3725 5033 ·

538 5114 876 5186 coviensis
931 5114 1016 5187 de
1070 5114 1275 5185 domo
1329 5092 1457 5186 R‘o
1477 5135 1511 5185 s
1531 5136 1569 5184 z
1588 5134 1724 5204 a-e,
1781 5113 1852 5185 in
1907 5134 2045 5204 qua
2098 5111 2433 5184 medietas
2488 5132 2616 5204 pro
2662 5111 3029 5203 nepotibus
3085 5112 3230 5184 suis
3272 5111 3643 5202 remansit,

538 5232 676 5303 alia
725 5233 1061 5307 medietas
1113 5234 1321 5306 villae
1374 5233 1462 5305 ad
1515 5233 1773 5306 milites
1827 5233 1912 5306 de
1966 5233 2172 5306 domo
2226 5232 2351 5304 Ro
2372 5254 2406 5304 s
2427 5252 2584 5306 zae
2637 5232 2961 5325 pertinet.
3016 5232 3096 5305 In
3134 5254 3273 5333 qua
3322 5238 3488 5306 sunt
3521 5254 3641 5305 sex

539 5353 720 5424 lanei
773 5356 1259 5446 cmethonales,
1340 5360 1414 5427 et
1466 5354 1761 5446 quilibet
1785 5354 2024 5426 -solvit
2077 5374 2206 5446 pro
2262 5375 2491 5427 annuo
2546 5375 2756 5427 censu
2808 5375 3015 5428 unam
3070 5343 3368 5427 marcam
3390 5410 3406 5442 ,
3476 5354 3640 5425 item

542 5496 675 5546 ova
729 5476 1204 5567 quadraginta,
1264 5478 1431 5549 item
1485 5458 1783 5571 capones
1825 5476 2160 5568 'quatuor3
2213 5476 2379 5549 item
2420 5496 2660 5549 caseos
2710 5497 2857 5551 nou
2906 5476 3208 5566 solvuut3
3258 5476 3427 5548 item
3479 5475 3643 5547 hor-

437 5648 448 5653 -
540 5596 867 5684 tulaniae,
923 5597 1086 5669 item
1139 5598 1435 5670 taberna
1485 5618 1625 5670 una
1677 5597 1940 5671 habens
1994 5618 2220 5690 agros,
2272 5606 2348 5677 et
2402 5598 2612 5671 solvit
2663 5601 2813 5669 tres
2865 5596 3170 5669 fertones
3222 5618 3353 5689 pro
3415 5604 3641 5669 censu.

540 5718 714 5788 Item
769 5719 1127 5808 praedium
1182 5719 1288 5791 ibi·
1332 5718 1610 5793 unicum
1664 5718 1986 5808 militare,
2040 5719 2127 5790 de
2183 5741 2319 5810 quo
2355 5719 2621 5792 decima
2674 5717 3004 5790 ecclesiae
3057 5718 3129 5790 in
3182 5716 3313 5788 wl
3336 5722 3640 5791 ostow.

540 5838 712 5908 Item
767 5838 1268 5931 molendinum,
1324 5839 1507 5931 quod
1561 5838 1772 5910 soivit
1824 5858 1951 5930 pro
2005 5841 2425 5913 monasterio
2480 5840 2654 5912 duas
2707 5859 2989 5930 marcas,
3043 5845 3115 5912 et
3166 5858 3379 5912 unum
3429 5838 3642 5911 ferto-

538 5978 713 6029 nem.
787 5959 962 6031 Item
1018 5959 1281 6033 decima
1333 5959 1783 6052 manipularis
1836 5959 2134 6032 solvitur
2183 5959 2269 6032 de
2324 5961 2640 6034 omnibus
2695 5960 2883 6053 agris
2938 5960 3261 6053 episcopo
3314 5944 3642 6033 Graooviss

535 6080 724 6168 ensi,
797 6086 871 6151 et
925 6081 1216 6171 quilibet
1287 6083 1573 6174 proprio
1627 6100 1836 6153 curru
1908 6081 2232 6154 conducit
2301 6102 2455 6154 eam
2527 6083 2596 6153 in
2665 6082 2989 6153 horreum
3011 6138 3028 6172 ‚
3099 6086 3171 6152 et
3224 6079 3423 6152 valor
3492 6080 3643 6153 eius

536 6201 946 6273 aestimatur
1010 6201 1098 6273 ad
1154 6201 1386 6273 decem
1457 6222 1744 6275 marcas.
1841 6202 2114 6276 Sortem
2167 6202 2378 6274 etiam
2448 6222 2655 6274 unam
2730 6201 3084 6293 praefatae
3158 6201 3364 6275 villae
3439 6200 3495 6273 G
3513 6221 3556 6273 a
3571 6221 3643 6272 r-

538 6342 741 6395 wow
796 6321 1127 6427 Albertus
1190 6322 1302 6395 de·
1328 6322 1960 6399 Wamborkow
2029 6324 2455 6397 monasterio
2508 6320 3145 6416 Goprzywniczensi
3216 6322 3501 6395 donavit
3568 6326 3643 6394 et
3794 6346 3801 6352 ·
