4217 8059
1750 1507 1827 1579 437

274 1716 486 1788 monasterio
511 1714 766 1804 infestantibus,
792 1715 939 1786 vidisset
964 1713 1211 1804 impedimenta
1230 1721 1266 1785 et
1284 1713 1396 1803 spolia
1412 1712 1538 1785 erebra
1555 1710 1684 1802 inferri,
1705 1712 1830 1783 decen-

275 1838 333 1909 nio
360 1836 459 1927 lapso
486 1843 626 1927 postea,
653 1857 756 1926 quarn
783 1835 1019 1907 fundationem
1046 1834 1243 1907 buinsmodi
1269 1835 1304 1904 in
1332 1833 1595 1904 Ludzimirz
1621 1833 1829 1924 expleverat,

219 2054 221 2058 Ι
275 1957 454 2029 insiliam
491 1956 707 2028 Gzirziez
737 1976 765 2027 a
800 1955 1012 2027 Sulislao
1046 1954 1219 2027 Johannis
1255 1954 1375 2026 militis
1412 1954 1483 2025 filio
1511 1954 1676 2026 canonico
1703 1953 1830 2025 Gnaeo-

275 2079 404 2167 riensi,
430 2097 494 2168 pro
530 2082 667 2148 centnm
703 2077 842 2147 marcis¹
865 2076 1002 2166 argenti
1039 2082 1292 2164 comparatam,
1320 2074 1405 2146 illud
1432 2095 1523 2144 anno
1550 2074 1691 2145 Domini
1723 2074 1831 2145 1245.

275 2198 415 2270 ordinat
440 2196 634 2287 transferri,
660 2198 695 2266 in
723 2216 790 2286 quo
818 2203 855 2267 et
881 2196 972 2266 diern
998 2195 1203 2267 bodiernnm
1222 2201 1433 2286 perseverat
1459 2193 1688 2266 liberalitate
1706 2193 1831 2265 deinde

276 2319 430 2390 Vislai
457 2318 620 2408 episcopi,
647 2316 921 2389 Prandotha
947 2315 1187 2389 Cracoviensis
1214 2317 1405 2406 episeopus,
1425 2315 1645 2387 immediatus
1662 2315 1737 2386 eins
1753 2335 1830 2389 suc-

276 2457 403 2526 cessor,
431 2438 575 2528 imitata
602 2438 645 2510 de
673 2457 843 2510 consensu
871 2437 1013 2528 capituli
1037 2436 1188 2509 decimas
1206 2434 1439 2527 manipulares
1458 2456 1597 2507 mensae
1615 2436 1830 2526 episcopalis,

276 2560 311 2629 in
341 2558 433 2630 uillis
460 2558 835 2648 Poszanouicze,
862 2556 1177 2630 Gosczacbow
1203 2563 1239 2629 et
1265 2557 1300 2628 in
1327 2555 1556 2646 Dlichou,
1583 2557 1668 2628 item
1695 2557 1731 2627 in
1760 2556 1829 2627 Ni-

275 2700 360 2770 gra
395 2679 536 2771 Sylva
570 2686 652 2771 post
686 2687 823 2753 eentum
860 2699 1000 2750 mansos
1034 2677 1251 2750 banconicos
1287 2677 1363 2749 loco
1398 2678 1579 2768 praedicto
1606 2682 1643 2749 et
1667 2677 1833 2749 coenobio

274 2801 453 2891 inscripsit
479 2807 515 2872 et
542 2808 711 2892 perpetuo
737 2801 889 2872 donavit
917 2799 1044 2873 Tenuit
1070 2806 1186 2870 autem
1213 2799 1461 2870 monasterium
1488 2797 1682 2887 praefatum
1701 2797 1830 2870 011111-

276 2942 396 2995 ezeuse
424 2921 656 2993 haereditates
684 2927 720 2992 et
746 2922 845 2993 villas
873 2921 1089 3011 praedictas,
1116 2919 1182 2992 sibi
1208 2940 1230 2989 a
1257 2918 1501 2991 Theodoro
1529 2919 1768 3009 suprascripto
1795 2919 1831 2989 in

275 3044 391 3115 dotem
419 3048 620 3132 perpetuam
648 3041 792 3114 collatas
819 3048 855 3113 et
881 3041 1082 3131 inscriptas,
1109 3041 1144 3110 in
1172 3040 1290 3129 quieta
1315 3045 1350 3113 et
1377 3040 1413 3111 in
1440 3038 1585 3129 pacifica
1611 3041 1831 3130 possessione

283 3163 385 3234 annis·
419 3162 555 3251 multis,
583 3163 714 3254 absque
749 3162 901 3233 cuiusvis
930 3161 1079 3232 hominis
1114 3160 1295 3231 obstaculo
1322 3165 1359 3231 et
1385 3158 1651 3250 impedimento,
1677 3163 1714 3230 et
1740 3158 1831 3230 villis

274 3282 444 3374 praefatis
470 3303 511 3353 ac
538 3283 681 3354 decimis
709 3290 858 3372 auctum,
885 3282 1062 3372 paululum
1090 3303 1111 3353 a
1137 3281 1286 3353 caetems
1312 3281 1533 3353 monasteriis
1559 3281 1615 3351 sui
1640 3280 1777 3381 ordinis
1792 3281 1829 3351 in
1856 3260 1861 3269 ’

275 3405 423 3477 dioecesi
451 3403 673 3475 Gracovieusi
700 3412 781 3475 ante
809 3425 846 3475 se
872 3403 1034 3493 fundatis
1061 3410 1098 3474 et
1124 3403 1161 3473 in
1187 3421 1332 3473 numero
1357 3401 1516 3491 fratrum,
1542 3406 1578 3473 et
1603 3401 1639 3471 in
1658 3406 1829 3491 proventu

275 3525 488 3615 facultatum,
516 3527 729 3616 caeterisque
757 3526 791 3596 id
818 3545 927 3615 genus
955 3523 1122 3597 dotalium
1141 3543 1258 3595 rerum
1276 3522 1469 3595 differebat.
1496 3521 1628 3595 Verum
1645 3543 1723 3603 cum
1741 3544 1831 3594 unns

276 3646 440 3718 abbatum
468 3647 670 3716 monasterii
697 3645 853 3735 praefati,
883 3665 950 3736 qno
978 3644 1134 3716 securior
1161 3643 1328 3716 adversus
1346 3643 1540 3733 praedones
1559 3642 1593 3713 in
1613 3642 1713 3715 bonis
1731 3643 1827 3714 iuxta

278 3765 545 3838 Ludzimirz
581 3774 617 3838 et
655 3766 886 3856 Nevitsrg
922 3767 1058 3857 quoties
1090 3764 1172 3836 illue
1198 3764 1399 3837 descensum
1426 3762 1540 3835 facere
1567 3763 1723 3854 oportuit
1749 3784 1830 3835 con-

276 3887 434 3975 sisteret,
469 3887 674 3959 fortalitium
710 3888 862 3977 ligneum
897 3886 1085 3975 erexisset,
1112 3893 1148 3956 et
1175 3891 1246 3956 taur
1281 3884 1376 3974 ipse,
1403 3904 1505 3975 quarn
1532 3884 1587 3955 sui
1613 3903 1831 3957 successores

183 4000 186 4005 ’
275 4008 419 4078 abbates
445 4006 708 4098 Ozirziczeuses,
734 4007 794 4078 illo
820 4005 989 4078 fortalitio
1016 4007 1052 4076 in
1079 4004 1296 4078 necessitatis
1322 4004 1481 4095 articulo,
1507 4024 1572 4095 pro
1598 4024 1662 4075 sua
1687 4009 1725 4076 et
1751 4025 1831 4075 suo-

276 4147 352 4199 rum
379 4128 490 4199 tutela
516 4129 624 4218 probe
651 4133 845 4217 uterentur,
872 4127 1066 4198 succedens·
1087 4127 1143 4197 bis
1162 4179 1303 4196 ......
1331 4126 1440 4197 abbas
1467 4123 1714 4197 Gairnicueusis
1740 4146 1831 4198 auno

276 4248 415 4335 Domirn
447 4249 544 4320 1380
564 4303 571 4317 .
590 4304 598 4317 .
616 4303 624 4317 .
644 4250 708 4319 sub
735 4254 892 4339 tempore
919 4254 955 4318 et
981 4248 1150 4336 regimine
1176 4247 1405 4319 Ludovici
1432 4244 1576 4317 Primi
1602 4245 1769 4317 Poloniae
1795 4253 1832 4316 et

276 4368 477 4459 Huugariae
504 4370 606 4458 regis,
632 4369 837 4440 fortalitium
864 4368 1059 4459 praefatum
1084 4366 1225 4439 Sobel
1229 4366 1246 4438 f
1252 4367 1352 4456 lory
1372 4420 1379 4435 .
1399 4420 1406 4435 .
1425 4420 1433 4435 .
1450 4384 1579 4456 genere
1596 4366 1731 4455 iudaeo,
1751 4367 1830 4443 reli-

275 4488 379 4578 gione
414 4495 528 4560 tamen
565 4490 755 4561 christiana
791 4488 974 4581 insignito,
1010 4488 1120 4561 multa
1153 4486 1311 4575 urinanda
1346 4488 1507 4578 fingenti,
1534 4486 1733 4587 multifariis
1759 4490 1831 4558 suis

277 4610 562 4699 promissionibus
599 4613 791 4700 inescatus,
819 4611 874 4682 vir
909 4610 1062 4701 alioquin
1098 4610 1283 4701 religiosus
1318 4615 1356 4680 et
1381 4607 1493 4697 frugi,
1520 4607 1581 4679 sed
1607 4607 1768 4679 credulus
1794 4616 1829 4681 et

265 4730 430 4820 simplex,
457 4736 493 4801 et
519 4731 732 4803 soliditatum
759 4729 1002 4822 fraudiumque
1028 4729 1242 4803 iudaiearum
1270 4750 1392 4820 parurn
1419 4749 1561 4828 gnarus,
1588 4729 1775 4801 committit
1794 4730 1829 4800 iu

275 4852 561 4942 gubernationem
604 4857 640 4922 et
675 4858 849 4943 tenutam,
884 4853 1088 4925 existimans
1125 4853 1220 4923 illum
1257 4873 1320 4941 pro
1356 4851 1483 4956 ardore
1510 4850 1589 4923 fidei
1616 4850 1831 4923 orthodoxae

277 4975 407 5044 recenti
443 4975 645 5045 charactere
678 4974 833 5064 initiato,
868 4974 1003 5046 sincere
1038 4996 1076 5043 se
1112 4974 1147 5043 in
1184 4974 1351 5063 regimine
1377 4972 1539 5049 fortalitii
1564 4979 1753 5063 gesturum.
1781 4972 1829 5042 At

276 5096 334 5166 ilie
370 5097 413 5166 ad
451 5096 589 5184 ingenia
624 5095 760 5167 iudaiea
796 5096 841 5166 ab
876 5096 1041 5167 uberibus
1077 5095 1238 5167 imbibita
1272 5114 1452 5183 reversus,
1477 5092 1642 5165 furtivam
1670 5100 1828 5167 monetae

277 5216 446 5289 officinam
474 5218 509 5287 in
537 5217 657 5289 eodem
684 5216 853 5289 sodalitio
880 5216 1073 5307 constituit,
1099 5222 1135 5287 et
1161 5216 1313 5287 omnium
1333 5215 1524 5289 vicinarum
1545 5222 1583 5287 et
1599 5216 1830 5306 propriarum,

233 5429 241 5442 .
277 5338 337 5407 sed
364 5343 401 5408 et
427 5338 528 5428 longe
555 5338 745 5429 positarum
773 5338 953 5428 regionum
981 5337 1097 5428 coepit
1114 5336 1348 5437 adulterinum
1366 5336 1494 5409 cudere
1520 5338 1556 5408 in
1574 5358 1665 5427 aere,
1682 5345 1829 5427 argento

276 5465 314 5529 et
340 5477 426 5529 auro
454 5461 631 5531 numisma
658 5458 712 5531 Ea
738 5460 904 5550 pernities
930 5479 1006 5531 eum
1033 5459 1095 5532 din
1120 5459 1231 5531 latere
1255 5460 1442 5550 nequisset,
1469 5464 1505 5529 et
1530 5464 1602 5529 fam
1629 5480 1652 5529 a
1677 5436 1829 5547 proceri-

276 5579 360 5669 bus,
387 5599 489 5669 quam
516 5580 718 5673 vulgaribus
754 5582 852 5672 regni
879 5580 1044 5654 Poloniae
1070 5582 1227 5672 graviter
1253 5586 1289 5652 et
1315 5581 1434 5670 iniquo
1465 5580 1580 5650 animo
1614 5585 1654 5650 ut
1679 5579 1828 5650 debebat

276 5698 458 5790 fereretur,
484 5700 570 5773 nihil
596 5707 713 5773 111111
741 5704 897 5792 quamvis
923 5704 958 5773 in
986 5703 1156 5775 communi
1185 5702 1284 5791 regni
1311 5700 1492 5791 dispendio
1520 5700 1555 5771 in
1573 5706 1730 5771 autorem
1748 5721 1828 5771 ron-

276 5822 454 5893 sulebatnr
484 5821 667 5913 falsitatis,
701 5822 763 5894 sed
799 5808 940 5913 querela
975 5825 1018 5895 ad
1056 5823 1338 5897 Lndovicurn
1374 5821 1539 5895 Poloniae
1565 5829 1601 5894 et
1626 5821 1828 5912 Hungariae

276 5962 402 6032 regern,
430 5950 513 6013 tuuc
539 5944 630 6033 apud
658 5944 853 6033 Pannonias
880 5965 918 6015 se
945 5945 1179 6015 continentem
1206 5944 1323 6015 delata
1340 5949 1403 6033 est,
1423 5943 1481 6034 qui
1499 5943 1685 6017 nuntiis-et
1703 5942 1829 6013 litteris

278 6063 438 6133 abbatem
465 6062 746 6141 Czirniczieusern
776 6065 967 6155 requisivit,
995 6072 1165 6155 quantenus
1192 6065 1315 6141 iudaea
1342 6071 1378 6136 et
1405 6046 1627 6135 falsificatore
1657 6085 1681 6134 a
1710 6070 1831 6134 tenuta

275 6182 437 6255 fortalitii
464 6184 726 6257 Scheiflari
753 6192 884 6276 amoto,
912 6187 1047 6257 hostem
1075 6208 1286 6259 communem
1315 6184 1518 6276 pestemque
1543 6185 1716 6276 publicam
1744 6207 1766 6285 a·
1792 6206 1829 6255 se

275 6304 452 6395 effugaret.
490 6306 619 6377 Verum
656 6329 732 6378 cum
760 6310 897 6380 tardius
924 6322 1027 6399 quam
1045 6307 1200 6398 periculi
1217 6309 1417 6379 communis
1444 6309 1633 6379 necessitas
1661 6306 1827 6398 deposce-

275 6427 351 6515 bat,
377 6426 623 6500 Ozirziczensis
649 6429 758 6500 abbas
783 6431 877 6519 regis
904 6431 1021 6505 munia
1046 6435 1297 6520 exequeretur,
1321 6428 1447 6501 iudaeo
1473 6436 1513 6502 ut
1537 6448 1629 6501 reor.
1646 6429 1829 6519 imperium
