4217 8059
318 1486 390 1558 120

314 1692 470 1764 Tertii
505 1693 669 1765 Poloniae
705 1695 798 1784 regis
832 1702 870 1766 et
896 1697 998 1766 etiam
1030 1697 1271 1786 libertationc,
1307 1696 1405 1768 illum
1440 1716 1504 1786 pro
1540 1696 1674 1767 duobus
1707 1692 1859 1769 millibus

314 1813 540 1901 florenorum,
568 1834 588 1883 a
615 1814 771 1904 praefato
799 1815 991 1905 Spithkone
1027 1816 1070 1887 de
1097 1816 1326 1887 Melstbin
1362 1817 1536 1907 emptione
1563 1815 1860 1907 et-resignatione

315 1939 484 2023 perpetua
502 1938 538 2003 et
554 1934 773 2006 irrevocabili
793 1936 1015 2026 comparavit,
1041 1935 1266 2028 praefatoque
1284 1936 1492 2009 monasterio
1519 1937 1555 2008 in
1581 1934 1756 2010 skalka
1781 1957 1860 2027 per-

315 2059 421 2143 petuo
447 2054 691 2144 incorporavit
717 2053 772 2125 Ad
791 2076 892 2146 quam
920 2056 1126 2155 emptionem
1153 2055 1304 2129 lacobus
1328 2056 1374 2128 de
1401 2053 1550 2127 Sanno
1577 2053 1759 2145 epiecopus
1776 2063 1861 2126 tunc

316 2173 616 2262 Vladislaviensis,
643 2182 767 2265 expost
793 2198 875 2248 vero
902 2177 1182 2267 archiepiscopus
1210 2174 1439 2264 Gneznensis,
1467 2175 1687 2264 sexingentos
1713 2173 1860 2245 florenos

316 2294 352 2363 in
379 2314 475 2381 auro,
502 2294 692 2384 praemium
719 2297 763 2368 ab
790 2297 976 2386 altissimo,
1002 2303 1039 2368 et
1066 2296 1339 2368 anniversarium
1371 2294 1576 2385 perpetuum
1602 2315 1625 2364 a
1650 2294 1860 2365 monastario

316 2413 352 2485 in
371 2413 546 2485 Skalka
563 2415 746 2488 habiturus
764 2416 872 2507 dedit3
889 2438 932 2489 ex
950 2438 1018 2508 quo
1036 2416 1174 2507 quidem
1193 2436 1298 2488 ceusu
1315 2415 1561 2487 monasterium
1580 2384 1773 2515 praelatum
1791 2414 1861 2483 sin-

175 2593 177 2596 .
315 2534 406 2622 gulis
432 2536 531 2605 annis
557 2536 707 2626 percipit
732 2538 912 2627 sexaginta
937 2543 1010 2609 tres
1036 2536 1194 2624 florenos
1221 2536 1355 2607 duabus
1380 2535 1563 2625 sexagenis
1588 2533 1738 2606 latorum
1763 2553 1866 2624 gres*

170 2736 176 2745 ,
318 2675 432 2725 serum
460 2656 632 2745 exceptis,
669 2676 814 2745 quarum
850 2677 954 2727 uuam
989 2663 1153 2726 tenentur
1189 2655 1273 2726 dare
1310 2654 1528 2746 praebendae
1555 2654 1590 2724 in
1616 2652 1862 2742 Melstbin,

318 2774 463 2846 alteram
491 2794 574 2848 vero
601 2795 665 2866 pro
692 2776 796 2847 altari
822 2776 855 2848 S.
883 2775 1092 2848 Gatberinae
1118 2776 1154 2847 in
1180 2773 1410 2848 Gracovia
1437 2774 1473 2845 in
1499 2773 1623 2846 maiori
1648 2773 1802 2846 eeclesia.

381 3022 616 3102 Proventue
648 3023 793 3102 altaria
823 3022 930 3101 tituli
963 3021 1146 3102 Sanctae
1178 3018 1331 3101 Orucle
1365 3021 1405 3100 ln
1438 3019 1623 3100 ecelesia
1657 3018 1800 3098 Sancti

850 3159 1044 3239 Stanislal
1079 3160 1118 3238 in
1154 3158 1337 3262 Rupella.

421 3378 552 3450 Domus
578 3378 693 3468 lignea
719 3381 805 3451 satis
827 3380 959 3469 optima
986 3380 1117 3450 babens
1143 3378 1282 3449 hortum
1310 3379 1437 3449 bonurn
1455 3398 1531 3449 cum
1550 3377 1714 3467 pomerio,
1742 3377 1776 3446 in
1792 3395 1864 3466 qua

318 3498 478 3569 altarista
504 3499 625 3569 altaris
652 3497 810 3589 praefati,
837 3505 1020 3589 antequam
1048 3499 1257 3570 monasterio
1284 3499 1319 3568 in
1347 3496 1546 3587 Rupella
1572 3497 1862 3588 incorporaretur,

319 3625 357 3691 et
382 3624 564 3709 antequam
600 3619 675 3690 eius
710 3621 834 3692 titulus
869 3620 1147 3710 extingueretur,
1192 3618 1413 3690 residentiam
1452 3602 1668 3709 personalem
1704 3617 1863 3690 iaciebat.
1949 3700 1958 3715 .

318 3736 443 3810 Altare
469 3744 583 3831 autem
602 3739 793 3830 praefatum
811 3741 978 3830 magister
1000 3739 1151 3812 lacobus
1178 3738 1221 3810 de
1248 3739 1500 3811 Oasimiria
1525 3739 1714 3811 medicinae
1741 3738 1864 3810 doctor

181 3846 188 3855 ’
258 3890 261 3899 ·
318 3858 473 3948 iusignia,
500 3860 759 3948 cognominatus
787 3859 1185 3950 Vobistigwaszd,
1211 3858 1471 3950 loquutionibus
1490 3859 1581 3930 enim
1607 3844 1679 3931 suis¹
1704 3857 1866 3949 frequen-

318 3984 375 4051 ter
401 3980 543 4051 verbum
570 3980 664 4052 istud
689 3977 952 4076 oediocipwaozd
977 3980 1182 4072 apponebat,
1209 3980 1252 4052 de
1277 3978 1500 4052 facultatibus
1526 3981 1599 4052 suis
1625 4000 1668 4051 ex
1695 3979 1865 4051 medicina

319 4100 463 4194 quesitis
490 4102 658 4190 censibus,
685 4101 721 4171 in
749 4102 875 4192 oppido
902 4102 1138 4173 Kazimirz
1173 4102 1210 4172 in
1237 4101 1395 4173 domibus
1423 4100 1465 4172 de
1493 4121 1661 4173 consensu
1675 4100 1864 4172 consulum

318 4225 356 4291 et
381 4221 630 4310 oppidanorum
658 4223 843 4312 coemptis,
882 4223 945 4295 sub
972 4220 1177 4313 pontificatu
1208 4222 1404 4313 Zbignei
1439 4222 1624 4294 cardinalis
1650 4228 1687 4293 et
1713 4223 1866 4313 episcopi

319 4338 565 4432 cracoviensis,
592 4363 635 4413 ex
662 4342 830 4433 singulari
857 4343 1041 4416 devotione
1067 4342 1234 4433 fundavit,
1262 4362 1352 4416 anuo
1380 4343 1517 4415 Domini
1551 4345 1595 4414 14
1615 4396 1756 4412 ......

790 4841 1397 4929 CZANS'l'OOHOVlENSE.

349 5086 589 5167 Secundum
623 5091 924 5168 monasterium
957 5088 1117 5170 ordinis
1151 5089 1266 5169 Beati
1286 5086 1399 5168 Pauli
1434 5089 1552 5190 primi
1588 5088 1833 5186 heremitae,

454 5226 492 5303 in
525 5225 714 5305 dioecesi
747 5224 1024 5308 Oracoviensi
1060 5230 1098 5307 in
1132 5226 1290 5333 oppido
1321 5225 1745 5308 Ozenelocboviensi.

423 5443 695 5518 Vladislaus
716 5445 940 5538 ¹Oppoliensis
968 5452 1004 5519 et
1029 5452 1111 5519 tunc
1137 5447 1370 5536 Vielunensis,
1397 5445 1710 5519 Ostrzeszoviensis
1737 5451 1773 5516 et
1794 5446 1866 5518 Do·

317 5566 509 5638 breinensis
550 5566 637 5657 dux,
677 5574 714 5640 et
748 5568 921 5658 palatinus
957 5568 1055 5659 regni
1090 5566 1310 5659 Hungariae,
1350 5566 1536 5657 resignatis
1577 5564 1682 5637 terris
1709 5566 1866 5654 Russiae,

315 5687 478 5759 videlicet
511 5687 745 5778 Leopeliensi,
778 5687 1051 5778 Przemislieusi,
1087 5686 1276 5760 Haliciensi
1302 5693 1340 5759 et
1365 5686 1579 5774 Podoliensi,
1607 5706 1693 5777 quas
1720 5687 1755 5758 iu
1783 5708 1860 5758 eum

318 5807 582 5880 Ludovicus
620 5807 785 5880 Poloniae
816 5815 851 5880 et
877 5808 1079 5901 Hungariae
1114 5830 1178 5883 rex
1213 5815 1381 5901 perpetua
1417 5805 1620 5896 donatione,
1656 5812 1761 5879 utet
1788 5814 1866 5879 tan-

320 5948 422 6020 quam
455 5928 617 6000 Poloniae
650 5949 711 6000 rex
739 5930 925 6022 attulerat,
950 5950 1001 6021 eo,
1042 5929 1135 6023 quod
1159 5930 1411 6025 possessionem
1448 5946 1567 5998 earum
1593 5932 1739 6018 propter
1764 5948 1865 6002 enor-

320 6069 408 6120 mem
436 6049 535 6139 regni
553 6046 718 6120 Poloniae
744 6050 1008 6141 mutilationem,
1035 6051 1102 6123 arbi
1124 6034 1202 6151 intel
1254 6050 1342 6123 'ebat
1360 6069 1427 6119 nen
1445 6067 1548 6138 pesse
1565 6045 1640 6119 iore
1660 6044 1866 6138 diuturnam,

320 6190 402 6260 rege
420 6171 563 6260 insuper
580 6168 737 6260 praelato
763 6170 1001 6244 Ludovico
1028 6172 1106 6261 inat¹
1180 6150 1184 6153 ⁸
1294 6168 1534 6243 adamationem
1561 6175 1598 6240 et
1616 6169 1865 6242 mutilationem

319 6291 416 6380 regni
444 6291 607 6362 Poloniae
634 6298 705 6387 tam
732 6292 886 6384 iniquam
903 6298 941 6365 et
959 6293 1098 6369 notoria
1254 6278 1381 6393 mentia
1405 6289 1502 6361 illum
1528 6290 1748 6363 remordente
1774 6288 1866 6363 ferre

301 6394 388 6487 'uun
414 6412 538 6501 potuit,
565 6388 948 6521 eteffrlcisaitudinfm
974 6418 1074 6486 terra
1406 6402 1574 6485 ‚Rus'siue
1600 6410 1866 6504 resignatamm,
