<?xml version="1.0" encoding="UTF-8"?>
<!DOCTYPE html PUBLIC "-//W3C//DTD XHTML 1.0 Transitional//EN"
    "http://www.w3.org/TR/xhtml1/DTD/xhtml1-transitional.dtd">
<html xmlns="http://www.w3.org/1999/xhtml" xml:lang="en" lang="en">
 <head>
  <title>
</title>
<meta http-equiv="Content-Type" content="text/html;charset=utf-8" />
  <meta name='ocr-system' content='tesseract 3.04.00' />
  <meta name='ocr-capabilities' content='ocr_page ocr_carea ocr_par ocr_line ocrx_word'/>
</head>
<body>
  <div class='ocr_page' id='page_1' title='image "./joannisdugoszse02dugoog_0373.png"; bbox 0 0 4217 8059; ppageno 0'>
   <div class='ocr_carea' id='block_1_1' title="bbox 1750 1517 1823 1588">
    <p class='ocr_par' dir='ltr' id='par_1_1' title="bbox 1750 1517 1823 1588">
     <span class='ocr_line' id='line_1_1' title="bbox 1750 1517 1823 1588; baseline 0.027 -2"><span class='ocrx_word' id='word_1_1' title='bbox 1750 1517 1823 1588; x_wconf 78' lang='lat'>359</span> 
     </span>
    </p>
   </div>
   <div class='ocr_carea' id='block_1_2' title="bbox 220 1676 1827 2053">
    <p class='ocr_par' dir='ltr' id='par_1_2' title="bbox 220 1676 1827 2053">
     <span class='ocr_line' id='line_1_2' title="bbox 220 1676 1826 1793; baseline 0.001 -2"><span class='ocrx_word' id='word_1_2' title='bbox 220 1684 222 1689; x_wconf 23' lang='grc' dir='ltr'>Ι</span> <span class='ocrx_word' id='word_1_3' title='bbox 277 1719 360 1791; x_wconf 87' lang='lat' dir='ltr'>tunc</span> <span class='ocrx_word' id='word_1_4' title='bbox 387 1720 462 1790; x_wconf 91' lang='lat' dir='ltr'>sola</span> <span class='ocrx_word' id='word_1_5' title='bbox 488 1740 569 1792; x_wconf 88' lang='lat' dir='ltr'>suos</span> <span class='ocrx_word' id='word_1_6' title='bbox 596 1720 847 1792; x_wconf 80' lang='lat' dir='ltr'>committentia</span> <span class='ocrx_word' id='word_1_7' title='bbox 882 1726 1020 1790; x_wconf 88' lang='lat' dir='ltr'>actores</span> <span class='ocrx_word' id='word_1_8' title='bbox 1055 1726 1218 1791; x_wconf 79' lang='lat' dir='ltr'>aeternae</span> <span class='ocrx_word' id='word_1_9' title='bbox 1245 1687 1471 1792; x_wconf 80' lang='lat' dir='ltr'>beatitudinis</span> <span class='ocrx_word' id='word_1_10' title='bbox 1507 1676 1643 1793; x_wconf 66' lang='lat' dir='ltr'>ianuam</span> <span class='ocrx_word' id='word_1_11' title='bbox 1670 1720 1826 1793; x_wconf 85' lang='lat' dir='ltr'>introdu-</span> 
     </span>
     <span class='ocr_line' id='line_1_3' title="bbox 278 1840 1827 1932; baseline 0.005 -21"><span class='ocrx_word' id='word_1_12' title='bbox 278 1847 379 1930; x_wconf 91' lang='lat' dir='ltr'>cunt,</span> <span class='ocrx_word' id='word_1_13' title='bbox 407 1842 609 1913; x_wconf 91' lang='lat' dir='ltr'>coenobium</span> <span class='ocrx_word' id='word_1_14' title='bbox 636 1862 697 1913; x_wconf 89' lang='lat' dir='ltr'>seu</span> <span class='ocrx_word' id='word_1_15' title='bbox 724 1841 912 1912; x_wconf 90' lang='lat' dir='ltr'>claustrum</span> <span class='ocrx_word' id='word_1_16' title='bbox 941 1841 1253 1913; x_wconf 81' lang='lat' dir='ltr'><strong>sanctimonialium</strong></span> <span class='ocrx_word' id='word_1_17' title='bbox 1280 1841 1412 1913; x_wconf 85' lang='lat' dir='ltr'>ordinis</span> <span class='ocrx_word' id='word_1_18' title='bbox 1439 1841 1585 1912; x_wconf 88' lang='lat' dir='ltr'>Sanctae</span> <span class='ocrx_word' id='word_1_19' title='bbox 1613 1840 1754 1932; x_wconf 85' lang='lat' dir='ltr'>Clarae,</span> <span class='ocrx_word' id='word_1_20' title='bbox 1781 1843 1827 1919; x_wconf 80' lang='lat' dir='ltr'>ad</span> 
     </span>
     <span class='ocr_line' id='line_1_4' title="bbox 275 1959 1825 2053; baseline 0.002 -21"><span class='ocrx_word' id='word_1_21' title='bbox 275 1961 341 2032; x_wconf 88' lang='lat' dir='ltr'>Dei</span> <span class='ocrx_word' id='word_1_22' title='bbox 368 1963 513 2052; x_wconf 84' lang='lat' dir='ltr'>gloriam</span> <span class='ocrx_word' id='word_1_23' title='bbox 551 1968 587 2032; x_wconf 90' lang='lat' dir='ltr'>et</span> <span class='ocrx_word' id='word_1_24' title='bbox 622 1959 770 2033; x_wconf 81' lang='lat' dir='ltr'>Sanctae</span> <span class='ocrx_word' id='word_1_25' title='bbox 805 1961 871 2033; x_wconf 89' lang='lat' dir='ltr'>Dei</span> <span class='ocrx_word' id='word_1_26' title='bbox 899 1959 1088 2033; x_wconf 88' lang='lat' dir='ltr'>Genitricis</span> <span class='ocrx_word' id='word_1_27' title='bbox 1123 1961 1259 2034; x_wconf 87' lang='lat' dir='ltr'>Mariae</span> <span class='ocrx_word' id='word_1_28' title='bbox 1285 1983 1326 2032; x_wconf 82' lang='lat' dir='ltr'>ac</span> <span class='ocrx_word' id='word_1_29' title='bbox 1352 1961 1453 2034; x_wconf 86' lang='lat' dir='ltr'>Beati</span> <span class='ocrx_word' id='word_1_30' title='bbox 1479 1961 1655 2034; x_wconf 85' lang='lat' dir='ltr'>Francisci</span> <span class='ocrx_word' id='word_1_31' title='bbox 1680 1963 1825 2053; x_wconf 79' lang='lat' dir='ltr'>gloriosi</span> 
     </span>
    </p>
   </div>
   <div class='ocr_carea' id='block_1_3' title="bbox 137 2072 1824 2195">
    <p class='ocr_par' dir='ltr' id='par_1_3' title="bbox 137 2072 1824 2195">
     <span class='ocr_line' id='line_1_5' title="bbox 137 2072 1824 2195; baseline 0.002 -42"><span class='ocrx_word' id='word_1_32' title='bbox 137 2163 142 2169; x_wconf 50' lang='grc'><strong>,</strong></span> <span class='ocrx_word' id='word_1_33' title='bbox 268 2083 484 2169; x_wconf 33' lang='lat' dir='ltr'>,comessoris</span> <span class='ocrx_word' id='word_1_34' title='bbox 520 2085 705 2173; x_wconf 81' lang='lat' dir='ltr'>honorem,</span> <span class='ocrx_word' id='word_1_35' title='bbox 730 2072 793 2154; x_wconf 85' lang='lat' dir='ltr'>nec</span> <span class='ocrx_word' id='word_1_36' title='bbox 819 2103 888 2154; x_wconf 92' lang='lat' dir='ltr'>non</span> <span class='ocrx_word' id='word_1_37' title='bbox 923 2103 1043 2154; x_wconf 86' lang='lat' dir='ltr'>sacrae</span> <span class='ocrx_word' id='word_1_38' title='bbox 1079 2083 1258 2175; x_wconf 81' lang='lat' dir='ltr'>religionis</span> <span class='ocrx_word' id='word_1_39' title='bbox 1283 2084 1533 2195; x_wconf 75' lang='lat' dir='ltr'>propaginem,</span> <span class='ocrx_word' id='word_1_40' title='bbox 1554 2105 1595 2154; x_wconf 91' lang='lat' dir='ltr'>ac</span> <span class='ocrx_word' id='word_1_41' title='bbox 1620 2104 1685 2174; x_wconf 88' lang='lat' dir='ltr'>pro</span> <span class='ocrx_word' id='word_1_42' title='bbox 1712 2084 1824 2156; x_wconf 88' lang='lat' dir='ltr'>salute</span> 
     </span>
    </p>
   </div>
   <div class='ocr_carea' id='block_1_4' title="bbox 274 2196 1825 2423">
    <p class='ocr_par' dir='ltr' id='par_1_4' title="bbox 274 2196 1825 2423">
     <span class='ocr_line' id='line_1_6' title="bbox 277 2196 1825 2297; baseline 0.001 -21"><span class='ocrx_word' id='word_1_43' title='bbox 277 2206 468 2277; x_wconf 88' lang='lat' dir='ltr'>animarum</span> <span class='ocrx_word' id='word_1_44' title='bbox 495 2213 567 2276; x_wconf 91' lang='lat' dir='ltr'>tam</span> <span class='ocrx_word' id='word_1_45' title='bbox 594 2207 711 2277; x_wconf 88' lang='lat' dir='ltr'>nostri</span> <span class='ocrx_word' id='word_1_46' title='bbox 733 2204 882 2294; x_wconf 89' lang='lat' dir='ltr'>praelati</span> <span class='ocrx_word' id='word_1_47' title='bbox 909 2205 1043 2294; x_wconf 89' lang='lat' dir='ltr'>mariti,</span> <span class='ocrx_word' id='word_1_48' title='bbox 1071 2226 1173 2296; x_wconf 89' lang='lat' dir='ltr'>quam</span> <span class='ocrx_word' id='word_1_49' title='bbox 1201 2212 1360 2295; x_wconf 87' lang='lat' dir='ltr'>nostrae,</span> <span class='ocrx_word' id='word_1_50' title='bbox 1387 2205 1423 2276; x_wconf 90' lang='lat' dir='ltr'>in</span> <span class='ocrx_word' id='word_1_51' title='bbox 1449 2205 1527 2296; x_wconf 85' lang='lat' dir='ltr'>ipsa</span> <span class='ocrx_word' id='word_1_52' title='bbox 1552 2204 1696 2277; x_wconf 83' lang='lat' dir='ltr'>civitate</span> <span class='ocrx_word' id='word_1_53' title='bbox 1721 2196 1825 2297; x_wconf 86' lang='lat' dir='ltr'>San-</span> 
     </span>
     <span class='ocr_line' id='line_1_7' title="bbox 274 2317 1824 2423; baseline 0 -26"><span class='ocrx_word' id='word_1_54' title='bbox 274 2326 382 2397; x_wconf 89' lang='lat' dir='ltr'>d-eoz</span> <span class='ocrx_word' id='word_1_55' title='bbox 408 2325 621 2398; x_wconf 87' lang='lat' dir='ltr'>fundandum</span> <span class='ocrx_word' id='word_1_56' title='bbox 648 2326 833 2403; x_wconf 80' lang='lat' dir='ltr'>statuimus</span> <span class='ocrx_word' id='word_1_57' title='bbox 859 2332 896 2397; x_wconf 89' lang='lat' dir='ltr'>et</span> <span class='ocrx_word' id='word_1_58' title='bbox 922 2327 1027 2397; x_wconf 89' lang='lat' dir='ltr'>etiam</span> <span class='ocrx_word' id='word_1_59' title='bbox 1055 2317 1335 2423; x_wconf 74' lang='lat' dir='ltr'>construendum,</span> <span class='ocrx_word' id='word_1_60' title='bbox 1361 2332 1476 2398; x_wconf 86' lang='lat' dir='ltr'>certas</span> <span class='ocrx_word' id='word_1_61' title='bbox 1502 2346 1678 2416; x_wconf 83' lang='lat' dir='ltr'>personas,</span> <span class='ocrx_word' id='word_1_62' title='bbox 1704 2326 1824 2401; x_wconf 86' lang='lat' dir='ltr'>videli-</span> 
     </span>
    </p>
   </div>
   <div class='ocr_carea' id='block_1_5' title="bbox 131 2444 1964 2537">
    <p class='ocr_par' dir='ltr' id='par_1_5' title="bbox 131 2444 1964 2537">
     <span class='ocr_line' id='line_1_8' title="bbox 131 2444 1964 2537; baseline -0.001 -18"><span class='ocrx_word' id='word_1_63' title='bbox 131 2472 134 2478; x_wconf 88' lang='lat'>·</span> <span class='ocrx_word' id='word_1_64' title='bbox 275 2453 331 2519; x_wconf 86' lang='lat' dir='ltr'>cet</span> <span class='ocrx_word' id='word_1_65' title='bbox 358 2447 529 2518; x_wconf 89' lang='lat' dir='ltr'>dominam</span> <span class='ocrx_word' id='word_1_66' title='bbox 557 2447 767 2519; x_wconf 84' lang='lat' dir='ltr'>abbatissam</span> <span class='ocrx_word' id='word_1_67' title='bbox 794 2467 870 2518; x_wconf 89' lang='lat' dir='ltr'>cum</span> <span class='ocrx_word' id='word_1_68' title='bbox 898 2446 1043 2537; x_wconf 83' lang='lat' dir='ltr'>collegio</span> <span class='ocrx_word' id='word_1_69' title='bbox 1071 2452 1119 2518; x_wconf 89' lang='lat' dir='ltr'>et.</span> <span class='ocrx_word' id='word_1_70' title='bbox 1133 2453 1305 2519; x_wconf 86' lang='lat' dir='ltr'>conventu</span> <span class='ocrx_word' id='word_1_71' title='bbox 1332 2467 1489 2519; x_wconf 90' lang='lat' dir='ltr'>sororum</span> <span class='ocrx_word' id='word_1_72' title='bbox 1518 2447 1604 2519; x_wconf 85' lang='lat' dir='ltr'>dicti</span> <span class='ocrx_word' id='word_1_73' title='bbox 1629 2444 1761 2519; x_wconf 82' lang='lat' dir='ltr'>ordinis</span> <span class='ocrx_word' id='word_1_74' title='bbox 1787 2448 1824 2518; x_wconf 91' lang='lat' dir='ltr'>in</span> <span class='ocrx_word' id='word_1_75' title='bbox 1960 2476 1964 2485; x_wconf 60' lang='lat'>¹</span> 
     </span>
    </p>
   </div>
   <div class='ocr_carea' id='block_1_6' title="bbox 274 2565 1825 2669">
    <p class='ocr_par' dir='ltr' id='par_1_6' title="bbox 274 2565 1825 2669">
     <span class='ocr_line' id='line_1_9' title="bbox 274 2565 1825 2669; baseline 0.001 -31"><span class='ocrx_word' id='word_1_76' title='bbox 274 2568 323 2640; x_wconf 92' lang='lat' dir='ltr'>ibi</span> <span class='ocrx_word' id='word_1_77' title='bbox 350 2567 549 2657; x_wconf 88' lang='lat' dir='ltr'>statuendo,</span> <span class='ocrx_word' id='word_1_78' title='bbox 571 2573 610 2639; x_wconf 92' lang='lat' dir='ltr'>ut</span> <span class='ocrx_word' id='word_1_79' title='bbox 636 2567 794 2657; x_wconf 88' lang='lat' dir='ltr'>deposito</span> <span class='ocrx_word' id='word_1_80' title='bbox 817 2566 951 2669; x_wconf 85' lang='lat' dir='ltr'>liberae</span> <span class='ocrx_word' id='word_1_81' title='bbox 978 2568 1168 2640; x_wconf 83' lang='lat' dir='ltr'>voluntatis</span> <span class='ocrx_word' id='word_1_82' title='bbox 1194 2568 1361 2658; x_wconf 90' lang='lat' dir='ltr'>arbitrio,</span> <span class='ocrx_word' id='word_1_83' title='bbox 1387 2567 1543 2640; x_wconf 85' lang='lat' dir='ltr'>serviant</span> <span class='ocrx_word' id='word_1_84' title='bbox 1568 2565 1625 2640; x_wconf 88' lang='lat' dir='ltr'>die</span> <span class='ocrx_word' id='word_1_85' title='bbox 1652 2572 1825 2661; x_wconf 77' lang='lat' dir='ltr'>noctoque</span> 
     </span>
    </p>
   </div>
   <div class='ocr_carea' id='block_1_7' title="bbox 160 2687 1971 2907">
    <p class='ocr_par' dir='ltr' id='par_1_7' title="bbox 160 2687 1971 2907">
     <span class='ocr_line' id='line_1_10' title="bbox 275 2687 1971 2780; baseline 0.001 -20"><span class='ocrx_word' id='word_1_86' title='bbox 275 2690 424 2760; x_wconf 89' lang='lat' dir='ltr'>Domino</span> <span class='ocrx_word' id='word_1_87' title='bbox 450 2691 486 2760; x_wconf 91' lang='lat' dir='ltr'>in</span> <span class='ocrx_word' id='word_1_88' title='bbox 514 2690 650 2777; x_wconf 88' lang='lat' dir='ltr'>timore,</span> <span class='ocrx_word' id='word_1_89' title='bbox 677 2694 715 2760; x_wconf 87' lang='lat' dir='ltr'>at</span> <span class='ocrx_word' id='word_1_90' title='bbox 740 2687 919 2760; x_wconf 86' lang='lat' dir='ltr'>ambulent</span> <span class='ocrx_word' id='word_1_91' title='bbox 946 2690 982 2761; x_wconf 89' lang='lat' dir='ltr'>in</span> <span class='ocrx_word' id='word_1_92' title='bbox 1009 2689 1195 2761; x_wconf 84' lang='lat' dir='ltr'>sanctitate</span> <span class='ocrx_word' id='word_1_93' title='bbox 1229 2696 1266 2761; x_wconf 91' lang='lat' dir='ltr'>et</span> <span class='ocrx_word' id='word_1_94' title='bbox 1292 2689 1427 2761; x_wconf 90' lang='lat' dir='ltr'>institia</span> <span class='ocrx_word' id='word_1_95' title='bbox 1454 2709 1571 2763; x_wconf 86' lang='lat' dir='ltr'>coram</span> <span class='ocrx_word' id='word_1_96' title='bbox 1598 2689 1693 2780; x_wconf 92' lang='lat' dir='ltr'>ipso,</span> <span class='ocrx_word' id='word_1_97' title='bbox 1719 2688 1825 2761; x_wconf 88' lang='lat' dir='ltr'>abne·</span> <span class='ocrx_word' id='word_1_98' title='bbox 1954 2712 1971 2777; x_wconf 60' lang='lat'><strong>4</strong></span> 
     </span>
     <span class='ocr_line' id='line_1_11' title="bbox 160 2807 1825 2907; baseline 0.002 -27"><span class='ocrx_word' id='word_1_99' title='bbox 160 2898 165 2907; x_wconf 21' lang='grc' dir='ltr'>ι</span> <span class='ocrx_word' id='word_1_100' title='bbox 275 2817 397 2901; x_wconf 78' lang='lat' dir='ltr'>gantas</span> <span class='ocrx_word' id='word_1_101' title='bbox 424 2832 462 2882; x_wconf 88' lang='lat' dir='ltr'>se</span> <span class='ocrx_word' id='word_1_102' title='bbox 489 2817 525 2882; x_wconf 93' lang='lat' dir='ltr'>et</span> <span class='ocrx_word' id='word_1_103' title='bbox 552 2832 625 2900; x_wconf 89' lang='lat' dir='ltr'>sna,</span> <span class='ocrx_word' id='word_1_104' title='bbox 652 2807 810 2899; x_wconf 88' lang='lat' dir='ltr'>eligendo</span> <span class='ocrx_word' id='word_1_105' title='bbox 837 2810 954 2900; x_wconf 91' lang='lat' dir='ltr'>potius</span> <span class='ocrx_word' id='word_1_106' title='bbox 980 2831 1043 2901; x_wconf 90' lang='lat' dir='ltr'>per</span> <span class='ocrx_word' id='word_1_107' title='bbox 1071 2817 1183 2883; x_wconf 89' lang='lat' dir='ltr'>artam</span> <span class='ocrx_word' id='word_1_108' title='bbox 1201 2810 1294 2883; x_wconf 88' lang='lat' dir='ltr'>viam</span> <span class='ocrx_word' id='word_1_109' title='bbox 1312 2816 1347 2881; x_wconf 92' lang='lat' dir='ltr'>et</span> <span class='ocrx_word' id='word_1_110' title='bbox 1365 2817 1548 2902; x_wconf 84' lang='lat' dir='ltr'>angustam</span> <span class='ocrx_word' id='word_1_111' title='bbox 1566 2810 1825 2901; x_wconf 80' lang='lat' dir='ltr'>portam„ritaa</span> 
     </span>
    </p>
   </div>
   <div class='ocr_carea' id='block_1_8' title="bbox 245 2924 1902 3993">
    <p class='ocr_par' dir='ltr' id='par_1_8' title="bbox 245 2924 1902 3628">
     <span class='ocr_line' id='line_1_12' title="bbox 273 2924 1825 3024; baseline 0.001 -22"><span class='ocrx_word' id='word_1_112' title='bbox 273 2933 411 3003; x_wconf 89' lang='lat' dir='ltr'>ianuam</span> <span class='ocrx_word' id='word_1_113' title='bbox 439 2932 594 3004; x_wconf 89' lang='lat' dir='ltr'>introire.</span> <span class='ocrx_word' id='word_1_114' title='bbox 621 2930 722 3003; x_wconf 89' lang='lat' dir='ltr'>Unde</span> <span class='ocrx_word' id='word_1_115' title='bbox 749 2950 817 3000; x_wconf 92' lang='lat' dir='ltr'>non</span> <span class='ocrx_word' id='word_1_116' title='bbox 844 2924 1018 3011; x_wconf 84' lang='lat' dir='ltr'>immerito</span> <span class='ocrx_word' id='word_1_117' title='bbox 1044 2932 1147 3003; x_wconf 86' lang='lat' dir='ltr'>buius</span> <span class='ocrx_word' id='word_1_118' title='bbox 1173 2931 1373 3024; x_wconf 86' lang='lat' dir='ltr'>temporalis</span> <span class='ocrx_word' id='word_1_119' title='bbox 1401 2932 1494 3004; x_wconf 82' lang='lat' dir='ltr'>vitae</span> <span class='ocrx_word' id='word_1_120' title='bbox 1520 2931 1726 3004; x_wconf 87' lang='lat' dir='ltr'>necessariis</span> <span class='ocrx_word' id='word_1_121' title='bbox 1743 2938 1825 3010; x_wconf 87' lang='lat' dir='ltr'>sunt</span> 
     </span>
     <span class='ocr_line' id='line_1_13' title="bbox 273 3050 1825 3150; baseline -0.002 -23"><span class='ocrx_word' id='word_1_122' title='bbox 273 3050 459 3150; x_wconf 78' lang='lat' dir='ltr'>mrandae,</span> <span class='ocrx_word' id='word_1_123' title='bbox 480 3060 520 3125; x_wconf 91' lang='lat' dir='ltr'>ut</span> <span class='ocrx_word' id='word_1_124' title='bbox 546 3073 587 3124; x_wconf 89' lang='lat' dir='ltr'>eo</span> <span class='ocrx_word' id='word_1_125' title='bbox 615 3052 783 3140; x_wconf 87' lang='lat' dir='ltr'>devotius,</span> <span class='ocrx_word' id='word_1_126' title='bbox 810 3071 879 3141; x_wconf 88' lang='lat' dir='ltr'>qno</span> <span class='ocrx_word' id='word_1_127' title='bbox 906 3053 1056 3143; x_wconf 88' lang='lat' dir='ltr'>quietius</span> <span class='ocrx_word' id='word_1_128' title='bbox 1082 3052 1230 3125; x_wconf 92' lang='lat' dir='ltr'>Domino</span> <span class='ocrx_word' id='word_1_129' title='bbox 1253 3053 1471 3144; x_wconf 81' lang='lat' dir='ltr'>famulentur,</span> <span class='ocrx_word' id='word_1_130' title='bbox 1489 3052 1625 3143; x_wconf 82' lang='lat' dir='ltr'>sibique</span> <span class='ocrx_word' id='word_1_131' title='bbox 1640 3051 1825 3143; x_wconf 89' lang='lat' dir='ltr'>proficiant</span> 
     </span>
     <span class='ocr_line' id='line_1_14' title="bbox 274 3158 1902 3271; baseline -0.002 -24"><span class='ocrx_word' id='word_1_132' title='bbox 274 3195 341 3265; x_wconf 84' lang='lat' dir='ltr'>per</span> <span class='ocrx_word' id='word_1_133' title='bbox 372 3160 467 3247; x_wconf 67' lang='lat' dir='ltr'>riae</span> <span class='ocrx_word' id='word_1_134' title='bbox 501 3175 682 3262; x_wconf 89' lang='lat' dir='ltr'>meritum,</span> <span class='ocrx_word' id='word_1_135' title='bbox 709 3179 745 3245; x_wconf 90' lang='lat' dir='ltr'>et</span> <span class='ocrx_word' id='word_1_136' title='bbox 779 3171 858 3244; x_wconf 88' lang='lat' dir='ltr'>aliis</span> <span class='ocrx_word' id='word_1_137' title='bbox 893 3194 957 3264; x_wconf 88' lang='lat' dir='ltr'>por</span> <span class='ocrx_word' id='word_1_138' title='bbox 979 3174 1187 3258; x_wconf 78' lang='lat' dir='ltr'>orationum</span> <span class='ocrx_word' id='word_1_139' title='bbox 1214 3173 1382 3264; x_wconf 83' lang='lat' dir='ltr'>sutfragia</span> <span class='ocrx_word' id='word_1_140' title='bbox 1407 3173 1444 3245; x_wconf 82' lang='lat' dir='ltr'>et</span> <span class='ocrx_word' id='word_1_141' title='bbox 1470 3158 1676 3265; x_wconf 57' lang='lat' dir='ltr'>exemptum,</span> <span class='ocrx_word' id='word_1_142' title='bbox 1713 3172 1844 3263; x_wconf 77' lang='lat' dir='ltr'>igitur·</span> <span class='ocrx_word' id='word_1_143' title='bbox 1899 3266 1902 3271; x_wconf 7' lang='lat' dir='ltr'>y</span> 
     </span>
     <span class='ocr_line' id='line_1_15' title="bbox 274 3282 1824 3394; baseline -0.002 -26"><span class='ocrx_word' id='word_1_144' title='bbox 274 3296 430 3369; x_wconf 86' lang='lat' dir='ltr'>volentes</span> <span class='ocrx_word' id='word_1_145' title='bbox 457 3317 516 3394; x_wconf 89' lang='lat' dir='ltr'>eas</span> <span class='ocrx_word' id='word_1_146' title='bbox 542 3299 578 3368; x_wconf 93' lang='lat' dir='ltr'>in</span> <span class='ocrx_word' id='word_1_147' title='bbox 606 3297 854 3388; x_wconf 84' lang='lat' dir='ltr'>temporalibus</span> <span class='ocrx_word' id='word_1_148' title='bbox 881 3316 951 3368; x_wconf 90' lang='lat' dir='ltr'>non</span> <span class='ocrx_word' id='word_1_149' title='bbox 977 3295 1134 3384; x_wconf 75' lang='lat' dir='ltr'>deficere,</span> <span class='ocrx_word' id='word_1_150' title='bbox 1162 3301 1201 3366; x_wconf 91' lang='lat' dir='ltr'>nt</span> <span class='ocrx_word' id='word_1_151' title='bbox 1228 3314 1364 3385; x_wconf 87' lang='lat' dir='ltr'>semper</span> <span class='ocrx_word' id='word_1_152' title='bbox 1390 3295 1426 3367; x_wconf 91' lang='lat' dir='ltr'>in</span> <span class='ocrx_word' id='word_1_153' title='bbox 1454 3293 1692 3386; x_wconf 85' lang='lat' dir='ltr'>spiritualibus</span> <span class='ocrx_word' id='word_1_154' title='bbox 1719 3282 1824 3385; x_wconf 89' lang='lat' dir='ltr'>proli-</span> 
     </span>
     <span class='ocr_line' id='line_1_16' title="bbox 275 3415 1825 3515; baseline -0.002 -27"><span class='ocrx_word' id='word_1_155' title='bbox 275 3418 377 3508; x_wconf 84' lang='lat' dir='ltr'>ciant,</span> <span class='ocrx_word' id='word_1_156' title='bbox 404 3416 580 3515; x_wconf 80' lang='lat' dir='ltr'>donamus,</span> <span class='ocrx_word' id='word_1_157' title='bbox 607 3417 833 3507; x_wconf 88' lang='lat' dir='ltr'>conlerimus,</span> <span class='ocrx_word' id='word_1_158' title='bbox 860 3424 896 3489; x_wconf 88' lang='lat' dir='ltr'>et</span> <span class='ocrx_word' id='word_1_159' title='bbox 921 3415 1028 3488; x_wconf 91' lang='lat' dir='ltr'>titulo</span> <span class='ocrx_word' id='word_1_160' title='bbox 1054 3422 1243 3506; x_wconf 86' lang='lat' dir='ltr'>perpetuae</span> <span class='ocrx_word' id='word_1_161' title='bbox 1270 3416 1467 3488; x_wconf 87' lang='lat' dir='ltr'>donationis</span> <span class='ocrx_word' id='word_1_162' title='bbox 1489 3435 1591 3488; x_wconf 85' lang='lat' dir='ltr'>mera</span> <span class='ocrx_word' id='word_1_163' title='bbox 1616 3420 1652 3488; x_wconf 91' lang='lat' dir='ltr'>et</span> <span class='ocrx_word' id='word_1_164' title='bbox 1677 3415 1825 3506; x_wconf 88' lang='lat' dir='ltr'>simplici</span> 
     </span>
     <span class='ocr_line' id='line_1_17' title="bbox 245 3534 1823 3628; baseline -0.003 -17"><span class='ocrx_word' id='word_1_165' title='bbox 245 3545 247 3549; x_wconf 75' lang='grc'>’</span> <span class='ocrx_word' id='word_1_166' title='bbox 272 3537 460 3628; x_wconf 80' lang='lat' dir='ltr'>voluntate,</span> <span class='ocrx_word' id='word_1_167' title='bbox 486 3539 763 3611; x_wconf 88' lang='lat' dir='ltr'>irrevocabiliter</span> <span class='ocrx_word' id='word_1_168' title='bbox 788 3537 960 3611; x_wconf 85' lang='lat' dir='ltr'>tradimus</span> <span class='ocrx_word' id='word_1_169' title='bbox 982 3535 1177 3628; x_wconf 87' lang='lat' dir='ltr'>praelatam</span> <span class='ocrx_word' id='word_1_170' title='bbox 1204 3535 1381 3609; x_wconf 84' lang='lat' dir='ltr'>civitatem</span> <span class='ocrx_word' id='word_1_171' title='bbox 1401 3535 1615 3609; x_wconf 82' lang='lat' dir='ltr'>Sandecn</span> <span class='ocrx_word' id='word_1_172' title='bbox 1640 3554 1718 3609; x_wconf 88' lang='lat' dir='ltr'>cnm</span> <span class='ocrx_word' id='word_1_173' title='bbox 1731 3534 1823 3607; x_wconf 61' lang='lat' dir='ltr'>ithe-</span> 
     </span>
    </p>

    <p class='ocr_par' dir='ltr' id='par_1_9' title="bbox 274 3636 1894 3993">
     <span class='ocr_line' id='line_1_18' title="bbox 274 3636 1894 3750; baseline -0.002 -19"><span class='ocrx_word' id='word_1_174' title='bbox 274 3659 375 3732; x_wconf 88' lang='lat' dir='ltr'>loneo</span> <span class='ocrx_word' id='word_1_175' title='bbox 402 3666 439 3731; x_wconf 91' lang='lat' dir='ltr'>et</span> <span class='ocrx_word' id='word_1_176' title='bbox 465 3660 558 3731; x_wconf 91' lang='lat' dir='ltr'>omni</span> <span class='ocrx_word' id='word_1_177' title='bbox 586 3665 732 3750; x_wconf 88' lang='lat' dir='ltr'>quaestu</span> <span class='ocrx_word' id='word_1_178' title='bbox 758 3667 795 3733; x_wconf 89' lang='lat' dir='ltr'>et</span> <span class='ocrx_word' id='word_1_179' title='bbox 821 3658 975 3747; x_wconf 86' lang='lat' dir='ltr'>utilitate</span> <span class='ocrx_word' id='word_1_180' title='bbox 1001 3658 1131 3748; x_wconf 83' lang='lat' dir='ltr'>ipsios,</span> <span class='ocrx_word' id='word_1_181' title='bbox 1158 3678 1221 3729; x_wconf 89' lang='lat' dir='ltr'>nec</span> <span class='ocrx_word' id='word_1_182' title='bbox 1248 3679 1316 3730; x_wconf 90' lang='lat' dir='ltr'>non</span> <span class='ocrx_word' id='word_1_183' title='bbox 1349 3659 1412 3731; x_wconf 89' lang='lat' dir='ltr'>bas</span> <span class='ocrx_word' id='word_1_184' title='bbox 1439 3658 1540 3731; x_wconf 84' lang='lat' dir='ltr'>villas</span> <span class='ocrx_word' id='word_1_185' title='bbox 1566 3663 1602 3730; x_wconf 88' lang='lat' dir='ltr'>et</span> <span class='ocrx_word' id='word_1_186' title='bbox 1627 3654 1824 3731; x_wconf 88' lang='lat' dir='ltr'>baeredita-</span> <span class='ocrx_word' id='word_1_187' title='bbox 1889 3636 1894 3643; x_wconf 69' lang='grc'><strong>’</strong></span> 
     </span>
     <span class='ocr_line' id='line_1_19' title="bbox 275 3764 1824 3872; baseline -0.001 -20"><span class='ocrx_word' id='word_1_188' title='bbox 275 3786 330 3852; x_wconf 88' lang='lat' dir='ltr'>tes</span> <span class='ocrx_word' id='word_1_189' title='bbox 357 3787 504 3872; x_wconf 90' lang='lat' dir='ltr'>nostras,</span> <span class='ocrx_word' id='word_1_190' title='bbox 532 3800 677 3872; x_wconf 89' lang='lat' dir='ltr'>quarum</span> <span class='ocrx_word' id='word_1_191' title='bbox 705 3781 791 3863; x_wconf 86' lang='lat' dir='ltr'>baoc</span> <span class='ocrx_word' id='word_1_192' title='bbox 817 3786 899 3852; x_wconf 91' lang='lat' dir='ltr'>sunt</span> <span class='ocrx_word' id='word_1_193' title='bbox 925 3779 1081 3852; x_wconf 89' lang='lat' dir='ltr'>nomina:</span> <span class='ocrx_word' id='word_1_194' title='bbox 1110 3764 1380 3872; x_wconf 79' lang='lat' dir='ltr'>Barczicza,</span> <span class='ocrx_word' id='word_1_195' title='bbox 1407 3777 1724 3870; x_wconf 79' lang='lat' dir='ltr'>Golkowycza,</span> <span class='ocrx_word' id='word_1_196' title='bbox 1749 3776 1824 3850; x_wconf 84' lang='lat' dir='ltr'>Ga-</span> 
     </span>
     <span class='ocr_line' id='line_1_20' title="bbox 276 3899 1826 3993; baseline -0.001 -21"><span class='ocrx_word' id='word_1_197' title='bbox 276 3923 363 3991; x_wconf 88' lang='lat' dir='ltr'>cza,</span> <span class='ocrx_word' id='word_1_198' title='bbox 389 3902 638 3992; x_wconf 87' lang='lat' dir='ltr'>Lanczsko,</span> <span class='ocrx_word' id='word_1_199' title='bbox 665 3901 999 3992; x_wconf 69' lang='lat' dir='ltr'>Mosczenicza</span> <span class='ocrx_word' id='word_1_200' title='bbox 1026 3900 1265 3993; x_wconf 83' lang='lat' dir='ltr'>Ozirnycz,</span> <span class='ocrx_word' id='word_1_201' title='bbox 1292 3900 1528 3992; x_wconf 85' lang='lat' dir='ltr'>Zorzecze,</span> <span class='ocrx_word' id='word_1_202' title='bbox 1555 3899 1826 3991; x_wconf 80' lang='lat' dir='ltr'>Zagorzino,</span> 
     </span>
    </p>
   </div>
   <div class='ocr_carea' id='block_1_9' title="bbox 275 4020 1985 4117">
    <p class='ocr_par' dir='ltr' id='par_1_10' title="bbox 275 4020 1985 4117">
     <span class='ocr_line' id='line_1_21' title="bbox 275 4020 1985 4117; baseline -0.002 -22"><span class='ocrx_word' id='word_1_203' title='bbox 275 4022 507 4114; x_wconf 86' lang='lat' dir='ltr'>Scerzesz,</span> <span class='ocrx_word' id='word_1_204' title='bbox 534 4023 785 4114; x_wconf 89' lang='lat' dir='ltr'>Kluohane‚</span> <span class='ocrx_word' id='word_1_205' title='bbox 813 4022 1219 4115; x_wconf 85' lang='lat' dir='ltr'>Noszaezowyoze,</span> <span class='ocrx_word' id='word_1_206' title='bbox 1246 4022 1418 4114; x_wconf 80' lang='lat' dir='ltr'>Makra,</span> <span class='ocrx_word' id='word_1_207' title='bbox 1436 4022 1670 4117; x_wconf 74' lang='lat' dir='ltr'>Dabrona,</span> <span class='ocrx_word' id='word_1_208' title='bbox 1689 4020 1825 4094; x_wconf 88' lang='lat' dir='ltr'>Pode-</span> <span class='ocrx_word' id='word_1_209' title='bbox 1909 4034 1911 4039; x_wconf 80' lang='grc'>’</span> <span class='ocrx_word' id='word_1_210' title='bbox 1980 4028 1985 4036; x_wconf 87' lang='grc'><strong>’</strong></span> 
     </span>
    </p>
   </div>
   <div class='ocr_carea' id='block_1_10' title="bbox 273 4142 1826 4479">
    <p class='ocr_par' dir='ltr' id='par_1_11' title="bbox 273 4142 1826 4479">
     <span class='ocr_line' id='line_1_22' title="bbox 273 4142 1825 4236; baseline -0.001 -21"><span class='ocrx_word' id='word_1_211' title='bbox 273 4144 487 4236; x_wconf 74' lang='lat' dir='ltr'>grodzye,</span> <span class='ocrx_word' id='word_1_212' title='bbox 514 4142 833 4236; x_wconf 84' lang='lat' dir='ltr'>Goschwycza,</span> <span class='ocrx_word' id='word_1_213' title='bbox 861 4143 1104 4234; x_wconf 85' lang='lat' dir='ltr'>Brzeszna,</span> <span class='ocrx_word' id='word_1_214' title='bbox 1123 4143 1395 4234; x_wconf 88' lang='lat' dir='ltr'>Podrzecze,</span> <span class='ocrx_word' id='word_1_215' title='bbox 1414 4142 1825 4235; x_wconf 82' lang='lat' dir='ltr'>Ghorowyoze,By·</span> 
     </span>
     <span class='ocr_line' id='line_1_23' title="bbox 274 4262 1826 4357; baseline -0.001 -20"><span class='ocrx_word' id='word_1_216' title='bbox 274 4267 467 4357; x_wconf 86' lang='lat' dir='ltr'>cziczye,</span> <span class='ocrx_word' id='word_1_217' title='bbox 496 4265 786 4357; x_wconf 79' lang='lat' dir='ltr'>Cbclmyecz,</span> <span class='ocrx_word' id='word_1_218' title='bbox 814 4264 1143 4354; x_wconf 83' lang='lat' dir='ltr'>Trosscbicze‚</span> <span class='ocrx_word' id='word_1_219' title='bbox 1171 4264 1394 4353; x_wconf 87' lang='lat' dir='ltr'>Seohlna,</span> <span class='ocrx_word' id='word_1_220' title='bbox 1423 4263 1660 4356; x_wconf 87' lang='lat' dir='ltr'>Kycznya,</span> <span class='ocrx_word' id='word_1_221' title='bbox 1688 4262 1826 4355; x_wconf 87' lang='lat' dir='ltr'>Paru,</span> 
     </span>
     <span class='ocr_line' id='line_1_24' title="bbox 273 4384 1825 4479; baseline -0.003 -19"><span class='ocrx_word' id='word_1_222' title='bbox 273 4387 617 4479; x_wconf 83' lang='lat' dir='ltr'>Szuynarszko‚</span> <span class='ocrx_word' id='word_1_223' title='bbox 650 4388 953 4478; x_wconf 79' lang='lat' dir='ltr'>Byeganioze,</span> <span class='ocrx_word' id='word_1_224' title='bbox 980 4386 1252 4478; x_wconf 88' lang='lat' dir='ltr'>Myszlyecz,</span> <span class='ocrx_word' id='word_1_225' title='bbox 1280 4384 1825 4477; x_wconf 75' lang='lat' dir='ltr'>Podolino,Preseezny-</span> 
     </span>
    </p>
   </div>
   <div class='ocr_carea' id='block_1_11' title="bbox 272 4505 1946 4604">
    <p class='ocr_par' dir='ltr' id='par_1_12' title="bbox 272 4505 1946 4604">
     <span class='ocr_line' id='line_1_25' title="bbox 272 4505 1946 4604; baseline -0.002 -24"><span class='ocrx_word' id='word_1_226' title='bbox 272 4530 351 4580; x_wconf 82' lang='lat' dir='ltr'>oza</span> <span class='ocrx_word' id='word_1_227' title='bbox 377 4516 413 4580; x_wconf 92' lang='lat' dir='ltr'>et</span> <span class='ocrx_word' id='word_1_228' title='bbox 440 4508 769 4598; x_wconf 80' lang='lat' dir='ltr'>Wyetr&#39;znicza</span> <span class='ocrx_word' id='word_1_229' title='bbox 797 4530 873 4580; x_wconf 88' lang='lat' dir='ltr'>cum</span> <span class='ocrx_word' id='word_1_230' title='bbox 901 4507 1109 4596; x_wconf 86' lang='lat' dir='ltr'>fluminibus,</span> <span class='ocrx_word' id='word_1_231' title='bbox 1136 4507 1351 4597; x_wconf 88' lang='lat' dir='ltr'>molendinis,</span> <span class='ocrx_word' id='word_1_232' title='bbox 1370 4506 1549 4604; x_wconf 85' lang='lat' dir='ltr'>clansoris,</span> <span class='ocrx_word' id='word_1_233' title='bbox 1567 4505 1825 4597; x_wconf 89' lang='lat' dir='ltr'>piscationibus,</span> <span class='ocrx_word' id='word_1_234' title='bbox 1938 4550 1946 4561; x_wconf 89' lang='lat'><strong>·</strong></span> 
     </span>
    </p>
   </div>
   <div class='ocr_carea' id='block_1_12' title="bbox 130 4610 1956 4721">
    <p class='ocr_par' dir='ltr' id='par_1_13' title="bbox 130 4610 1956 4721">
     <span class='ocr_line' id='line_1_26' title="bbox 130 4610 1956 4721; baseline -0.003 -19"><span class='ocrx_word' id='word_1_235' title='bbox 130 4610 136 4625; x_wconf 48' lang='grc'><em>“</em></span> <span class='ocrx_word' id='word_1_236' title='bbox 272 4630 396 4721; x_wconf 88' lang='lat' dir='ltr'>sylvis,</span> <span class='ocrx_word' id='word_1_237' title='bbox 433 4630 649 4720; x_wconf 88' lang='lat' dir='ltr'>nemoribus,</span> <span class='ocrx_word' id='word_1_238' title='bbox 682 4630 944 4718; x_wconf 87' lang='lat' dir='ltr'>venationibus,</span> <span class='ocrx_word' id='word_1_239' title='bbox 971 4628 1172 4719; x_wconf 70' lang='lat' dir='ltr'>mellificis,</span> <span class='ocrx_word' id='word_1_240' title='bbox 1199 4633 1235 4699; x_wconf 91' lang='lat' dir='ltr'>et</span> <span class='ocrx_word' id='word_1_241' title='bbox 1262 4649 1339 4700; x_wconf 90' lang='lat' dir='ltr'>cum</span> <span class='ocrx_word' id='word_1_242' title='bbox 1367 4628 1525 4700; x_wconf 87' lang='lat' dir='ltr'>omnibns</span> <span class='ocrx_word' id='word_1_243' title='bbox 1552 4626 1762 4713; x_wconf 83' lang='lat' dir='ltr'>utilitatibus</span> <span class='ocrx_word' id='word_1_244' title='bbox 1790 4632 1825 4698; x_wconf 89' lang='lat' dir='ltr'>et</span> <span class='ocrx_word' id='word_1_245' title='bbox 1911 4632 1956 4677; x_wconf 79' lang='lat'>·,</span> 
     </span>
    </p>
   </div>
   <div class='ocr_carea' id='block_1_13' title="bbox 208 4748 1825 4975">
    <p class='ocr_par' dir='ltr' id='par_1_14' title="bbox 208 4748 1825 4975">
     <span class='ocr_line' id='line_1_27' title="bbox 275 4748 1824 4843; baseline -0.001 -21"><span class='ocrx_word' id='word_1_246' title='bbox 275 4752 467 4825; x_wconf 89' lang='lat' dir='ltr'>attinentiis</span> <span class='ocrx_word' id='word_1_247' title='bbox 494 4772 613 4822; x_wconf 89' lang='lat' dir='ltr'>earum</span> <span class='ocrx_word' id='word_1_248' title='bbox 640 4753 828 4843; x_wconf 77' lang='lat' dir='ltr'>universis,</span> <span class='ocrx_word' id='word_1_249' title='bbox 858 4771 945 4842; x_wconf 84' lang='lat' dir='ltr'>quae</span> <span class='ocrx_word' id='word_1_250' title='bbox 981 4748 1110 4821; x_wconf 84' lang='lat' dir='ltr'>eisdem</span> <span class='ocrx_word' id='word_1_251' title='bbox 1138 4749 1230 4822; x_wconf 85' lang='lat' dir='ltr'>villis</span> <span class='ocrx_word' id='word_1_252' title='bbox 1258 4749 1300 4821; x_wconf 93' lang='lat' dir='ltr'>de</span> <span class='ocrx_word' id='word_1_253' title='bbox 1327 4750 1404 4821; x_wconf 88' lang='lat' dir='ltr'>inre</span> <span class='ocrx_word' id='word_1_254' title='bbox 1424 4750 1601 4841; x_wconf 80' lang='lat' dir='ltr'>pertinent</span> <span class='ocrx_word' id='word_1_255' title='bbox 1619 4749 1663 4821; x_wconf 90' lang='lat' dir='ltr'>ab</span> <span class='ocrx_word' id='word_1_256' title='bbox 1682 4748 1824 4839; x_wconf 86' lang='lat' dir='ltr'>antiquo</span> 
     </span>
     <span class='ocr_line' id='line_1_28' title="bbox 208 4870 1825 4975; baseline -0.002 -31"><span class='ocrx_word' id='word_1_257' title='bbox 208 4958 215 4975; x_wconf 68' lang='lat'><strong><em>‚</em></strong></span> <span class='ocrx_word' id='word_1_258' title='bbox 273 4895 349 4944; x_wconf 89' lang='lat' dir='ltr'>cum</span> <span class='ocrx_word' id='word_1_259' title='bbox 376 4872 510 4945; x_wconf 79' lang='lat' dir='ltr'>iuribus</span> <span class='ocrx_word' id='word_1_260' title='bbox 538 4880 574 4944; x_wconf 90' lang='lat' dir='ltr'>et</span> <span class='ocrx_word' id='word_1_261' title='bbox 600 4874 893 4964; x_wconf 62' lang='lat' dir='ltr'>proprietatibus</span> <span class='ocrx_word' id='word_1_262' title='bbox 920 4871 1106 4961; x_wconf 85' lang='lat' dir='ltr'>secundum</span> <span class='ocrx_word' id='word_1_263' title='bbox 1135 4871 1227 4962; x_wconf 87' lang='lat' dir='ltr'>quod</span> <span class='ocrx_word' id='word_1_264' title='bbox 1254 4877 1374 4944; x_wconf 91' lang='lat' dir='ltr'>nostro</span> <span class='ocrx_word' id='word_1_265' title='bbox 1402 4870 1562 4944; x_wconf 86' lang='lat' dir='ltr'>dominio</span> <span class='ocrx_word' id='word_1_266' title='bbox 1580 4870 1825 4959; x_wconf 81' lang='lat' dir='ltr'>subiacebunt3</span> 
     </span>
    </p>
   </div>
   <div class='ocr_carea' id='block_1_14' title="bbox 271 4991 1961 5086">
    <p class='ocr_par' dir='ltr' id='par_1_15' title="bbox 271 4991 1961 5086">
     <span class='ocr_line' id='line_1_29' title="bbox 271 4991 1961 5086; baseline -0.002 -20"><span class='ocrx_word' id='word_1_267' title='bbox 271 4995 391 5066; x_wconf 87' lang='lat' dir='ltr'>damus</span> <span class='ocrx_word' id='word_1_268' title='bbox 419 4996 558 5086; x_wconf 90' lang='lat' dir='ltr'>inquam</span> <span class='ocrx_word' id='word_1_269' title='bbox 586 4994 742 5084; x_wconf 87' lang='lat' dir='ltr'>praelato</span> <span class='ocrx_word' id='word_1_270' title='bbox 770 4994 935 5068; x_wconf 89' lang='lat' dir='ltr'>coenobio</span> <span class='ocrx_word' id='word_1_271' title='bbox 962 4999 999 5065; x_wconf 90' lang='lat' dir='ltr'>et</span> <span class='ocrx_word' id='word_1_272' title='bbox 1025 4993 1220 5083; x_wconf 85' lang='lat' dir='ltr'>conventui,</span> <span class='ocrx_word' id='word_1_273' title='bbox 1247 4992 1479 5065; x_wconf 83' lang='lat' dir='ltr'>haereditario</span> <span class='ocrx_word' id='word_1_274' title='bbox 1506 4993 1596 5085; x_wconf 74' lang='lat' dir='ltr'>iure,</span> <span class='ocrx_word' id='word_1_275' title='bbox 1618 4991 1760 5086; x_wconf 85' lang='lat' dir='ltr'>pacifice</span> <span class='ocrx_word' id='word_1_276' title='bbox 1787 4998 1823 5064; x_wconf 88' lang='lat' dir='ltr'>et</span> <span class='ocrx_word' id='word_1_277' title='bbox 1952 4998 1961 5007; x_wconf 81' lang='grc'><em>“</em></span> 
     </span>
    </p>
   </div>
   <div class='ocr_carea' id='block_1_15' title="bbox 131 5113 1912 6569">
    <p class='ocr_par' dir='ltr' id='par_1_16' title="bbox 131 5113 1912 6309">
     <span class='ocr_line' id='line_1_30' title="bbox 271 5113 1826 5307; baseline -0.001 -119"><span class='ocrx_word' id='word_1_278' title='bbox 271 5117 386 5205; x_wconf 87' lang='lat' dir='ltr'>quiete</span> <span class='ocrx_word' id='word_1_279' title='bbox 414 5117 449 5186; x_wconf 95' lang='lat' dir='ltr'>in</span> <span class='ocrx_word' id='word_1_280' title='bbox 476 5122 681 5206; x_wconf 89' lang='lat' dir='ltr'>perpetuum</span> <span class='ocrx_word' id='word_1_281' title='bbox 709 5115 955 5207; x_wconf 90' lang='lat' dir='ltr'>possidendas;</span> <span class='ocrx_word' id='word_1_282' title='bbox 981 5113 1221 5202; x_wconf 86' lang='lat' dir='ltr'>tantummodo</span> <span class='ocrx_word' id='word_1_283' title='bbox 1247 5115 1492 5206; x_wconf 84' lang='lat' dir='ltr'>bocexoepto,</span> <span class='ocrx_word' id='word_1_284' title='bbox 1511 5113 1603 5206; x_wconf 89' lang='lat' dir='ltr'>quod</span> <span class='ocrx_word' id='word_1_285' title='bbox 1622 5134 1686 5206; x_wconf 90' lang='lat' dir='ltr'>pro</span> <span class='ocrx_word' id='word_1_286' title='bbox 1704 5117 1826 5307; x_wconf 53' lang='lat' dir='ltr'>nom</span> 
     </span>
     <span class='ocr_line' id='line_1_31' title="bbox 272 5232 1826 5341; baseline 0 -35"><span class='ocrx_word' id='word_1_287' title='bbox 272 5235 426 5309; x_wconf 87' lang='lat' dir='ltr'>subsidio</span> <span class='ocrx_word' id='word_1_288' title='bbox 453 5236 555 5327; x_wconf 86' lang='lat' dir='ltr'>vitae,</span> <span class='ocrx_word' id='word_1_289' title='bbox 584 5237 783 5328; x_wconf 87' lang='lat' dir='ltr'>nostrisque</span> <span class='ocrx_word' id='word_1_290' title='bbox 810 5236 1098 5341; x_wconf 61' lang='lat' dir='ltr'>necessitatibusb</span> <span class='ocrx_word' id='word_1_291' title='bbox 1113 5235 1276 5308; x_wconf 88' lang='lat' dir='ltr'>ducentas</span> <span class='ocrx_word' id='word_1_292' title='bbox 1303 5256 1438 5308; x_wconf 88' lang='lat' dir='ltr'>marcas</span> <span class='ocrx_word' id='word_1_293' title='bbox 1465 5234 1746 5337; x_wconf 32' lang='lat' dir='ltr'>argenti-„lusia</span> <span class='ocrx_word' id='word_1_294' title='bbox 1823 5232 1826 5236; x_wconf 79' lang='grc'><strong>’</strong></span> 
     </span>
     <span class='ocr_line' id='line_1_32' title="bbox 264 5320 1823 5473; baseline 0.003 -46"><span class='ocrx_word' id='word_1_295' title='bbox 264 5377 406 5445; x_wconf 89' lang='lat' dir='ltr'>semper</span> <span class='ocrx_word' id='word_1_296' title='bbox 442 5358 588 5448; x_wconf 82' lang='lat' dir='ltr'>singulis</span> <span class='ocrx_word' id='word_1_297' title='bbox 618 5356 867 5449; x_wconf 87' lang='lat' dir='ltr'>persolvendas</span> <span class='ocrx_word' id='word_1_298' title='bbox 893 5358 937 5429; x_wconf 91' lang='lat' dir='ltr'>de</span> <span class='ocrx_word' id='word_1_299' title='bbox 963 5356 1121 5448; x_wconf 72' lang='lat' dir='ltr'>praefata</span> <span class='ocrx_word' id='word_1_300' title='bbox 1147 5353 1304 5448; x_wconf 84' lang='lat' dir='ltr'>moneta,</span> <span class='ocrx_word' id='word_1_301' title='bbox 1332 5379 1400 5451; x_wconf 87' lang='lat' dir='ltr'>qno</span> <span class='ocrx_word' id='word_1_302' title='bbox 1427 5320 1685 5473; x_wconf 56' lang='lat' dir='ltr'>ad&#39;rixardQus</span> <span class='ocrx_word' id='word_1_303' title='bbox 1712 5374 1823 5451; x_wconf 57' lang='lat' dir='ltr'>rosere</span> 
     </span>
     <span class='ocr_line' id='line_1_33' title="bbox 270 5458 1912 5593; baseline 0.002 -47"><span class='ocrx_word' id='word_1_304' title='bbox 270 5495 409 5566; x_wconf 55' lang='lat' dir='ltr'>vamum</span> <span class='ocrx_word' id='word_1_305' title='bbox 436 5479 632 5568; x_wconf 71' lang='lat' dir='ltr'>praeurens</span> <span class='ocrx_word' id='word_1_306' title='bbox 659 5485 775 5552; x_wconf 76' lang='lat' dir='ltr'>auten</span> <span class='ocrx_word' id='word_1_307' title='bbox 802 5479 977 5552; x_wconf 73' lang='lat' dir='ltr'>cinnam</span> <span class='ocrx_word' id='word_1_308' title='bbox 1005 5478 1185 5593; x_wconf 71' lang='lat' dir='ltr'>annas,</span> <span class='ocrx_word' id='word_1_309' title='bbox 1213 5501 1290 5551; x_wconf 81' lang='lat' dir='ltr'>cum</span> <span class='ocrx_word' id='word_1_310' title='bbox 1316 5479 1460 5570; x_wconf 71' lang='lat' dir='ltr'>suanus,</span> <span class='ocrx_word' id='word_1_311' title='bbox 1486 5478 1634 5567; x_wconf 73' lang='lat' dir='ltr'>inurens,</span> <span class='ocrx_word' id='word_1_312' title='bbox 1650 5458 1828 5581; x_wconf 54' lang='lat' dir='ltr'>&#39;ructate&#39;</span> <span class='ocrx_word' id='word_1_313' title='bbox 1908 5468 1912 5475; x_wconf 83' lang='lat'>&#39;</span> 
     </span>
     <span class='ocr_line' id='line_1_34' title="bbox 269 5590 1880 5695; baseline 0 -25"><span class='ocrx_word' id='word_1_314' title='bbox 269 5619 345 5670; x_wconf 88' lang='lat' dir='ltr'>cum</span> <span class='ocrx_word' id='word_1_315' title='bbox 372 5599 584 5673; x_wconf 88' lang='lat' dir='ltr'>utilitatibus</span> <span class='ocrx_word' id='word_1_316' title='bbox 609 5608 646 5673; x_wconf 88' lang='lat' dir='ltr'>et</span> <span class='ocrx_word' id='word_1_317' title='bbox 673 5601 868 5673; x_wconf 89' lang='lat' dir='ltr'>attinentiis</span> <span class='ocrx_word' id='word_1_318' title='bbox 895 5600 1115 5695; x_wconf 80' lang='lat' dir='ltr'>supradictis,</span> <span class='ocrx_word' id='word_1_319' title='bbox 1135 5607 1312 5692; x_wconf 88' lang='lat' dir='ltr'>tamquam</span> <span class='ocrx_word' id='word_1_320' title='bbox 1335 5600 1437 5673; x_wconf 91' lang='lat' dir='ltr'>nobis</span> <span class='ocrx_word' id='word_1_321' title='bbox 1464 5621 1508 5673; x_wconf 84' lang='lat' dir='ltr'>en</span> <span class='ocrx_word' id='word_1_322' title='bbox 1538 5598 1723 5672; x_wconf 89' lang='lat' dir='ltr'>donatione</span> <span class='ocrx_word' id='word_1_323' title='bbox 1740 5590 1821 5690; x_wconf 72' lang='lat' dir='ltr'>pio-</span> <span class='ocrx_word' id='word_1_324' title='bbox 1871 5596 1880 5609; x_wconf 89' lang='lat'>&#39;</span> 
     </span>
     <span class='ocr_line' id='line_1_35' title="bbox 271 5720 1823 5812; baseline 0.001 -22"><span class='ocrx_word' id='word_1_325' title='bbox 271 5726 351 5809; x_wconf 87' lang='lat' dir='ltr'>pter</span> <span class='ocrx_word' id='word_1_326' title='bbox 378 5722 526 5812; x_wconf 90' lang='lat' dir='ltr'>nuptias,</span> <span class='ocrx_word' id='word_1_327' title='bbox 549 5721 603 5793; x_wconf 86' lang='lat' dir='ltr'>vel</span> <span class='ocrx_word' id='word_1_328' title='bbox 631 5722 769 5794; x_wconf 89' lang='lat' dir='ltr'>nomine</span> <span class='ocrx_word' id='word_1_329' title='bbox 796 5721 888 5794; x_wconf 91' lang='lat' dir='ltr'>dotis</span> <span class='ocrx_word' id='word_1_330' title='bbox 915 5742 978 5794; x_wconf 90' lang='lat' dir='ltr'>seu</span> <span class='ocrx_word' id='word_1_331' title='bbox 1004 5722 1153 5795; x_wconf 87' lang='lat' dir='ltr'>dotalitii</span> <span class='ocrx_word' id='word_1_332' title='bbox 1180 5721 1271 5794; x_wconf 88' lang='lat' dir='ltr'>lacta</span> <span class='ocrx_word' id='word_1_333' title='bbox 1298 5722 1341 5794; x_wconf 82' lang='lat' dir='ltr'>ele</span> <span class='ocrx_word' id='word_1_334' title='bbox 1368 5721 1444 5794; x_wconf 87' lang='lat' dir='ltr'>iure</span> <span class='ocrx_word' id='word_1_335' title='bbox 1470 5720 1695 5812; x_wconf 80' lang='lat' dir='ltr'>pertinentes,</span> <span class='ocrx_word' id='word_1_336' title='bbox 1722 5721 1823 5812; x_wconf 85' lang='lat' dir='ltr'>qnasi</span> 
     </span>
     <span class='ocr_line' id='line_1_36' title="bbox 244 5839 1821 5940; baseline 0.002 -30"><span class='ocrx_word' id='word_1_337' title='bbox 244 5839 408 5940; x_wconf 51' lang='lat' dir='ltr'>¹(lomina</span> <span class='ocrx_word' id='word_1_338' title='bbox 434 5842 589 5932; x_wconf 81' lang='lat' dir='ltr'>legitima</span> <span class='ocrx_word' id='word_1_339' title='bbox 614 5847 649 5915; x_wconf 89' lang='lat' dir='ltr'>et</span> <span class='ocrx_word' id='word_1_340' title='bbox 673 5843 834 5935; x_wconf 90' lang='lat' dir='ltr'>princeps</span> <span class='ocrx_word' id='word_1_341' title='bbox 861 5841 1068 5933; x_wconf 89' lang='lat' dir='ltr'>earundem,</span> <span class='ocrx_word' id='word_1_342' title='bbox 1095 5863 1202 5936; x_wconf 89' lang='lat' dir='ltr'>snpra</span> <span class='ocrx_word' id='word_1_343' title='bbox 1238 5842 1332 5916; x_wconf 89' lang='lat' dir='ltr'>dicto</span> <span class='ocrx_word' id='word_1_344' title='bbox 1359 5842 1525 5915; x_wconf 90' lang='lat' dir='ltr'>coenobio</span> <span class='ocrx_word' id='word_1_345' title='bbox 1553 5840 1821 5917; x_wconf 70' lang='lat' dir='ltr'>duiimds&#39;con-</span> 
     </span>
     <span class='ocr_line' id='line_1_37' title="bbox 268 5944 1823 6055; baseline 0.003 -24"><span class='ocrx_word' id='word_1_346' title='bbox 268 5960 439 6050; x_wconf 85' lang='lat' dir='ltr'>ferendas,</span> <span class='ocrx_word' id='word_1_347' title='bbox 462 5963 633 6035; x_wconf 89' lang='lat' dir='ltr'>tradendo</span> <span class='ocrx_word' id='word_1_348' title='bbox 660 5968 697 6036; x_wconf 93' lang='lat' dir='ltr'>et</span> <span class='ocrx_word' id='word_1_349' title='bbox 721 5962 931 6054; x_wconf 48' lang='lat' dir='ltr'>manando</span> <span class='ocrx_word' id='word_1_350' title='bbox 959 5951 1019 6035; x_wconf 81' lang='lat' dir='ltr'>eas</span> <span class='ocrx_word' id='word_1_351' title='bbox 1045 5964 1082 6036; x_wconf 93' lang='lat' dir='ltr'>in</span> <span class='ocrx_word' id='word_1_352' title='bbox 1110 5984 1231 6037; x_wconf 89' lang='lat' dir='ltr'>manus</span> <span class='ocrx_word' id='word_1_353' title='bbox 1258 5955 1466 6038; x_wconf 83' lang='lat' dir='ltr'>venerabilis</span> <span class='ocrx_word' id='word_1_354' title='bbox 1493 5964 1529 6036; x_wconf 91' lang='lat' dir='ltr'>in</span> <span class='ocrx_word' id='word_1_355' title='bbox 1552 5961 1695 6055; x_wconf 62' lang='lat' dir='ltr'>Obrlpn</span> <span class='ocrx_word' id='word_1_356' title='bbox 1712 5944 1823 6054; x_wconf 82' lang='lat' dir='ltr'>patris</span> 
     </span>
     <span class='ocr_line' id='line_1_38' title="bbox 268 6076 1823 6176; baseline 0.003 -24"><span class='ocrx_word' id='word_1_357' title='bbox 268 6083 379 6153; x_wconf 90' lang='lat' dir='ltr'>nostri</span> <span class='ocrx_word' id='word_1_358' title='bbox 415 6082 534 6154; x_wconf 83' lang='lat' dir='ltr'>fratris</span> <span class='ocrx_word' id='word_1_359' title='bbox 571 6076 761 6159; x_wconf 78' lang='lat' dir='ltr'>Nicolai</span> <span class='ocrx_word' id='word_1_360' title='bbox 773 6085 944 6157; x_wconf 66' lang='lat' dir='ltr'>“ministri</span> <span class='ocrx_word' id='word_1_361' title='bbox 982 6085 1224 6176; x_wconf 85' lang='lat' dir='ltr'>provincialis,</span> <span class='ocrx_word' id='word_1_362' title='bbox 1251 6087 1389 6159; x_wconf 90' lang='lat' dir='ltr'>nomine</span> <span class='ocrx_word' id='word_1_363' title='bbox 1426 6076 1607 6159; x_wconf 85' lang='lat' dir='ltr'>memorati</span> <span class='ocrx_word' id='word_1_364' title='bbox 1633 6080 1823 6159; x_wconf 75' lang='lat' dir='ltr'>convenas</span> 
     </span>
     <span class='ocr_line' id='line_1_39' title="bbox 131 6202 1732 6309; baseline 0.004 -36"><span class='ocrx_word' id='word_1_365' title='bbox 131 6298 139 6309; x_wconf 19' lang='grc' dir='ltr'><strong><em>ἡ</em></strong></span> <span class='ocrx_word' id='word_1_366' title='bbox 267 6203 466 6293; x_wconf 91' lang='lat' dir='ltr'>stipulantis</span> <span class='ocrx_word' id='word_1_367' title='bbox 493 6211 530 6276; x_wconf 90' lang='lat' dir='ltr'>et</span> <span class='ocrx_word' id='word_1_368' title='bbox 556 6206 765 6297; x_wconf 84' lang='lat' dir='ltr'>recipientis,</span> <span class='ocrx_word' id='word_1_369' title='bbox 793 6207 1002 6281; x_wconf 89' lang='lat' dir='ltr'>auctoritato</span> <span class='ocrx_word' id='word_1_370' title='bbox 1020 6206 1203 6280; x_wconf 82' lang='lat' dir='ltr'>reverendi</span> <span class='ocrx_word' id='word_1_371' title='bbox 1222 6202 1605 6281; x_wconf 58' lang='lat' dir='ltr'>commarchiae</span> <span class='ocrx_word' id='word_1_372' title='bbox 1632 6202 1732 6299; x_wconf 87' lang='lat' dir='ltr'>inpb</span> 
     </span>
    </p>

    <p class='ocr_par' dir='ltr' id='par_1_17' title="bbox 160 6202 1907 6569">
     <span class='ocr_line' id='line_1_40' title="bbox 267 6202 1826 6425; baseline 0.006 -30"><span class='ocrx_word' id='word_1_373' title='bbox 267 6325 414 6396; x_wconf 89' lang='lat' dir='ltr'>Sanctae</span> <span class='ocrx_word' id='word_1_374' title='bbox 451 6326 586 6397; x_wconf 85' lang='lat' dir='ltr'>Mariae</span> <span class='ocrx_word' id='word_1_375' title='bbox 622 6326 758 6399; x_wconf 90' lang='lat' dir='ltr'>diaconi</span> <span class='ocrx_word' id='word_1_376' title='bbox 794 6328 999 6418; x_wconf 87' lang='lat' dir='ltr'>cardinalis,</span> <span class='ocrx_word' id='word_1_377' title='bbox 1035 6327 1164 6401; x_wconf 79' lang='lat' dir='ltr'>tutoris</span> <span class='ocrx_word' id='word_1_378' title='bbox 1200 6334 1236 6401; x_wconf 86' lang='lat' dir='ltr'>et</span> <span class='ocrx_word' id='word_1_379' title='bbox 1263 6322 1455 6417; x_wconf 65' lang='lat' dir='ltr'>domnis</span> <span class='ocrx_word' id='word_1_380' title='bbox 1491 6349 1514 6420; x_wconf 94' lang='lat' dir='ltr'>p</span> <span class='ocrx_word' id='word_1_381' title='bbox 1633 6328 1660 6345; x_wconf 83' lang='grc'>’”</span> <span class='ocrx_word' id='word_1_382' title='bbox 1695 6202 1826 6425; x_wconf 48' lang='lat' dir='ltr'><strong>m</strong></span> 
     </span>
     <span class='ocr_line' id='line_1_41' title="bbox 160 6420 1874 6569; baseline 0.005 -52"><span class='ocrx_word' id='word_1_383' title='bbox 160 6490 170 6497; x_wconf 92' lang='lat'>--</span> <span class='ocrx_word' id='word_1_384' title='bbox 267 6445 384 6519; x_wconf 84' lang='lat' dir='ltr'>Sancti</span> <span class='ocrx_word' id='word_1_385' title='bbox 420 6446 616 6538; x_wconf 86' lang='lat' dir='ltr'>Francisci,</span> <span class='ocrx_word' id='word_1_386' title='bbox 652 6448 848 6541; x_wconf 80' lang='lat' dir='ltr'>presbyteri</span> <span class='ocrx_word' id='word_1_387' title='bbox 885 6448 1101 6523; x_wconf 84' lang='lat' dir='ltr'>confessoris.</span> <span class='ocrx_word' id='word_1_388' title='bbox 1146 6446 1242 6569; x_wconf 50' lang='lat' dir='ltr'>Ner</span> <span class='ocrx_word' id='word_1_389' title='bbox 1483 6449 1491 6464; x_wconf 84' lang='lat'><strong><em>‘</em></strong></span> <span class='ocrx_word' id='word_1_390' title='bbox 1548 6430 1551 6437; x_wconf 42' lang='lat'><strong>¹</strong></span> <span class='ocrx_word' id='word_1_391' title='bbox 1708 6468 1712 6477; x_wconf 83' lang='grc'><em>“</em></span> <span class='ocrx_word' id='word_1_392' title='bbox 1761 6430 1764 6439; x_wconf 61' lang='grc'><strong>’</strong></span> <span class='ocrx_word' id='word_1_393' title='bbox 1844 6420 1874 6475; x_wconf 52' lang='grc'>”·</span> 
     </span>
    </p>
   </div>
   <div class='ocr_carea' id='block_1_16' title="bbox 0 0 2114 8055">
    <p class='ocr_par' dir='ltr' id='par_1_18' title="bbox 0 0 2114 8055">
     <span class='ocr_line' id='line_1_42' title="bbox 0 0 2114 8055; baseline 0 0"><span class='ocrx_word' id='word_1_394' title='bbox 0 0 2114 8055; x_wconf 95' lang='lat' dir='ltr'> </span> 
     </span>
    </p>
   </div>
  </div>
 </body>
</html>
