4217 8059
1743 1489 1817 1561 425

264 1682 307 1754 ad
335 1682 585 1755 monasterium
621 1682 785 1755 Clarae
813 1682 1010 1756 Tumbac
1045 1685 1209 1775 pertinet.
1244 1687 1285 1757 In
1311 1710 1381 1778 qna
1414 1688 1556 1762 brenmt
1582 1692 1663 1763 olim
1689 1692 1819 1767 batres

265 1803 513 1907 Cistercieuses
540 1806 651 1894 primo
679 1805 848 1894 collocati,
875 1812 911 1877 et
937 1807 1094 1877 aedicula
1120 1830 1162 1879 ex
1189 1830 1297 1897 muro,
1325 1831 1413 1900 quae
1441 1818 1478 1883 et
1506 1812 1675 1885 hacteuus
1693 1824 1818 1906 manet,

266 1925 332 1996 fnit
359 1947 423 2015 pro
449 1926 501 1996 eis
528 1932 682 2013 murata3
709 1926 813 1996 huius
841 1926 952 2017 villae,
981 1948 1069 2016 quae
1096 1927 1297 2001 foecundam
1325 1937 1361 2000 et
1386 1932 1530 2003 uberem
1548 1934 1686 2023 glebam
1704 1935 1819 2025 babet,

263 2067 381 2117 omnes
407 2047 526 2117 laneos
553 2047 785 2123 cmetbouales
812 2047 981 2136 deposuit,
1009 2054 1046 2119 et
1072 2050 1223 2139 antiquis
1242 2052 1477 2169 praedialibus
1496 2055 1698 2142 coniunctis,
1716 2076 1817 2144 prae-
1903 2058 1933 2134 “,

261 2168 354 2238 dium
383 2169 536 2259 insigne,
563 2175 600 2240 et
626 2169 681 2239 cui
708 2170 895 2240 secundum
923 2170 1109 2241 difficulter
1136 2172 1321 2261 reperitur,
1349 2175 1596 2246 monasterinm
1623 2174 1817 2266 Mogilcnse

261 2291 352 2377 fecit,
379 2294 415 2360 et
441 2290 573 2380 aliquot
599 2290 734 2360 horreis
761 2290 884 2379 amplis
912 2298 948 2362 et
975 2293 1150 2379 protensis
1177 2291 1318 2381 effectis,
1345 2314 1503 2383 magnam
1532 2296 1602 2367 vim
1628 2295 1817 2373 frumento²

261 2433 337 2482 rum
365 2411 549 2483 cuiuslibet
575 2413 713 2500 generis
743 2412 812 2482 illic
839 2421 958 2483 servat
983 2419 1020 2483 et
1048 2414 1221 2505 congerit,
1250 2434 1338 2504 quae
1365 2416 1476 2505 magis
1502 2418 1655 2507 propriis
1685 2419 1816 2492 colonis

262 2542 297 2603 et
324 2538 459 2621 aratro,
490 2554 591 2622 quam
628 2533 847 2634 cmetbonum
885 2533 1051 2623 suffragio
1078 2534 1258 2607 elaborata
1285 2536 1503 2624 proveniunt.
1542 2537 1686 2610 Decima
1711 2540 1815 2611 etiam
1856 2634 1859 2639 Ι
1957 2626 1965 2637 Ι

261 2654 486 2744 manipularis
514 2659 550 2724 et
577 2654 753 2743 canapalis
781 2654 883 2724 villae
912 2654 1100 2743 praefatae,
1127 2656 1208 2725 dum
1235 2657 1350 2729 locata
1377 2663 1470 2729 esset
1488 2658 1661 2747 agricolis,
1679 2660 1724 2731 ad
1743 2646 1816 2733 moss
1856 2735 1859 2739 ,

261 2777 449 2847 masterinm
477 2775 644 2846 Clarae
673 2774 868 2854 Tnmbae
897 2775 1111 2865 pertinebat,
1139 2782 1175 2846 et
1202 2776 1281 2847 ideo
1308 2777 1411 2847 etiam
1440 2799 1531 2849 nunc
1558 2779 1668 2857 solunn
1697 2800 1816 2853 mona·

259 2899 403 2969 sterium
439 2897 534 2967 illam
562 2897 675 2984 tollit,
703 2904 738 2967 ct
765 2898 800 2967 iu
829 2898 992 2967 borreum
1019 2918 1119 2968 suum
1146 2898 1297 2987 inducit,
1325 2899 1485 2999 etxualor
1511 2900 1586 2971 eius
1612 2902 1818 2975 aestimatur

260 3018 304 3089 ad
340 3019 463 3107 viginti
501 3038 644 3088 marcas.
689 3016 798 3088 Lanei
835 3017 1072 3091 cmcthonales
1107 3017 1235 3089 ibidem
1271 3017 1437 3106 sedecim,
1468 3028 1505 3090 et
1541 3020 1645 3091 solvit
1669 3022 1816 3111 quilibet

260 3139 384 3227 viginti
411 3144 551 3209 scottos.
579 3138 668 3208 ltem
695 3139 842 3211 taberna
869 3159 938 3209 uua
966 3138 1097 3209 habens
1125 3159 1239 3228 agros,
1267 3138 1370 3209 solvit
1388 3159 1462 3228 pro
1489 3160 1594 3210 censu
1621 3139 1707 3212 duas
1724 3163 1815 3215 mar-

258 3281 325 3348 cas,
353 3261 433 3330 item
463 3282 529 3330 ova
556 3260 746 3349 sexaginta,
774 3260 857 3331 item
885 3259 1119 3330 molendinum
1147 3260 1283 3349 bonum,
1311 3260 1402 3349 quod
1431 3261 1536 3331 solvit
1562 3268 1731 3334 metretas
1750 3284 1814 3353 pro

258 3382 487 3466 monasterio,
515 3388 551 3452 ct
586 3382 672 3452 duos
708 3401 832 3471 porcos
868 3402 932 3470 pro
961 3376 1170 3455 monasterio
1198 3381 1345 3471 saginat.
1387 3380 1549 3465 Conlinm
1575 3403 1652 3453 cum
1679 3383 1815 3455 Pran-

259 3503 456 3574 doczin..

362 3625 560 3713 Pozenow,
588 3624 669 3695 villa
696 3624 761 3695 snb
793 3623 959 3712 parocbia
985 3623 1029 3694 de
1056 3580 1351 3696 Praudoczin
1379 3624 1464 3712 sita,
1492 3625 1590 3697 cuius
1617 3627 1815 3716 proprietas
1905 3711 1912 3723 ο
1980 3684 1983 3691 .
2014 3718 2019 3725 ⁵

258 3748 302 3817 ad
329 3747 577 3818 monasterium
606 3745 773 3816 Clarae
801 3744 998 3821 Tumbac
1024 3746 1191 3834 pertinet
1223 3746 1262 3815 ln
1291 3767 1360 3835 qua
1386 3753 1477 3818 sunt·
1494 3747 1587 3817 lanei
1614 3748 1815 3828 cmcthona-
1951 3800 1955 3809 ,
1995 3738 2006 3781 ·’

257 3871 318 3957 les,
347 3876 384 3938 et
410 3867 557 3957 quilibet
584 3867 688 3939 solvit
706 3921 713 3936 .
733 3920 740 3934 .
759 3920 767 3935 .
786 3920 812 3954 .‚
841 3866 924 3939 item
952 3886 1027 3954 ova,
1054 3865 1136 3936 item
1163 3867 1284 3956 gallos,
1312 3857 1397 3954 item
1423 3888 1561 3956 cascos3
1589 3868 1675 3938 item
1703 3869 1812 3959 labor,

257 3992 338 4060 item
372 3988 534 4084 peccabo,
562 3990 645 4060 item
681 4011 838 4083 campesi,
865 3989 949 4059 item
985 3988 1151 4071 taberna,
1179 3989 1262 4058 item
1289 3989 1485 4078 hortulani,
1500 3990 1596 4060 item
1623 3989 1814 4079 praedium,

256 4113 338 4182 item
367 4110 607 4183 molendinum.
635 4110 733 4181 Item.
751 4110 794 4181 de
821 4109 980 4183 omnibus
1007 4109 1103 4199 agris
1131 4109 1232 4181 villae
1260 4110 1408 4181 solvitur
1434 4116 1471 4182 et
1498 4110 1701 4183 conducitur
1719 4110 1811 4183 deci-

257 4253 312 4303 ma
339 4232 565 4321 manipularis
591 4237 629 4302 et
655 4231 841 4320 canapalis,
868 4251 931 4320 pro
960 4231 1172 4302 monasterio
1198 4229 1394 4320 Mogilcusi,
1420 4237 1457 4301 et
1484 4230 1583 4311 valor
1607 4232 1683 4301 eius
1708 4226 1814 4303 aesti-

222 4397 226 4408 -
257 4359 370 4424 matur
397 4352 441 4423 ad
460 4406 467 4420 .
488 4407 495 4421 .
514 4407 521 4422 .
540 4372 685 4423 marcas.
712 4350 873 4431 Continet
891 4405 899 4420 .
918 4406 952 4421 ..
1580 4414 1584 4419 .

360 4473 664 4561 Prandocziu‚
692 4470 966 4563 Trusczyui,
992 4471 1225 4560 Pozakow,
1254 4468 1546 4543 Cbolowicze
1573 4492 1693 4542 omnes
1724 4473 1813 4545 istae

260 4603 410 4686 quatuor
438 4595 538 4666 villae
566 4594 790 4684 pertinebant
816 4594 862 4664 ad
888 4593 1200 4682 Praudocziu,
1227 4599 1263 4665 et
1289 4592 1549 4695 addominium
1577 4593 1683 4665 etad
1711 4615 1813 4683 paro·

262 4718 373 4789 chiam
402 4716 540 4805 dictam,
566 4715 628 4788 sed
647 4716 808 4787 redactae
837 4721 918 4786 sunt
945 4716 980 4786 in
999 4735 1113 4803 uuam,
1131 4735 1220 4804 quae
1239 4718 1382 4791 vocatur
1399 4712 1700 4797 Prandoczin.
1723 4714 1812 4787 Item

257 4861 376 4911 omues
416 4840 505 4910 istae
541 4846 691 4928 quatuor
727 4837 830 4909 villae
865 4837 950 4909 dant
987 4858 1183 4909 mensuram
1212 4835 1359 4925 siliginis
1394 4842 1431 4907 et
1457 4855 1652 4906 mensuram
1680 4857 1811 4907 avenae

261 4961 407 5050 plebano
435 4982 499 5050 pro
527 4959 746 5031 mensalibus.

362 5083 691 5169 Jnuusszowrczn,
719 5080 802 5153 villa
829 5081 893 5153 sub
920 5080 1087 5170 parocbia
1114 5078 1157 5150 de
1179 5077 1473 5149 Prandoc.zin
1501 5076 1579 5164 sita,
1606 5077 1703 5148 cuius
1730 5097 1810 5166 pro·

257 5206 390 5293 prietas
417 5204 461 5275 ad
488 5201 737 5296 monasterium
766 5201 929 5273 Clarae
958 5200 1155 5271 Tumbae
1183 5200 1343 5289 pertinet
1370 5197 1410 5270 ln
1429 5202 1497 5293 'qna
1515 5219 1583 5273 nou
1602 5205 1684 5269 sunt
1703 5194 1810 5288 aliqui

257 5326 446 5396 mensurati
473 5325 564 5397 lanei
592 5323 847 5412 cmcthonales,
863 5329 900 5397 ct
927 5322 1074 5412 quilibet
1100 5321 1205 5393 solvit
1277 5375 1284 5390 .
1304 5374 1330 5410 .,
1357 5320 1440 5391 item
1467 5340 1553 5407 ova,
1581 5319 1664 5389 item
1690 5317 1812 5409 gallos,
1922 5346 1925 5351 ·
1987 5308 1992 5325 ‘

1865 5456 1868 5463 ·
1911 5446 1948 5499 ιο

256 5569 313 5656 ibis
342 5569 473 5638 habens
501 5588 622 5656 agros,
650 5572 686 5637 ei
714 5566 819 5647 SOlv’kt
838 5622 845 5635 ·
918 5620 925 5634 .
945 5620 952 5635 .
971 5588 998 5654 .;
1025 5565 1109 5635 item
1129 5563 1320 5639 hortulani.
1357 5562 1444 5633 Item
1471 5559 1650 5650 praedium
1678 5530 1810 5667 est'ibi
1870 5566 1876 5577 ’
1953 5622 1956 5627 .

255 5691 397 5779 regium,
425 5690 467 5761 de
494 5691 591 5761 cuius
609 5689 704 5778 agris
731 5688 923 5788 decimatur
950 5686 994 5758 ad
1021 5686 1271 5759 monasterinm
1298 5672 1462 5773 Corporis
1481 5681 1612 5766 Christi
1624 5682 1666 5752 in
1686 5676 1811 5755 Cusi-
1858 5713 1877 5725 ··

256 5450 340 5518 item
368 5467 506 5534 caseos3
533 5447 615 5517 ilem
643 5446 751 5535 labor,
778 5446 860 5515 item
882 5441 1051 5539 poroubn,
1079 5443 1162 5516 item
1190 5464 1347 5537 casapup—
1374 5440 1460 5512 ltem
1487 5441 1634 5511 taberna
1661 5460 1731 5509 uua
1756 5444 1814 5515 eo

256 5811 396 5882 miria.
432 5813 518 5883 Item
546 5809 777 5883 molendinum
805 5815 860 5879 cst
884 5809 1017 5881 habens
1038 5813 1200 5897 pratum,
1228 5813 1264 5877 et
1291 5804 1395 5877 solvit
1422 5824 1486 5894 pro
1514 5800 1725 5888 monasterio
1885 5880 1889 5888 ,

255 5934 343 6004 ltcm
371 5933 414 6004 de
441 5934 599 6004 omnibns
634 5933 728 6023 agris
764 5931 869 6002 villae
897 5930 1045 6009 solvitur
1072 5935 1109 6001 et
1135 5928 1338 6003 conducitur
1365 5925 1498 5997 decima
1521 5896 1749 6017 ¹manipularis
1775 5928 1812 5995 et
1867 5920 1870 5925 ’
1956 5971 1960 5977 -

256 6056 431 6144 canapalis
458 6074 522 6144 pro
549 6055 759 6127 monasterio
786 6053 822 6123 in
851 6051 1036 6141 Mugila,
1063 6057 1099 6122 et
1126 6050 1225 6121 valor
1251 6049 1327 6121 eius
1353 6048 1560 6121 aestimatur
1587 6044 1632 6117 ad
1657 6044 1810 6135 quinque

256 6197 397 6247 marcas.
426 6176 607 6263 Alienata3
634 6174 798 6247 dominus·
820 6195 881 6245 rex
910 6174 1027 6281 habet·
1044 6172 1148 6242 illam.
1176 6170 1338 6269 Confinat
1356 6224 1364 6239 .
1383 6222 1417 6239 ..

360 6298 682 6385 blrcrmnowruzn,
708 6297 791 6369 villa
817 6295 1075 6385 sub-parocbia
1101 6293 1145 6366 dc
1164 6289 1583 6385 Wyancaslawicze
1611 6287 1687 6376 sita,
1707 6287 1806 6358 cuius

257 6421 453 6511 proprietas
481 6421 526 6491 ad
553 6418 803 6491 monasterium
830 6417 997 6491 Clarae
1023 6415 1222 6491 Tumbae
1248 6412 1411 6523 pertinet.
1434 6410 1480 6490 -lu
1497 6432 1567 6501 qua
1584 6417 1667 6481 suut
1685 6408 1810 6499 'viginti

360 6591 406 6632 lab.
417 6590 513 6631 benene.
527 6587 569 6632 ΙΙΙ,
1605 6561 1620 6606 ι’)
1633 6560 1642 6605 l
1689 6622 1692 6627 ι

1885 6040 1916 6087 ⁴.
