4217 8059
1748 1513 1821 1583 307

267 1716 483 1805 praescripta
510 1736 578 1786 non
612 1714 760 1787 solvunt.
801 1715 886 1786 Item
914 1721 984 1786 tam
1013 1716 1180 1787 scoltetus
1209 1737 1309 1805 quam
1338 1717 1556 1805 cmetnones,
1582 1717 1825 1789 tabernatores

267 1845 302 1906 et
328 1836 506 1907 hortulani
535 1836 637 1908 villae
664 1815 852 1926 praelatae,
871 1843 1043 1915 tenentur
1070 1838 1198 1908 molere
1226 1856 1344 1908 eorum
1372 1837 1546 1909 frumenta
1574 1838 1608 1909 in
1628 1839 1826 1911 molendino

266 1956 458 2027 coenobiali
486 1958 521 2026 in
550 1956 800 2047 Ozirnyow.
827 1956 913 2026 Item
941 1958 976 2028 in
1004 1957 1160 2046 praelata
1186 1957 1269 2028 villa
1296 1979 1364 2029 non
1393 1965 1447 2028 est
1473 1958 1651 2047 praedium
1673 1958 1824 2049 aliquod,

267 2079 350 2148 itern
378 2097 446 2146 non
474 2086 556 2148 sunt
583 2078 745 2167 piscinae,
765 2076 846 2148 item
867 2099 935 2149 non
954 2084 1008 2149 est
1025 2078 1269 2149 molendinum.
1297 2078 1383 2148 Item
1402 2078 1541 2150 solvunt
1559 2100 1663 2149 unum
1684 2099 1822 2150 caseum

267 2204 303 2269 et
330 2218 396 2267 ova
423 2196 540 2268 decern
568 2197 611 2268 de
637 2198 749 2286 laneo,
777 2199 861 2269 item
888 2197 975 2269 duos
1002 2198 1124 2287 gallos,
1151 2199 1232 2269 item
1262 2198 1366 2269 solvit
1393 2199 1540 2289 quilibet
1566 2198 1609 2269 de
1636 2200 1736 2270 laneo
1756 2221 1820 2289 pro

266 2318 356 2389 testo
384 2317 538 2388 Paschae
566 2338 667 2388 unam
696 2320 926 2408 coturnicem,
954 2318 989 2390 id
1017 2324 1071 2389 est
1097 2329 1269 2408 czctrzew,
1297 2325 1358 2390 aut
1386 2340 1489 2390 unum
1518 2338 1692 2414 caponem.
1734 2320 1821 2391 Item

267 2439 433 2509 ecclesiae
461 2439 663 2527 parochiali·
678 2440 713 2509 in
740 2439 1147 2510 Abrahamowicze
1175 2439 1314 2510 solvunt
1341 2460 1405 2528 pro
1433 2439 1686 2511 columbatione
1714 2461 1820 2513 unum

267 2580 426 2648 grossum
456 2559 498 2629 de
526 2560 636 2630 laneo.
662 2560 750 2631 Item
772 2558 956 2654 poroobonr
982 2560 1153 2649 laborant,
1180 2580 1284 2630 unum
1313 2560 1403 2630 diem
1431 2581 1495 2650 pro
1523 2581 1613 2649 vere,
1633 2562 1821 2652 alium'pro

267 2681 399 2771 hyeme.
427 2679 514 2750 Itern
542 2686 680 2770 pratum
708 2682 744 2751 in
772 2680 938 2773 Ozirny
951 2702 1010 2751 ow
1037 2679 1258 2771 falcastrant,
1286 2686 1459 2770 rastrant‚
1479 2681 1655 2770 colligunt¹
1683 2688 1718 2751 et
1745 2702 1825 2753 con·

268 2800 409 2871 ducunt.
437 2801 524 2871 Item
553 2800 636 2873 villa
661 2800 821 2892 praelata
840 2800 1083 2889 ,Krimicz'a
1111 2800 1261 2873 confinat
1279 2822 1355 2873 cum
1374 2802 1467 2879 villis
1486 2800 1532 2871 W
1540 2801 1826 2895 ylozepolye

267 2921 642 3012 Bistrzeorricze,
669 2922 843 3012 anon‚
870 2921 1124 3015 Onyrnyou
1150 2930 1188 2993 ct
1211 2923 1343 3017 ubique
1369 2923 1502 3013 scopuli
1528 2923 1654 3012 sipati,
1682 2930 1823 3014 praeter

267 3041 442 3115 Zulrow.
470 3043 557 3115 Item
586 3050 763 3138 opr'omorn
789 3064 858 3117 non
887 3044 1034 3116 solvunt
1061 3044 1149 3116 Item
1164 3043 1349 3115 mellificia
1376 3064 1444 3114 nou
1472 3044 1613 3117 habent.
1720 3059 1723 3065 ’

375 3161 529 3236 Laneus
560 3163 704 3236 lllicolai
733 3161 883 3238 Tluelo.
912 3165 998 3235 Item
1026 3164 1091 3234 sub
1119 3184 1209 3235 anno
1237 3169 1273 3234 et
1299 3171 1457 3255 ternpore
1475 3163 1689 3235 fundationis
1707 3170 1744 3236 et
1762 3164 1823 3236 do-

266 3285 410 3355 tationis
438 3285 640 3365 monasterii
667 3285 836 3377 praedIcti
856 3285 1020 3357 Nicolaus
1040 3284 1206 3355 Tlusto
1234 3276 1427 3374 oppidanus
1445 3284 1665 3355 Lublinensis
1684 3286 1826 3375 speciali
1925 3332 1929 3340 ·
1977 3320 1982 3327 ·

267 3404 452 3475 devotione
479 3403 613 3493 ductus,
641 3405 788 3477 contulit
816 3411 911 3476 motu
938 3407 1081 3496 proprio
1109 3404 1320 3476 monasterio
1342 3388 1505 3495 praefato
1524 3404 1673 3475 Sanctae
1692 3405 1825 3495 Brigit-

140 3515 143 3520 ’
267 3530 324 3594 tae
350 3545 455 3595 unum
483 3525 619 3596 laneum
648 3546 724 3595 curu
751 3527 823 3596 suis
851 3527 1057 3616 attinentiis,
1086 3527 1152 3595 iuri
1172 3525 1264 3596 civili
1283 3524 1485 3614 subiectum,
1505 3545 1607 3615 quem
1625 3525 1824 3614 praedictus

269 3643 547 3717 Vladislans
574 3645 739 3718 Poloniae
766 3667 828 3719 ren
855 3648 900 3720 ab
927 3648 1086 3721 omuibus
1113 3647 1286 3735 oneribus,
1312 3647 1473 3717 censibus
1499 3647 1707 3737 ettributis,
1724 3667 1825 3736 rega·

266 3764 359 3837 libus
385 3771 421 3836 et
446 3767 605 3839 ciuilibus
631 3767 828 3856 libertavit;
855 3768 916 3840 sed
943 3769 1191 3841 monasterium
1217 3788 1288 3840 non
1314 3768 1421 3839 babet
1446 3767 1595 3857 praelati
1622 3748 1713 3839 labei
1740 3788 1822 3858 pos-

269 3888 468 3961 sessionem.
792 3951 795 3958 .
1445 3966 1452 3975 ,

342 4058 347 4069 ·
378 4004 584 4084 Ozwarlelr
612 4007 842 4081 suburbium
872 4008 1120 4083 [oblinam.
1156 4010 1244 4081 Item
1276 4009 1341 4080 sub
1367 4014 1528 4100 tempore
1551 4008 1765 4081 fundationis
1789 4015 1827 4079 et

269 4129 460 4201 dotationis
486 4130 688 4230 monasterii
716 4129 883 4220 praelati,
910 4131 1073 4202 videlicet
1099 4151 1190 4203 anno
1217 4130 1356 4201 Domini
1388 4131 1486 4229 1426
1516 4130 1720 4201 Vincentius
1738 4130 1826 4199 alias

269 4226 527 4339 Wyanozelr
564 4249 784 4321 suburbanus
819 4251 1061 4339 LanInensis,
1086 4256 1125 4320 et
1160 4253 1195 4321 in
1232 4251 1400 4321 suburbio
1428 4255 1550 4320 vocato
1577 4248 1822 4320 Ganartelr

270 4371 473 4458 consistens,
498 4377 573 4441 tres
600 4371 727 4442 laneos·
746 4370 999 4442 haereditarIos
1026 4391 1109 4442 suos
1136 4369 1294 4461 praelato
1321 4371 1498 4459 suburbio,
1525 4370 1600 4440 zelo
1626 4367 1823 4440 devotionis

271 4491 452 4580 incitatus,
476 4491 637 4563 contulit
670 4498 768 4593 motu
803 4493 945 4582 proprIo
981 4493 1193 4564 monasterio
1220 4491 1388 4625 praelum,
1415 4511 1490 4561 cum
1518 4491 1590 4561 suis
1616 4483 1822 4577 attinentiis,

270 4631 357 4701 pure
383 4618 527 4703 propter
563 4612 706 4702 Deum,·
726 4615 762 4684 iu
800 4633 945 4704 quorum
982 4613 1231 4685 monasterium
1258 4618 1314 4687 est
1348 4610 1493 4701 pacifica
1525 4610 1762 4700 possessione,
1789 4614 1825 4679 et

269 4731 371 4802 locati
406 4739 489 4803 sunt
523 4734 781 4823 emethonibus,
808 4740 845 4805 et
880 4734 1026 4824 quilibet
1061 4733 1167 4804 solvit
1194 4731 1237 4803 de
1262 4730 1364 4803 laneo
1391 4751 1494 4802 unam
1526 4749 1676 4800 marcam
1702 4741 1822 4803 mona·

270 4853 387 4942 sterio,
414 4855 459 4929 ab
487 4854 646 4925 omnibns
673 4861 790 4925 antem
807 4854 995 4943 laboribus
1023 4854 1177 4944 tributis,
1204 4848 1455 4940 exactionibus,
1481 4850 1587 4923 datiis
1610 4855 1691 4921 sunt
1708 4849 1821 4921 liberi.

376 4970 485 5046 Horti
516 4973 561 5070 ‚in
586 4973 789 5049 subnecto
828 4971 1062 5047 Lubllnanei.
1104 4957 1192 5045 Item
1230 4973 1265 5044 in
1293 4973 1387 5061 loco,
1415 4972 1449 5042 in
1477 4979 1547 5059 q'uo
1578 4969 1823 5041 monasterinm

271 5094 376 5164 sitnm
414 5102 450 5165 et
484 5093 663 5165 fundatum
701 5102 773 5183 est,
809 5102 845 5166 et
881 5096 915 5165 in
952 5095 1027 5166 eius
1059 5095 1223 5183 circuitu,
1250 5093 1422 5164 habentur
1444 5090 1552 5161 borti
1588 5089 1711 5179 viginti
1747 5094 1824 5162 octo

271 5213 505 5305 coenobiales,
531 5215 575 5285 ad
603 5217 851 5289 monasterium
878 5215 1027 5287 Sanctae
1054 5213 1227 5305 Brigittae
1254 5218 1423 5304 perpetuo
1450 5210 1675 5302 pertinentes,
1703 5211 1824 5283 inscri-

271 5335 322 5422 pti
350 5322 482 5406 civibns
509 5341 545 5406 et
572 5335 755 5426 oppidanis
777 5320 1061 5426 -Lublinensibus,
1088 5357 1152 5426 per
1177 5335 1328 5425 priorem
1356 5338 1393 5404 et
1410 5333 1657 5403 monasterium
1676 5330 1824 5402 Sanctae
1920 5334 1924 5342 '

240 5484 242 5488 ·
272 5454 445 5557 Brigittce
472 5458 506 5527 In
535 5456 798 5546 haereditatem,
825 5458 894 5529 sub
918 5478 1034 5529 annuo
1059 5462 1176 5527 tamen
1197 5475 1307 5526 censu
1333 5457 1371 5524 et
1388 5451 1542 5538 tribuito;
1569 5450 1715 5541 quilibet
1732 5451 1823 5521 enim

271 5577 394 5646 hortus
420 5597 463 5646 ex
490 5578 830 5666 praedIctisniginti
857 5586 936 5649 octo
963 5579 1087 5667 hortis,
1114 5576 1220 5648 solvit
1246 5559 1458 5647 monasterio
1485 5571 1632 5643 Sanctae
1651 5571 1824 5670 Brigittae

271 5718 376 5768 unum
403 5696 572 5770 fertonem
608 5699 776 5788 pecnrnoe
811 5676 1019 5787 communis,
1046 5698 1141 5769 horti
1168 5700 1283 5768 antem
1309 5692 1457 5785 praefati
1486 5693 1522 5763 in
1547 5692 1639 5763 areis
1666 5697 1703 5762 et
1727 5692 1824 5780 ‘agris

272 5819 474 5889 monasterii
500 5825 583 5891 sunt
609 5819 723 5892 locati.
878 5816 880 5820 ’
