4217 8059
320 1478 393 1555 ili

423 1685 592 1775 Guonno,
618 1684 702 1756 silla
728 1685 793 1756 sub
815 1684 995 1775 parochia¹
1010 1682 1176 1755 ecclesiae
1202 1642 1246 1753 de
1272 1678 1542 1774 Pyotlawin
1568 1680 1646 1769 sitm
1672 1678 1770 1751 cuius
1787 1676 1867 1771 pro-

312 1809 450 1899 prietas
477 1812 514 1878 et
540 1806 728 1879 dominium
756 1806 1073 1878 admonasterium
1099 1802 1231 1877 (lalvi
1265 1802 1440 1874 Montis
1467 1800 1615 1873 Sanctae
1641 1798 1764 1875 Grucis
1789 1820 1869 1891 per-

318 1928 416 1999 tinet.
442 1927 483 1997 ln
511 1947 579 2016 qua
605 1932 687 1998 sunt
712 1925 868 1997 undecim
905 1926 997 1996 lanei
1024 1925 1259 1997 cmetlronales
1309 1930 1346 1995 et
1371 1923 1518 2014 quilibet
1542 1922 1647 1995 solvit
1671 1942 1737 2012 pro
1764 1942 1870 1993 censu

192 2063 194 2067 ·
319 2068 381 2121 aex
408 2068 558 2138 gomses,
584 2047 667 2117 item
695 2067 761 2118 ova
789 2046 992 2137 quindecim,
1017 2046 1102 2117 item
1128 2046 1258 2135 gallum
1286 2066 1409 2133 nnnm;
1430 2040 1532 2117 'item
1559 2064 1678 2115 caseos
1705 2062 1774 2114 uon
1801 2043 1870 2114 sol-

318 2175 425 2257 cuut3
460 2169 544 2239 item
571 2167 732 2238 laborant
767 2166 858 2238 diem
885 2186 990 2237 unum
1017 2168 1052 2237 in
1081 2165 1298 2237 hebdomada
1333 2166 1513 2255 pedestres
1548 2170 1586 2235 et
1612 2166 1648 2235 in
1674 2164 1870 2255 quindecim

319 2288 450 2377 diebus,
479 2306 581 2359 curru
609 2294 670 2357 aut
697 2295 834 2375 aratr03
874 2286 956 2357 ilem
984 2287 1155 2357 tabernae
1182 2292 1256 2357 tres
1283 2286 1451 2357 habentes
1477 2304 1591 2375 ugron
1617 2284 1706 2355 duae
1732 2284 1872 2355 solvunt

319 2428 383 2499 per
408 2428 512 2479 unum
539 2407 727 2496 fertonem,
763 2408 869 2478 tertia
896 2407 1087 2478 octodecim
1113 2427 1273 2496 grossos3
1313 2407 1394 2476 item
1423 2406 1643 2477 hortulaniae
1683 2426 1751 2476 non
1779 2412 1871 2493 aunt,

320 2530 404 2601 item
431 2526 609 2619 praedium
637 2548 706 2599 non
734 2536 796 2617 est7
822 2528 905 2597 item
933 2534 987 2597 est
1014 2527 1064 2597 ibi
1090 2527 1184 2597 lacus
1210 2528 1322 2598 bonus
1339 2524 1556 2615 monasterii3
1582 2526 1666 2597 item
1686 2522 1872 2619 poscebam

322 2670 391 2721 non
418 2648 588 2737 laborant,
617 2649 699 2719 item
727 2669 863 2742 osozycp
891 2666 959 2718 non
986 2646 1135 2719 solvunt.
1169 2646 1256 2717 Item
1283 2647 1328 2718 dc
1355 2646 1514 2718 omnibus
1540 2647 1636 2738 agris
1662 2644 1810 2717 solvitur
1835 2651 1872 2715 et

322 2770 528 2843 conducitur
553 2769 687 2840 decima
714 2769 939 2859 manipularis
967 2776 1002 2839 et
1029 2767 1204 2858 canapalis
1239 2788 1305 2865 pro
1331 2768 1541 2871 monasterio
1568 2755 1714 2838 Sanctae
1740 2764 1872 2854 Orucis,

321 2897 357 2963 et
383 2890 482 2961 valor
508 2890 589 2961 eius·
609 2890 817 2961 aestimatur
842 2890 886 2960 ad
914 2890 1000 2960 duas
1028 2910 1172 2961 marcas.
1216 2874 1376 2971 Gdlrdnat
1401 2908 1478 2959 cum
1505 2887 1724 2978 llamyen,
1762 2886 1873 2977 Lya-

318 3010 519 3083 aaiszlca.
635 3052 639 3061 -

427 3130 701 3220 Mrrozwann,
729 3130 811 3201 villa
838 3131 902 3202 sub
931 3131 1096 3220 parochia
1122 3128 1399 3221 de‘Oppolye
1427 3131 1513 3221 sita,
1542 3131 1577 3201 in
1604 3151 1673 3220 qua
1699 3114 1873 3201 monme-

322 3253 411 3325 n'um
440 3251 586 3323 Sanctae
614 3250 735 3322 Crucis
762 3251 893 3322 (la-lvi
922 3250 1098 3322 Montis
1125 3252 1231 3322 lrabet
1256 3258 1330 3322 tres
1355 3252 1537 3340 tabernas,
1575 3251 1743 3322 labentes
1769 3266 1873 3340 agros

322 3372 508 3463 speciales,
535 3380 572 3443 et
599 3372 704 3443 solvit
739 3372 915 3461 quaelibet
950 3391 1014 3461 pro
1042 3392 1147 3443 censu
1173 3392 1247 3462 pro
1274 3372 1485 3443 monasterio
1522 3372 1668 3443 mediam
1704 3390 1875 3457 marcam;

322 3494 405 3565 item
433 3514 502 3564 non
529 3491 662 3566 faciunt
689 3492 823 3583 aliquos
851 3492 999 3581 labores3
1026 3494 1109 3563 item
1129 3485 1297 3563 decimam
1315 3482 1565 3583 manipularem
1584 3492 1723 3564 solvunt
1742 3491 1785 3563 de
1803 3491 1875 3561 suis

323 3614 418 3704 agris
434 3632 509 3703 pro
528 3614 738 3684 monasterio
757 3612 904 3683 Sanctae
923 3611 1055 3702 Crucis,
1083 3620 1119 3684 et
1135 3614 1287 3704 propriis
1313 3600 1474 3685 curribus
1492 3613 1696 3702 conducunt
1723 3618 1759 3683 et
1776 3610 1874 3683 valor

323 3734 399 3805 dus
434 3733 641 3806 aestimatur
667 3734 711 3804 ad
738 3754 840 3805 unam
869 3754 1028 3805 marcam.
1074 3734 1162 3804 Item
1189 3756 1259 3805 non
1282 3740 1340 3804 eat
1366 3734 1415 3805 ibi
1451 3734 1629 3824 praedium
1667 3730 1875 3805 coenobiale.

322 3852 411 3927 ltcm
439 3853 626 3925 residuitas
654 3853 757 3925 villae
784 3855 936 3944 pertinet
964 3854 1008 3924 ad
1035 3850 1403 3946 Olr'robrzensky
1439 3862 1476 3925 et
1511 3853 1797 3945 Michowskp
1831 3852 1876 3924 de

325 3975 430 4047 armis
457 3972 610 4063 Rawa,
637 3980 674 4044 et
701 3974 814 4045 locata
841 3982 895 4045 est
922 3974 1169 4063 cmethonilms,
1197 3976 1257 4065 qui
1275 3974 1415 4047 solvunt
1432 3982 1468 4045 et
1486 3976 1682 4047 conducunt
1708 3972 1875 4045 decimum

325 4094 573 4185 manipularem
601 4102 637 4165 et
664 4095 861 4185 canapalem
900 4116 962 4186 pro
990 4095 1135 4167 ecclesia
1170 4095 1361 4186 parochiali
1389 4098 1423 4165 io
1458 4093 1520 4186 Op
1527 4096 1673 4186 polyc.
1717 4092 1877 4166 Oonllnat

326 4234 402 4287 cum
429 4213 638 4308 Oppolye
665 4216 802 4306 oppido.
1144 4296 1146 4301 ,
1844 4204 1849 4213 ’

429 4334 615 4426 Osszrnn,
642 4336 820 4427 oppidum
848 4336 891 4407 de
918 4357 1026 4427 prope
1054 4335 1414 4431 (loprny-wnicza
1449 4338 1573 4422 situm,
1614 4338 1749 4408 habena
1775 4336 1812 4406 in
1839 4356 1878 4405 se

326 4456 506 4531 adoram
533 4457 764 4547 parochialem
793 4457 951 4547 ligneam,
979 4456 1107 4529 Sancto
1125 4454 1299 4529 Stanialao
1326 4458 1472 4549 martyri
1489 4464 1527 4528 ct
1545 4456 1700 4548 pontifici
1724 4455 1878 4547 glorioso

326 4577 485 4667 dicaam,
513 4583 549 4649 et
566 4598 629 4668 per
646 4577 792 4651 Paulum
811 4576 1083 4649 Samilcwak
1093 4602 1115 4670 y
1142 4578 1293 4650 nobilem
1311 4580 1551 4671 presbyterum
1570 4578 1614 4651 de
1631 4578 1733 4650 domo
1750 4574 1879 4649 Osto-

327 4720 399 4790 ya‚
426 4698 659 4788 pulcherrimo
687 4718 791 4789 opere
818 4697 1031 4770 fabricatam.
1255 4716 1259 4723 ·
1789 4696 1797 4709 '

437 4817 557 4903 Nota,
600 4819 691 4910 quod
719 4819 763 4890 ad
791 4820 1038 4892 monasterinm
1065 4819 1213 4892 Sanctae
1239 4820 1361 4893 crucia
1397 4820 1560 4913 oppidum
1594 4818 1800 4911 Oaazyelr
1836 4819 1880 4890 de

329 4940 471 5029 antiquo
499 4941 708 5030 pertinebat
736 4941 797 5011 sed
824 4962 887 5030 per
905 4940 1080 5014 dominnm
1107 4940 1327 5013 Jacobum
1355 4942 1516 5014 abbatem
1543 4942 1768 5013 Boleslao
1795 4940 1879 5011 (iru-

330 5059 491 5148 c'ovieusi,
518 5058 789 5131 Sandomiriensi
806 5061 896 5151 duci,
923 5060 1097 5134 Pudice
1124 5062 1307 5153 appellato,
1335 5061 1705 5153 Gunegundique
1722 5062 1880 5133 ducissae

310 5179 471 5269 coniugi
508 5200 600 5270 suae,
637 5182 816 5253 occasione
842 5183 1094 5273 libertationis',
1129 5204 1232 5274 quam
1267 5184 1359 5255 idem
1392 5182 1461 5255 dux
1488 5182 1698 5269 monasterio
1724 5182 1881 5254 Sanctae
1957 5244 1960 5249 ,

331 5292 467 5373 drucio
479 5302 692 5392 contulerat,
727 5302 891 5376 donatum
919 5311 992 5394 eat,
1021 5325 1070 5375 eo
1097 5312 1219 5395 pacto,
1260 5304 1352 5395 quod
1379 5304 1422 5375 de
1449 5306 1571 5396 zuppis
1599 5306 1633 5374 in
1661 5302 1882 5394 Bochnya
1981 5312 1987 5319 “

313 5422 488 5513 =qnolibet
514 5442 613 5513 anno,
641 5444 704 5515 pro
723 5426 933 5497 monasterio
960 5426 1011 5498 sal
1039 5446 1103 5516 pro
1122 5427 1274 5517 quinque
1301 5427 1427 5497 marcis
1451 5426 1591 5517 'argenti
1617 5430 1787 5517 perpetuo
1805 5424 1883 5495 dari

331 5542 509 5617 debuerat
536 5542 642 5617 Cuius
669 5545 788 5618 littera
816 5554 869 5618 est
895 5547 978 5618 date
1005 5546 1328 5619 Sandomiriae
1355 5568 1445 5619 anno
1472 5546 1611 5619 Domini
1643 5548 1752 5635 12703
1779 5564 1881 5638 quam

332 5663 557 5735 donationem·
581 5672 833 5756 postmortem
861 5666 1014 5739 eiusdem
1043 5668 1274 5758 Boleslai,
1301 5668 1451 5741 Lesko
1478 5688 1585 5758 nepos
1612 5665 1779 5739 Pudici
1805 5664 1883 5737 Bo·

325 5784 477 5855 resrai
513 5784 556 5856 oe
583 5802 673 5858 anno
700 5787 841 5859 nomm
873 5770 985 5859 msc
1015 5796 1172 5879 temporo
1207 5790 1494 5882 socoyoorm
1530 5788 1667 5863 aonam
1702 5788 1884 5859 onoma-

333 5913 450 5995 uerat,
485 5912 642 5997 tempore
670 5915 784 5979 autem
812 5909 1039 6000 procedente,
1075 5910 1206 5982 dictum
1235 5912 1286 5982 sul
1313 5911 1390 5981 dari
1418 5930 1527 6001 usque
1554 5911 1599 5981 ad
1625 5910 1883 5981 coronationem

334 6024 576 6098 Vladislai
602 6026 802 6098 Secundi
829 6000 921 6119 legis
949 6028 1114 6103 Poloniae
1140 6030 1392 6102 contradictum
1420 6036 1484 6120 est,
1524 6030 1621 6101 cuius
1646 6036 1815 6121 tempore,
1841 6029 1885 6100 de

334 6164 425 6217 anno
453 6146 614 6217 videlicet
641 6146 779 6219 Domini
810 6148 918 6241 1409,
945 6149 1036 6221 idem
1064 6172 1126 6222 rex
1156 6146 1431 6222 V'ladislaus
1466 6150 1603 6241 redegit
1619 6157 1665 6222 -et
1690 6148 1887 6221 immutavit

263 6272 265 6277 '
336 6286 503 6339 summam
532 6268 682 6359 quinque
709 6290 901 6341 marcarum
930 6274 1084 6362 argenti,
1119 6272 1156 6342 in
1183 6290 1348 6342 summum
1386 6272 1538 6363 quinque
1573 6288 1778 6343 marcarum·
1793 6288 1886 6343 ccm-
1968 6284 1973 6291 '

337 6388 449 6458 munis
476 6389 661 6479 pecuniae,
689 6398 723 6460 et
751 6390 831 6462 dari
855 6392 1007 6462 instituit
1035 6392 1105 6479 sal,
1141 6391 1233 6481 quod
1261 6392 1363 6463 lrodie
1401 6394 1458 6465 vin
1485 6392 1589 6465 datur
1624 6392 1752 6464 valoris
1777 6391 1885 6463 trium
