4217 8059
1736 1492 1811 1564 tat

160 1696 164 1704 ’
266 1703 304 1769 et¹
328 1697 467 1770 solvunt
485 1752 599 1768 .....
626 1697 712 1769 Item
740 1720 808 1770 non
836 1699 952 1769 estin
980 1697 1063 1769 villa
1089 1697 1207 1769 eadem
1235 1697 1374 1788 aliquod
1402 1699 1580 1787 praedium
1607 1700 1816 1771 coenobiale.

264 1820 352 1890 Item
381 1839 499 1890 omnes
535 1820 611 1910 agri
643 1819 746 1890 villae
773 1818 951 1909 praefatae
979 1817 1119 1890 solvunt
1146 1827 1183 1890 et
1209 1820 1405 1890 conducunt
1432 1819 1599 1890 decimam
1626 1818 1817 1910 manipula·

264 1961 337 2011 rem
366 1944 402 2011 et
428 1940 636 2030 eanapalem,
664 1961 727 2030 pro
755 1939 953 2030 praebenda
979 1939 1212 2030 Gracoviensi,
1240 1961 1328 2030 quae
1355 1939 1595 2031 Karnyowslra
1612 1940 1818 2032 appellatur,

265 2071 301 2132 et
328 2062 426 2134 valor
452 2062 527 2133 eius
554 2062 760 2133 aestimatur
787 2061 831 2132 ad
859 2082 919 2133 sex
946 2082 1091 2133 marcas.
1119 2060 1278 2134 Conlimt
1296 2116 1304 2132 .
1323 2116 1357 2132 ..
1976 2108 2020 2213 ,Ι

369 2182 644 2272 Sannowrczn,
672 2181 756 2253 villa
774 2183 837 2254 sub
857 2183 1022 2274 parocbia
1040 2183 1084 2254 de
1102 2182 1418 2255 Wroczira'isz
1437 2183 1519 2273 sita,
1547 2183 1644 2255 cuius
1663 2184 1819 2275 proprie·

265 2313 321 2374 tas
348 2304 392 2374 ad
409 2304 657 2375 monasterium
685 2302 850 2375 Clarae
877 2304 1064 2375 tumbae
1091 2304 1251 2394 pertinet.
1292 2304 1334 2377 In
1351 2324 1419 2394 qua
1446 2310 1528 2377 sunt
1555 2305 1701 2394 triginta
1726 2305 1819 2377 lanei

266 2426 509 2514 cmetbonales,
536 2432 573 2497 et
600 2425 746 2515 quilibet
773 2425 879 2496 solvit
905 2445 969 2515 pro
997 2444 1103 2497 censu
1129 2432 1203 2497 tres
1228 2423 1400 2514 fertones,
1427 2427 1509 2497 item
1538 2446 1604 2497 ova
1630 2426 1819 2516 sexaginta,

266 2549 349 2617 item
375 2547 487 2636 gallos
513 2566 574 2617 seu
601 2567 750 2639 capones
778 2546 884 2636 duos;
919 2548 1003 2618 item
1030 2545 1150 2618 caseos
1176 2567 1245 2618 non
1274 2545 1432 2636 solvunt,
1467 2547 1551 2618 Item
1578 2547 1717 2618 laborat
1743 2547 1819 2637 qui-

270 2666 357 2738 libet
374 2668 464 2739 diem
492 2690 597 2740 unum
624 2668 660 2739 in
680 2668 892 2759 septimana,
919 2668 1061 2760 proprio
1080 2688 1184 2739 curru
1202 2675 1265 2739 aut
1283 2674 1410 2739 aratro.
1451 2667 1537 2738 Item
1563 2666 1744 2762 provendam
1770 2669 1820 2739 la·

266 2790 393 2860 borant
427 2789 514 2862 duos
550 2790 633 2861 dies.
683 2789 769 2860 Item
805 2810 959 2885 oeszyep¹
981 2789 1121 2861 solvunt
1146 2788 1233 2860 duas
1270 2809 1450 2861 mensuras
1477 2789 1625 2879 siliginis
1653 2795 1689 2858 et
1715 2810 1819 2863 unam

183 2924 192 2937 ·
265 2931 395 2981 avenae
422 2921 459 2982 et
477 2917 627 3000 quatuor
652 2931 803 3000 grossos.
847 2911 934 2982 Item
962 2912 1131 2982 tabernae
1156 2915 1230 2983 tres
1248 2910 1416 2982 habentes
1443 2930 1565 3000 agros,
1591 2915 1628 2981 et
1646 2911 1821 2999 quaelibet

266 3033 370 3102 solvit
397 3031 482 3102 duas
509 3052 643 3103 marcas
669 3038 705 3102 et
733 3031 881 3103 sedecim
909 3038 1034 3103 scotos.
1074 3031 1161 3103 Item
1189 3030 1406 3104 hortulaniae
1433 3049 1511 3120 sex,
1539 3051 1627 3121 quae
1655 3052 1724 3102 non
1752 3031 1820 3101 sol-

266 3159 353 3222 vunt
379 3173 528 3244 censum,
555 3153 616 3224 sed
642 3153 881 3225 tantummodo
908 3173 1012 3225 unum
1041 3152 1133 3224 diem
1159 3153 1339 3242 pedestres
1365 3153 1403 3222 in
1430 3152 1624 3242 septimana
1650 3152 1819 3224 laborant.

266 3273 353 3344 Item
382 3296 500 3346 ornnes
526 3275 601 3364 agri
620 3274 727 3346 villae·
750 3275 890 3346 solvunt
915 3281 952 3345 et
969 3274 1168 3349 conducunt
1182 3274 1362 3345 decimam
1388 3273 1636 3364 manipularem
1664 3279 1701 3344 et
1717 3294 1821 3345 caua·

267 3395 395 3483 palem,
430 3415 494 3484 pro
530 3396 674 3467 ecelesia
709 3396 745 3466 in
772 3393 1028 3486 Grodzina,
1064 3402 1100 3467 et
1126 3395 1226 3467 valor
1260 3395 1335 3466 eius
1361 3396 1567 3467 aestimatur
1601 3393 1646 3466 ad
1673 3394 1819 3484 triginta

267 3536 411 3587 marcas.
452 3517 611 3588 Itemest
629 3517 664 3588 in
683 3516 802 3588 eadem
831 3515 914 3588 villa
940 3515 1122 3606 praedium
1148 3517 1276 3589 bonnm
1303 3515 1522 3607 coenobiale,
1548 3515 1592 3586 de
1610 3515 1707 3587 cuius
1726 3514 1821 3605 agris
1894 3608 1899 3617 ι

274 3638 339 3708 soli
366 3636 493 3709 tollunt
528 3638 705 3709 decimam.
753 3638 840 3710 Item
869 3642 950 3710 sunt
976 3638 1024 3709 ibi
1052 3637 1121 3710 duo
1144 3637 1345 3710 molendina
1371 3637 1407 3709 in
1433 3618 1572 3709 domiue
1599 3690 1761 3726 .......
1786 3640 1823 3707 et
1895 3640 1923 3717 ’,

267 3779 372 3829 unum
409 3757 513 3830 solvit
548 3779 671 3830 novem
698 3778 848 3849 marcas,
877 3758 972 3830 aliud
999 3763 1077 3831 octo
1103 3756 1240 3831 marcas
1275 3778 1354 3830 cunr
1389 3758 1512 3829 media.
1556 3757 1717 3829 Confluat
1744 3777 1820 3829 cum
1951 3738 1965 3747 '¹

267 3877 666 3978 Nyegoslawicze,
692 3878 996 3970 Wrocirzisz,
1022 3877 1430 3970 Oppatbkowicze.

370 4000 674 4091 Waozrnnrcza,
709 4000 793 4072 villa
828 4001 894 4073 sub
929 4001 1097 4092 parocbIa·
1122 4000 1165 4073 de
1191 4001 1464 4092 Pobyednilr
1489 4001 1577 4092 sita,
1612 4001 1710 4072 cuius
1737 4021 1820 4092 pro·
1874 3982 1878 3989 ¹

267 4122 400 4210 prietes
418 4122 462 4193 ad
480 4122 729 4194 monasterium
756 4120 923 4193 Clarae
951 4121 1146 4194 Tumbae
1173 4116 1464 4212 alias-Mogila
1491 4123 1652 4212 pertinet.
1693 4121 1734 4193 In
1752 4143 1821 4212 qua

269 4249 350 4314 sunt
376 4249 526 4332 quatuor
551 4243 643 4313 lanei
670 4242 914 4332 cmetbonales,
940 4247 976 4313 et
1003 4242 1151 4333 quilibet
1176 4242 1281 4327 soluit
1306 4263 1372 4331 pro
1396 4262 1503 4315 censu
1531 4263 1633 4313 unam
1660 4262 1822 4331 marcam3

271 4364 354 4434 item
395 4385 460 4434 ova
499 4364 698 4454 sexaginta,
737 4363 820 4435 Item
860 4362 970 4455 gallos
997 4364 1104 4453 duos;
1143 4363 1225 4435 item
1266 4383 1385 4437 casem
1425 4385 1494 4435 non
1537 4364 1686 4435 solvunt.
1734 4363 1821 4435 Item

270 4484 545 4555 laborantduos
572 4484 709 4556 diesin
737 4485 930 4576 septimana
956 4484 999 4556 de
1025 4484 1143 4575 laneo,
1173 4485 1316 4576 proprio
1343 4505 1448 4557 sumu
1474 4491 1537 4555 aut
1562 4488 1691 4567 aratro,
1731 4483 1820 4555 Item
1898 4558 1903 4569 ,

171 4675 173 4680 ,
269 4603 449 4699 powobom
474 4605 645 4676 laborant.
692 4604 780 4677 Item
807 4626 944 4700 oaezycp
973 4605 1131 4695 solvunt,
1159 4605 1245 4677 duas
1272 4625 1453 4699 mensuras
1479 4604 1627 4694 siliginIs
1653 4610 1692 4675 et
1717 4625 1822 4675 unam

268 4746 399 4796 avenae
434 4732 471 4795 et
497 4732 647 4815 quatuor
687 4746 838 4816 grossos.
878 4726 965 4798 Item
1002 4726 1221 4798 hortulaniae
1248 4732 1415 4817 quatuor,
1442 4726 1611 4818 habentes
1637 4744 1760 4815 agros,
1786 4731 1823 4796 et

270 4846 313 4917 de
331 4847 489 4919 omnibus
508 4846 699 4919 decimatur
717 4846 891 4938 manipulo
919 4848 955 4919 in
973 4847 1254 4938 Pobyeonin.
1294 4847 1383 4919 Item
1408 4846 1571 4936 tabenna,
1598 4866 1668 4918 una
1686 4847 1818 4918 habens

269 4987 382 5059 agros,
409 4975 445 5040 et
463 4969 568 5041 solvit
586 4989 688 5041 unam
716 4988 877 5041 marcam.
906 4968 1005 5041 Item
1031 4967 1212 5058 praedium
1239 4969 1438 5041 coenobirale
1465 4975 1520 5041 est
1537 4968 1572 5039 in
1589 4967 1712 5041 eadem
1730 4967 1821 5058 villa,

270 5089 313 5160 de
340 5090 438 5162 cuius
473 5091 568 5180 agris
604 5090 851 5161 monasterium
887 5090 930 5161 de
966 5085 1141 5179 Mogila
1172 5089 1326 5180 'percipit
1361 5089 1538 5163 decimam.
1578 5088 1666 5161 ltem
1702 5109 1822 5161 omnes

271 5213 347 5300 agri
366 5212 467 5283 villae
486 5213 627 5284 solvunt
645 5218 681 5283 et
665 5211 895 5283 ttconducun
913 5211 1081 5282 decimam
1098 5210 1349 5301 manipularem
1367 5216 1403 5282 et
1420 5211 1629 5337 canapalem,
1656 5209 1821 5282 ecclesiae

272 5333 308 5403 ln
335 5331 630 5425 Pobyednyk,
665 5338 702 5404 et
686 5333 828 5404 tvalor
864 5333 938 5409 eius
965 5332 1172 5404 aestimatur
1207 5332 1252 5404 ad
1278 5333 1429 5424 quinque
1455 5353 1609 5421 marcas,
1637 5330 1823 5421 aliquanto
1910 5354 1913 5361 ’

272 5453 519 5527 adduodecim
544 5454 794 5528 Confinatoum
822 5453 1051 5546 Oarnyow,
1070 5448 1225 5526 Gorka
1230 5453 1573 5545 ,Tropysszom
1592 5450 1853 5525 canticam
1871 5422 1968 5573 p·

377 5574 595 5666 Paznwosz,
632 5576 715 5647 villa
750 5576 815 5648 sub
843 5575 1008 5666 parochia
1039 5576 1205 5647 ecclesiae
1231 5575 1276 5647 de
1303 5574 1479 5664 Mogila
1505 5574 1592 5664 sita,
1619 5573 1717 5645 culus
1742 5570 1824 5671 pr'd·
1904 5528 1933 5639 ·’,

272 5696 402 5785 prietas
438 5696 482 5767 ad
510 5697 756 5768 monasterium
796 5695 1001 5785 Mogilae
1028 5697 1190 5786 pertinet
1229 5696 1269 5768 In
1297 5717 1366 5786 qua
1392 5715 1461 5767 non
1488 5700 1571 5767 sunt
1598 5666 1705 5785 aliqui
1729 5692 1822 5765 lanei

274 5817 526 5907 cmetbonales,
553 5817 613 5889 sed
640 5817 859 5891 hortulaniae
886 5822 982 5907 octo,
1017 5824 1054 5889 et
1081 5818 1257 5907 quaelibet
1280 5816 1388 5888 solvit
1414 5836 1477 5907 pro
1505 5836 1620 5887 annuo
1647 5834 1753 5887 censu
1779 5812 1822 5886 de
1892 5902 1895 5907 Ι

273 5938 393 6028 domo,
430 5959 533 6010 unam
559 5958 710 6013 marcam
739 5960 816 6010 curn
843 5937 1003 6028 dimidia,
1034 5945 1071 6010 et
1098 5940 1200 6010 etiam
1228 5939 1364 6010 ratione
1387 5938 1603 6028 ,piscaturae
1642 5936 1731 6008 Item
1758 5928 1824 6008 oda
1872 6000 1903 6027 ,.

273 6081 342 6131 non
378 6059 534 6150 solvunt,
569 6060 651 6132 item
687 6060 799 6151 gallos
834 6080 922 6147 non,
958 6059 1041 6129 item
1079 6079 1199 6131 caseos
1232 6045 1301 6130 non
1341 6058 1501 6147 solvunt3
1536 6059 1620 6130 item
1638 6054 1826 6153 mabam
1869 6002 1921 6117 κ

272 6180 452 6270 laborant,
488 6182 571 6252 item
606 6203 742 6277 osezpep
779 6202 847 6253 non
876 6180 968 6251 dant
1008 6179 1096 6253 Item
1127 6182 1274 6253 taberna
1304 6201 1381 6253 una.
1400 6180 1533 6252 habens
1560 6184 1682 6271 prata,
1720 6162 1841 6251 soldr'

275 6301 361 6375 duas
395 6323 530 6375 marcas
566 6323 629 6394 pro
665 6323 778 6385 censu.
826 6303 914 6373 Item
950 6300 1144 6376 hortulani.
1162 6322 1232 6377 uon
1265 6306 1357 6373 suut
1405 6301 1494 6373 Item
1527 6300 1690 6375 laborant
1722 6300 1826 6393 pede·

273 6430 366 6496 stres
402 6423 487 6497 dicti
522 6404 714 6514 hortulum,
751 6423 891 6515 quando
917 6424 968 6496 eis
993 6423 1190 6511 mandatur.
1223 6422 1312 6496 Item
1338 6422 1521 6515 praedium
1545 6443 1614 6495 non
1641 6429 1715 6515 est,
1736 6422 1825 6503 item
