4217 8059
1743 1503 1817 1575 421

264 1700 342 1772 lvo
378 1706 494 1773 tamen
530 1700 769 1774 cracoviensis
806 1685 1006 1795 episcopus,
1042 1702 1196 1775 eiusdem
1232 1703 1398 1790 Vislai,
1419 1706 1556 1777 comitis
1584 1712 1752 1795 cognatus
1781 1715 1817 1780 et

263 1823 496 1912 propinqum,
532 1828 568 1893 et
603 1844 644 1893 ex
680 1822 800 1895 eadem
835 1824 1015 1896 nobilitate
1051 1832 1089 1895 et
1124 1823 1255 1896 familia
1289 1823 1605 1898 Odrowansch
1634 1827 1817 1916 ingenuam

264 1941 393 2014 duceus
429 1945 594 2034 stirpem,
621 1944 787 2016 antidono
823 1944 1004 2016 excedenti
1040 1944 1090 2015 illi
1127 1946 1360 2035 respondens,
1388 1934 1580 2036 dotemque
1609 1951 1818 2020 monasterio

267 2063 423 2152 praefato
461 2085 523 2153 per
559 2064 654 2135 illum
691 2065 808 2137 datum
845 2064 937 2134 villis
964 2066 1035 2135 suis
1071 2067 1389 2155 patrimonialibus,
1418 2067 1596 2138 videlicet:
1622 2067 1819 2158 Kouska,

267 2182 394 2255 Stari
422 2184 751 2275 Odrowanscb,
779 2184 999 2274 (losniam
1026 2186 1392 2279 Nyeszwyeuye,
1420 2187 1819 2279 Modlyszowicze,

266 2302 494 2378 Kazanou
522 2314 559 2378 ot
586 2306 756 2396 Popow,
783 2328 901 2378 crassa
928 2308 1165 2379 vicissitudine
1184 2328 1458 2398 recompensans,
1477 2309 1589 2398 ipsum
1609 2310 1819 2383 Vislaum

266 2427 434 2498 etlilium
463 2450 560 2499 suum
589 2428 880 2517 Dobeslaum,
908 2428 1141 2518 praelatarum
1171 2429 1329 2500 villarum
1355 2434 1558 2519 perpetuum
1578 2432 1720 2522 reliquit
1737 2433 1818 2502 bae·

266 2551 393 2637 redem,
421 2551 473 2619 ius
501 2548 731 2638 fundationis,
758 2549 948 2620 dotationis
976 2557 1011 2620 et
1038 2555 1263 2640 patronatus,
1290 2552 1550 2641 praemiumque
1577 2553 1819 2624 retributionis

266 2676 426 2742 aeternae
454 2672 655 2741 monasterii
694 2670 858 2761 praelati,
886 2672 961 2761 ipso
989 2670 1152 2742 Vislan
1188 2673 1313 2743 comite
1341 2671 1485 2743 cedente
1512 2678 1547 2742 et
1573 2673 1820 2763 consentiente,

265 2792 301 2863 iu
329 2811 366 2862 se
393 2792 554 2883 suscepit,
582 2793 717 2882 sibique
753 2799 920 2882 perpetue
948 2793 1196 2882 appropriavit.
1233 2792 1300 2863 Hic
1328 2794 1444 2882 itaque
1474 2794 1552 2865 lvo
1579 2794 1819 2865 cracoviensis

238 2926 244 2937 ’
267 2914 449 3003 episcopus
476 2913 723 2983 monasterium
751 2911 944 3002 praelatum
965 2913 1000 2984 iu
1019 2911 1314 2984 Prandocuin
1342 2914 1502 3002 ampliori
1521 2913 1705 3003 deterunt
1724 2915 1822 3003 prior
1929 2974 1932 2981 .

267 3055 388 3124 parurn
426 3033 491 3102 sibi
528 3032 702 3103 sufficiens
729 3039 764 3102 et
791 3034 905 3103 tenuis
934 3034 1141 3121 videretur,
1157 3035 1404 3125 insigniturus·
1426 3056 1516 3104 auno
1544 3034 1682 3106 Domini
1713 3036 1821 3106 1222.

191 3140 196 3153 '
266 3154 487 3243 pontificatus
514 3152 567 3222 sui
595 3173 685 3222 anno
713 3159 845 3243 quarto,
874 3153 1043 3242 quaedam
1072 3155 1163 3225 bona
1189 3161 1225 3226 et
1251 3146 1415 3226 introitus
1433 3155 1468 3225 in
1488 3155 1573 3227 illud
1592 3155 1727 3227 confert
1743 3156 1820 3226 iure

266 3276 413 3364 petroni,
442 3272 609 3364 quaedam
637 3295 721 3344 vero
749 3275 823 3345 iure
850 3274 1057 3365 episcopali,
1084 3280 1120 3345 et
1156 3278 1231 3346 iure
1268 3276 1407 3366 quidem
1444 3277 1633 3367 episcopali
1666 3276 1820 3366 capitulo
1919 3260 1926 3275 ’

268 3396 522 3483 consentiente,
558 3396 600 3466 de
638 3396 921 3487 quinquagesima
957 3397 1177 3486 episcopatus
1213 3398 1286 3486 sui,
1313 3397 1420 3467 donat
1453 3396 1505 3467 illi
1533 3397 1657 3487 viginti
1684 3416 1819 3467 marcas

267 3518 346 3606 puri
373 3517 517 3606 argenti,
554 3524 590 3588 et
626 3517 747 3607 viginti
784 3517 918 3589 modios
945 3518 1158 3607 episcopales
1185 3519 1219 3587 iu
1247 3512 1380 3607 grano,¹
1404 3517 1447 3587 de
1474 3518 1603 3607 quibus
1626 3538 1669 3588 ne
1697 3519 1732 3588 iu
1759 3537 1820 3606 po
1890 3501 1899 3509 ⁶

267 3644 396 3709 sterum
425 3644 544 3728 posset
571 3638 768 3709 differentia
794 3638 1025 3710 cavillationis
1052 3640 1213 3726 suboriri,
1241 3640 1364 3728 viginti
1392 3639 1525 3710 modios
1552 3638 1766 3729 episcopales
1785 3638 1820 3707 iu

267 3781 387 3849 grano,
415 3760 450 3828 in
477 3759 619 3829 decimis
647 3760 751 3830 certis
777 3765 815 3835 et
841 3759 929 3849 lixis,
957 3753 1098 3829 mensae
1125 3781 1208 3831 suae
1236 3760 1442 3851 episcopalis
1469 3761 1504 3830 in
1532 3759 1633 3849 villis,
1660 3757 1821 3831 videlicet

267 3879 630 3970 deunsicilicus,
658 3880 970 3969 Szmrokowa,
999 3881 1302 3971 Wanszirow,
1330 3880 1642 3969 Obelowicze,
1670 3899 1759 3970 quae
1785 3880 1821 3951 in

267 4021 376 4090 grano
403 4001 446 4071 de
473 4002 597 4091 viginti
625 4002 748 4073 modiis
776 4003 1029 4094 episcopalibus
1057 4002 1156 4074 aunis
1183 4002 1328 4092 siugulis
1350 4002 1538 4092 episcopali
1556 4022 1695 4074 mensae
1713 4002 1822 4073 ratio·
1934 4064 1939 4071 .

267 4143 311 4197 ue
337 4121 510 4209 decimae3
537 4123 619 4192 item
652 4122 803 4193 decimas
830 4122 1062 4213 manipulares
1091 4124 1124 4193 iu
1144 4123 1236 4193 villis
1255 4122 1700 4212 Monyaczlrowicze,
1720 4122 1821 4193 Lan·

270 4242 396 4311 karra
423 4241 596 4331 Jacobi,
623 4243 853 4315 Lankena
879 4243 1097 4331 Martini,
1126 4243 1442 4332 Przysanyorr,
1469 4241 1821 4313 Clemenczicze

270 4368 307 4430 et
334 4359 710 4452 Kopruywnicze,
739 4384 827 4452 quae
855 4363 896 4433 de
925 4364 1047 4454 viginti
1076 4364 1203 4439 marcis
1221 4365 1301 4453 puri
1319 4363 1455 4453 argenti
1474 4362 1663 4452 episcopali
1682 4382 1819 4433 mensae

270 4503 335 4572 pro
371 4482 503 4552 decima
540 4485 639 4553 annis
676 4484 832 4572 siugulis.
857 4484 1133 4575 respondebant,
1161 4484 1194 4554 in
1223 4489 1352 4555 sortem
1389 4504 1492 4553 unam
1520 4484 1554 4555 in
1581 4488 1680 4553 terra
1705 4481 1823 4552 Sancti

269 4601 474 4674 Veuczeslai
502 4604 657 4695 vicinam,
684 4606 836 4676 claustro
863 4606 1038 4695 erigendo,
1066 4606 1276 4695 assignabat,
1304 4606 1379 4676 inre
1406 4625 1488 4675 vero
1516 4603 1654 4693 patroni
1681 4601 1823 4673 invilla

270 4722 575 4815 Pranducziu,
603 4727 657 4797 ius
688 4732 895 4816 patronatus
922 4726 1026 4798 trium
1055 4726 1341 4816 praebendarum,
1367 4725 1499 4796 fructus
1527 4745 1610 4795 vero
1637 4730 1674 4794 et
1701 4723 1823 4794 introi·

270 4850 326 4922 tus
353 4867 470 4917 earum
499 4847 574 4918 iure
601 4848 752 4937 episcopi
780 4849 815 4918 iu
844 4847 972 4918 dictum
999 4848 1244 4919 monasterium
1265 4845 1440 4919 transfert.
1468 4847 1555 4917 Item
1579 4845 1705 4934 villam,
1724 4865 1823 4935 prae·

272 4965 364 5039 dium
383 4975 418 5039 et
436 4968 686 5040 haereditatem
706 4973 885 5058 paternam
904 4968 1120 5058 Mogilam
1140 4989 1255 5058 supra
1272 4968 1412 5040 fluvium
1431 4966 1611 5058 Dlubny
1623 4987 1687 5037 am
1711 4967 1823 5052 sitam,

272 5066 348 5161 cum
376 5091 468 5160 orum
496 5091 709 5181 proprietate
737 5101 773 5161 et
800 5089 969 5182 dominio,
997 5091 1078 5161 item
1114 5068 1244 5161 fontem
1273 5088 1361 5159 salis
1384 5089 1533 5161 adeum
1557 5086 1636 5159 ¹iure
1662 5086 1822 5159 haeredi·

272 5211 363 5281 tario
391 5212 639 5301 pertinentem,
667 5219 835 5303 perpetua
866 5213 1053 5283 donatione
1090 5210 1264 5300 resignat,
1292 5230 1354 5299 per
1380 5209 1627 5280 morrasterium
1655 5214 1823 5299 perpetuo

273 5330 490 5419 possidenda
517 5331 586 5403 Pro
614 5333 780 5431 aedificiis
808 5353 890 5404 vero
917 5339 955 5403 et
981 5331 1137 5422 officinis,
1164 5332 1288 5422 quibus
1315 5330 1436 5403 domus
1455 5329 1665 5401 coenobialis
1682 5329 1824 5417 indiget,

273 5450 365 5521 infra
390 5452 594 5545 triennium,
622 5459 794 5525 trecentas
822 5474 955 5524 marcas
983 5454 1062 5544 puri
1089 5448 1243 5542 argenti,
1271 5451 1502 5543 quadraginta
1527 5451 1647 5540 boves,
1673 5449 1821 5540 quadra·

273 5573 373 5663 ginta
398 5593 529 5665 vaccae,
556 5581 732 5647 trecentas
759 5596 859 5666 oves,
887 5596 962 5649 cum
991 5575 1137 5673 tptidem
1164 5573 1333 5662 foetibus,
1361 5572 1483 5659 viginti
1510 5576 1584 5681 tres
1611 5570 1712 5660 salis,
1740 5590 1824 5658 qua·

273 5686 436 5784 draginta
461 5716 568 5767 urnas
594 5697 714 5785 mellis,
742 5697 934 5786 sexaginta,
951 5697 1085 5767 modios
1116 5694 1349 5786 episcopales,
1379 5698 1516 5763 centum
1546 5692 1715 5781 ligaturas
1741 5689 1823 5761 ferri
1940 5774 1942 5781 Ι

274 5836 311 5905 se
338 5815 510 5907 daturum,
538 5818 567 5889 si
594 5818 668 5889 vita
695 5819 834 5889 iuterim
862 5816 1052 5907 frueretur,
1075 5815 1270 5906 spopondit¹
1287 5820 1323 5885 et
1340 5813 1525 5903 inscripsit
1553 5811 1685 5883 Videns
1704 5817 1818 5883 antem

273 5957 382 6029 prope
409 5937 526 6007 villam
561 5936 780 6028 Mogilam
817 5937 928 6008 locum
965 5938 1134 6030 aptiorem
1162 5956 1227 6026 pro
1254 5934 1465 6006 monasterio
1492 5933 1589 6022 lorea
1612 5932 1722 6022 priori
1748 5932 1823 6000 loco

272 6058 441 6150 neglecto,
468 6060 714 6131 monasterinm
742 6080 867 6133 novum
896 6059 931 6131 in
951 6059 1060 6148 pratis
1080 6058 1181 6129 villae
1201 6056 1378 6147 praelatae
1396 6053 1701 6145 Mogilalocat,
1719 6052 1822 6139 erigit

274 6184 310 6251 et
334 6200 425 6250 anuo
454 6179 592 6251 Domini
623 6181 731 6252 1226.
759 6179 802 6252 de
828 6180 972 6252 consilio
999 6187 1035 6250 et
1062 6179 1313 6251 ratihabitione
1341 6177 1394 6247 sui
1413 6175 1556 6266 capituli
1576 6171 1823 6259 Gracovieusis,
1920 6190 1923 6195 ¹

273 6300 521 6375 monasterium
556 6300 602 6370 de
636 6299 862 6373 Kaozicze
879 6336 882 6340 ⁴
898 6289 1127 6390 transferens
1155 6297 1402 6371 monasterium
1430 6316 1554 6366 norum
1582 6295 1617 6365 in
1644 6291 1823 6382 Mogila

272 6444 381 6514 prope
407 6423 535 6494 fluenta
561 6420 724 6495 Vislae
749 6421 795 6493 ad
820 6421 933 6497 locum
959 6422 1102 6493 uberem
1129 6426 1166 6494 et
1191 6418 1308 6491 multis
1335 6414 1636 6489 commoditatibus
1654 6413 1821 6485 refertum

563 6626 634 6651 fi..

559 6710 588 6729 v!
658 6678 704 6706 *⁶

528 6750 649 6855 θ’
688 6770 711 6793 ’”

558 6836 622 6905 'tp'
