4217 8059
279 1463 354 1580 arc
430 1425 435 1436 ’

167 1706 175 1719 ·
280 1676 366 1749 Item
394 1674 535 1746 decima·
552 1668 945 1769 manipulariqselvitur
971 1674 1007 1740 et
1033 1668 1211 1742 inducitur
1230 1669 1265 1739 iu
1284 1669 1447 1739 borreum
1498 1688 1539 1769 ro
1566 1666 1728 1757 episcopo
1747 1663 1831 1737 Cru-

279 1796 448 1883 curiensi,
475 1802 511 1865 et
537 1792 636 1864 valor
670 1782 745 1863 blus
770 1790 984 1887 aestimatur
1020 1790 1065 1863 ad
1092 1791 1243 1882 quinque
1271 1809 1413 1860 marcas.
1458 1688 1546 1858 ilem
1573 1787 1708 1858 ratione
1735 1807 1830 1881 occup
1897 1797 1928 1835 '·

278 1915 385 1987 solvit
410 1913 557 2005 quilibet
583 1934 686 1984 unam
714 1911 873 2003 siliginis,
899 1917 936 1984 at
952 1910 1189 2011 duas···aveuae
1215 1930 1395 1981 mensuras
1422 1898 1604 1996 confertae,
1626 1912 1662 1977 et
1680 1912 1830 1997 quatuor
1881 1914 1886 1919 '

278 2054 428 2126 messos.
472 2034 560 2105 Item
587 2033 767 2123 praedium
795 2054 864 2105 nou
891 2038 954 2122 est,
981 2022 1307 2129 nequqssseoltetm,
1335 2049 1446 2119 neque
1474 2028 1692 2116 hortularia,
1720 2047 1831 2117 neque

261 2146 437 2228 'taberna
464 2153 624 2228 Gonfiuat
641 2207 757 2225 .....
1766 2143 1775 2149 ’

382 2273 649 2349 Koszrrmowa
662 2273 820 2364 illotus,
848 2273 930 2345 villa
948 2273 1013 2345 sub
1031 2270 1199 2364 parochia
1225 2272 1389 2343 ecclesiae
1416 2271 1460 2341 de
1487 2269 1724 2341 Lanczsko
1753 2269 1831 2359 sita,

281 2398 378 2469 cuius
404 2395 601 2486 proprietas
628 2395 672 2466 ad
699 2395 978 2466 sanctimoniales
1007 2395 1168 2484 pertinet.
1195 2394 1236 2465 In
1261 2414 1328 2483 qua
1346 2396 1427 2464 sunt
1454 2392 1605 2481 quinque
1633 2390 1724 2462 lanei
1743 2410 1833 2462 crue·

279 2516 457 2605 mortales,
484 2515 527 2588 de
555 2516 680 2606 quibus
706 2516 811 2588 etiarn
838 2514 1024 2587 secundum
1040 2540 1042 2547 ·
1061 2515 1293 2605 quantitatem
1322 2534 1483 2605 agrorum
1511 2532 1634 2584 census
1661 2511 1832 2583 diversifi-
1955 2500 1960 2509 “

164 2724 171 2734 ,
281 2645 389 2709 catur.
432 2636 521 2719 Item
548 2636 710 2719 laborant
730 2634 931 2731 pometum,
958 2635 1042 2707 item
1070 2635 1155 2707 daut
1180 2656 1285 2707 uuum
1312 2633 1462 2725 gallum,
1489 2632 1614 2723 viginti
1642 2645 1723 2745 qva
1745 2632 1832 2703 duos

282 2777 410 2829 caseos.
436 2756 523 2831 Iteru
549 2757 727 2848 tabernae,
754 2758 838 2829 item
865 2755 1053 2844 hortuloui3
1080 2757 1163 2827 item
1191 2755 1371 2846 praedium
1400 2774 1468 2825 uon
1494 2759 1549 2824 est
1574 2752 1632 2823 ibi.
1664 2752 1752 2823 Item
1779 2757 1835 2825 est
1956 2796 1959 2805 ‹

228 2938 251 2974 ·.
282 2877 331 2948 ibi
357 2876 524 2971 scultetus
550 2877 682 2951 babens
709 2898 814 2949 uuum
841 2876 977 2948 laneum
1006 2876 1168 2964 liberum,
1204 2876 1326 2966 etqui
1353 2875 1459 2946 babet
1488 2880 1624 2945 sertum
1652 2872 1833 2945 denarinnr

282 2997 325 3070 de
353 3017 467 3068 ceusu.
510 2997 598 3069 itam
626 2997 669 3069 de
696 2998 856 3069 omuibus
884 2998 978 3088 agris
1004 2997 1216 3075 solvituret
1242 2995 1420 3068 inducitur
1445 2994 1578 3066 decimu
1605 2992 1832 3085 manipularis

283 3124 319 3191 et
345 3117 521 3208 canapaIIs
547 3137 611 3208 pro
638 3117 800 3209 episcopo
828 3116 1064 3208 cracoviensi,
1082 3124 1128 3189 et
1154 3117 1253 3189 valor
1279 3117 1354 3189 eius
1381 3116 1585 3188 aestImatur
1611 3114 1657 3186 ad
1683 3115 1833 3206 quinque

281 3258 426 3312 marcas.
445 3240 449 3251 ’
468 3239 555 3310 Item
583 3239 720 3311 ratione
745 3261 843 3334 oazep
869 3239 975 3311 solvit
1009 3238 1156 3330 quilibet
1190 3259 1294 3310 uuam
1329 3236 1478 3327 siliginis
1514 3241 1550 3307 et
1583 3235 1669 3308 duas
1703 3254 1835 3306 avenae

283 3379 464 3434 mensuras
492 3358 676 3449 confertas,
703 3365 740 3431 et
765 3365 916 3452 quatuor
941 3378 1092 3450 grossos.
1118 3357 1279 3430 Confluat
1298 3412 1412 3428 .....
1746 3434 1750 3441 ,

389 3480 581 3569 Krossaie,
608 3480 692 3551 villa
718 3481 783 3553 sub
801 3481 967 3571 parochia
994 3480 1161 3552 ecclesiae
1187 3480 1231 3550 de
1258 3479 1497 3551 Lauczsko
1524 3479 1602 3568 sita,
1630 3479 1728 3574 cuius
1754 3496 1835 3567 pro-

284 3603 416 3694 prietas
443 3600 487 3672 ad
515 3601 792 3676 sanctimoniales
820 3601 981 3691 pertinet
1007 3600 1047 3672 In
1067 3621 1135 3691 qua
1152 3606 1234 3672 suut
1251 3599 1445 3691 quindecim
1473 3598 1564 3670 lanei
1591 3597 1839 3685 curetbonales3

284 3722 367 3793 iteru
395 3721 442 3791 ibi
470 3741 593 3793 census
620 3720 872 3793 diversificatur
898 3721 1086 3793 secuudum
1115 3722 1343 3812 quantitatem
1373 3740 1553 3811 agrorum3
1589 3719 1672 3790 item
1699 3701 1837 3823 ratione

246 3842 251 3854 ’
284 3864 379 3936 osaqr
405 3847 443 3913 et
468 3862 637 3935 oproarm
665 3841 770 3912 solvit
797 3841 942 3931 quilibet
967 3862 1071 3914 unam
1091 3841 1248 3932 siliginis
1276 3841 1361 3913 duas
1389 3828 1526 3912 avenae
1546 3860 1727 3912 mensuras
1754 3859 1835 3911 oon·

285 3960 411 4050 fertus,
438 3940 487 4032 et
501 3966 651 4052 quatuor
677 3981 827 4051 grossos.
871 3960 958 4034 Item
987 3983 1054 4033 uon
1084 3961 1222 4033 solvunt
1247 3961 1377 4052 gallos,
1414 3981 1525 4052 neque
1553 3945 1695 4050 caseos,¹
1724 3978 1837 4050 neque

286 4102 361 4172 ova,
387 4082 470 4153 item
497 4080 583 4152 nibil
610 4081 779 4153 laborant
823 4082 912 4154 Item
939 4088 994 4154 est
1020 4081 1070 4154 ibi
1097 4081 1264 4155 scoltetus
1297 4083 1427 4154 babens
1454 4102 1559 4153 unum
1585 4080 1722 4153 laneum
1749 4079 1836 4152 libe·

285 4223 372 4292 rum,
399 4202 506 4274 babet
532 4188 637 4274 etiam
666 4208 799 4275 sextum
827 4203 1006 4308 denarium
1034 4184 1081 4276 de
1104 4218 1219 4275 censue
1246 4204 1332 4277 Item
1360 4209 1416 4274 est
1441 4203 1491 4274 ibi
1517 4202 1665 4278 taberna
1690 4200 1838 4273 scolteti.

285 4322 373 4395 Item
400 4345 489 4396 uuus
516 4323 732 4414 hortulanus,
759 4328 796 4395 et
821 4323 1065 4397 molendinum.
1101 4324 1189 4396 Item
1216 4324 1364 4397 solvitur
1391 4323 1523 4396 decima
1550 4321 1776 4414 manipularis
1801 4326 1840 4407 ct

286 4444 462 4518 inducitur
499 4466 563 4535 pro
598 4444 761 4535 episcopo
788 4442 1029 4533 cracoviensi,
1070 4445 1168 4516 cuius
1205 4445 1302 4517 valor
1339 4446 1543 4517 aestimatur
1570 4443 1615 4516 ad
1643 4440 1840 4534 quindecim
1915 4454 1918 4463 '

286 4584 431 4637 marcas.
457 4563 618 4636 Confinat
636 4619 751 4637 .....
988 4570 991 4579 ’
1073 4628 1081 4637 .

389 4685 631 4775 arwinum,
667 4684 750 4771 uilla
775 4687 841 4758 sub
868 4687 1033 4776 parocbia
1060 4686 1103 4759 de
1131 4686 1372 4758 Lanczslro
1399 4687 1480 4775 sita,
1517 4685 1614 4757 cuius
1642 4684 1840 4776 proprietas

287 4808 441 4897 pertinet
475 4806 520 4878 ad
547 4806 827 4878 sanctimoniales
863 4806 1100 4898 Antiquae
1136 4801 1354 4880 Sau'decz.
1397 4807 1436 4879 lu
1465 4828 1533 4898 qua
1569 4813 1651 4878 sunt
1688 4810 1839 4897 quatuor
1954 4858 1960 4868 .

286 4926 379 4998 lanei
406 4926 650 5019 cmetbonales,
677 4933 715 4998 et
742 4926 888 5018 quilibet
914 4927 1020 5000 solvit
1047 4949 1111 5018 pro
1130 4917 1235 5001 ceusu
1262 4927 1448 5000 secuudum
1467 4928 1707 5019 quantitatem
1736 4947 1840 5017 agro·

287 5067 374 5135 rum,
401 5047 484 5116 item
511 5068 616 5118 unum
643 5046 783 5139 gallum,
810 5048 897 5121 duos
924 5069 1052 5139 caseos,
1081 5050 1204 5139 viginti
1232 5044 1335 5137 ova3'¹
1343 5050 1426 5120 item
1455 5069 1557 5120 uuam
1578 5045 1763 5143 putatam
1790 5046 1840 5117 la·

288 5167 416 5239 borant
441 5188 506 5257 pro
533 5188 632 5257 vere,
667 5170 814 5240 alteram
840 5190 905 5260 pro
932 5170 1065 5261 byeme.
1109 5169 1196 5273 Item
1223 5171 1358 5242 ratione
1385 5191 1522 5264 ocemont
1559 5168 1840 5259 solvit·quilibct

289 5309 391 5360 uuam
428 5287 576 5379 siliginis
602 5280 639 5361 et
665 5289 752 5362 duaa
786 5310 918 5364 avenae
955 5312 1136 5364 mensuras
1172 5291 1352 5364 mulertas.
1396 5291 1484 5362 Item
1520 5276 1671 5382 quatuor
1697 5308 1839 5380 grossos

160 5390 165 5474 Ϊ
289 5409 423 5480 ratione
449 5432 617 5504 optem.
644 5410 731 5482 ltem
759 5411 937 5501 tabernae,
964 5413 1048 5484 item
1067 5413 1295 5503 hortulaniae‚
1322 5414 1404 5483 item
1432 5412 1622 5503 praedium
1651 5412 1733 5483 item
1752 5407 1841 5480 scol·

288 5530 375 5600 tutia
401 5552 468 5602 nou
497 5538 559 5603 est.
587 5530 674 5603 Item
702 5534 871 5604 minorem
899 5540 1034 5622 partem
1063 5553 1105 5604 ex
1134 5534 1199 5604 hac
1220 5533 1304 5605 uilla
1322 5533 1473 5605 decimae
1500 5532 1735 5623 manipularis,
1761 5551 1840 5622 per-

259 5652 375 5742 cipit
408 5654 590 5743 episcopus
617 5651 875 5753 (iracoriensis,
906 5655 1021 5733 ¹maior
1047 5674 1132 5726 uero
1168 5675 1250 5745 pars
1286 5656 1390 5727 etiam
1426 5647 1580 5725 decimae
1616 5651 1840 5743 manipularis

288 5771 436 5865 soluitur
462 5793 526 5863 pro
554 5775 764 5845 monasterio
792 5775 1104 5855 sanctimonialium
1133 5774 1428 5848 Saudeezeusium.
1456 5772 1828 5847 Conductum...

385 5893 614 5984 ¹Zacorum,
649 5895 732 5967 villa
757 5896 822 5969 sub
848 5896 1014 5986 parocbia
1050 5896 1093 5969 de
1121 5897 1360 5969 Lanczsko
1396 5896 1482 5985 sita,
1519 5895 1617 5968 ouius
1644 5892 1842 5986 proprietas

289 6014 442 6104 pertinet
469 6017 512 6087 ad
539 6017 785 6087 monasterium
822 6017 1135 6089 sanctimonialium
1168 6017 1464 6090 Saudeezeusium.
1508 6014 1550 6086 In
1577 6036 1644 6106 qua
1669 6018 1754 6086 sunt
1779 6030 1841 6085 aex

103 6214 105 6219 ,
288 6134 380 6207 lanei
416 6137 668 6225 emetbonales,
704 6143 741 6209 et
778 6137 903 6210 solutio
939 6161 1063 6211 census
1099 6138 1352 6211 diversificatur
1387 6136 1573 6209 secundum
1610 6135 1842 6227 quantitatem
1935 6194 1938 6201 .

100 6234 106 6247 ¹
289 6276 460 6346 agrorum,
473 6265 522 6330 ut
549 6259 653 6330 solvit
679 6259 825 6350 quilibet
853 6282 956 6331 uuum
983 6261 1132 6352 gallum,
1160 6260 1247 6332 duos
1274 6279 1394 6329 caseos
1421 6265 1457 6329 et
1481 6258 1606 6347 viginti
1634 6278 1709 6327 ova.
1752 6255 1842 6327 Item

290 6397 393 6449 unam
413 6377 598 6473 powoburu¹
624 6380 786 6452 laborant
812 6402 987 6471 provere,
1015 6382 1159 6453 alteram
1187 6400 1251 6471 pro
1270 6380 1402 6472 hyeme.
1429 6378 1517 6449 Item
1545 6354 1680 6449 ruilione
1703 6396 1862 6497 ocazpcp¹
