4217 8059
178 1467 389 1571 412⁸

420 1677 547 1748 Srnan
565 1674 707 1765 Wrasz,
735 1676 818 1748 'villa
834 1679 898 1750 snb
917 1676 1083 1767 parochia
1100 1677 1266 1767 eeclesiae
1285 1676 1328 1746 de
1347 1674 1440 1746 Bon
1451 1675 1633 1747 aedona
1659 1674 1738 1763 sita,
1766 1673 1863 1745 cuins

315 1798 511 1888 proprietas
546 1803 583 1868 et
609 1797 795 1868 dominium
826 1797 877 1868 'ad
903 1796 1097 1869 iohannem
1132 1797 1177 1871 de
1203 1797 1471 1889 Rythnuny,
1497 1784 1647 1866 nobilem
1683 1792 1725 1865 de
1758 1772 1863 1865 armis

271 1906 275 1911 ’
313 1917 337 1989 J
346 1902 781 2021 aetrzambo'zonnm·
813 1918 971 2007 pertinet.
1013 1918 1052 1989 In
1081 1938 1150 2007 qua
1175 1924 1258 1990 sunt
1283 1925 1357 1989 tres
1383 1900 1474 1987 lanei
1501 1914 1753 2003 emethonales,
1780 1915 1863 1985 item

313 2020 395 2109 sunt
429 2038 465 2109 in
493 2038 612 2109 eadem
649 2038 732 2109 villa
766 2038 1085 2110 tres'lrortulaniae
1121 2038 1288 2109 habentes
1315 2056 1438 2128 agros,
1473 2037 1558 2109 itam
1594 2042 1649 2107 est
1679 2036 1714 2105 in
1743 2034 1862 2107 eadem

314 2157 396 2228 villa
422 2178 491 2229 una
518 2160 665 2230 taberna
690 2159 794 2230 etiarn
821 2159 951 2230 habens
979 2172 1098 2248 agros3
1126 2159 1207 2229 item
1235 2159 1278 2229 de
1306 2158 1465 2229 omnibus
1491 2156 1585 2247 agria
1611 2164 1682 2227 tam
1711 2156 1863 2227 amatho-

314 2278 452 2353 nalibns
487 2300 588 2369 qnam
624 2280 887 2375 hortulanorum
938 2286 992 2374 et
1010 2280 1244 2351 tabernamris
1279 2279 1427 2351 solvitur
1472 2278 1605 2351 decima
1638 2252 1864 2367 manipularis

314 2398 480 2470 eooleeiae
507 2400 698 2471 coenobiali
725 2398 760 2470 in
789 2399 1082 2486 Banschowa,
1118 2406 1154 2471 et
1180 2400 1348 2471 inducunt
1383 2420 1458 2471 eam
1486 2399 1685 2471 cmetlrones
1712 2390 1864 2489 propriis

315 2519 474 2591 ourmbus
508 2520 544 2591 in
571 2520 734 2592 horreum
771 2542 792 2591 a
818 2521 933 2611 priore
960 2520 1162 2609 locandum,
1198 2516 1295 2593 cuius
1331 2520 1448 2609 valor,
1475 2519 1680 2592 aestimatur
1706 2518 1751 2590 ad
1778 2518 1864 2589 duas

314 2660 458 2713 mareas.
1051 2661 1053 2665 ·
1591 2698 1595 2705 .

396 2761 641 2853 ,annczom
676 2763 760 2835 villa
786 2764 852 2845 sub¹
876 2763 1044 2853 parochia
1071 2762 1235 2834 ecelesiae
1263 2761 1306 2834 de
1334 2761 1619 2834 Bansohowa
1644 2761 1731 2847 sita,
1767 2761 1865 2831 ouius

315 2883 511 2973 proprietas
538 2890 574 2954 et
592 2883 779 2955 dominium
807 2884 851 2955 ad
869 2884 1087 2974 magnifieum
1114 2876 1289 2956 dominum
1306 2882 1502 2955 iohannem
1529 2882 1572 2952 de
1598 2872 1877 2972 Rythnany,

315 3004 518 3075 marsaloum
554 2993 1048 3094 regniPoloniae,·1iobilem
1085 3004 1128 3074 de
1155 3005 1261 3074 armis
1296 2996 1587 3093 Ancipitrum
1615 3003 1777 3092 pertinet.
1822 3001 1862 3073 In

314 3145 383 3214 qua
417 3131 499 3196 sunt
533 3129 607 3196 tres
642 3124 732 3198 lanei
764 3125 1018 3213 amathonales,
1054 3125 1140 3196 item
1174 3125 1412 3212 hortulaniae,
1447 3124 1531 3196 item
1551 3124 1751 3211 tabernae,
1778 3124 1860 3195 item

317 3244 505 3335 praedium.
541 3245 636 3317 'Item
665 3246 798 3318 decima
824 3245 1047 3336 manipularis
1066 3251 1146 3336 post
1164 3266 1283 3316 ornnes
1309 3264 1412 3335 agros
1431 3244 1579 3316 solvitur
1604 3244 1771 3316 eeclesiae
1788 3262 1866 3315 aoe-

195 3466 200 3477 ,
314 3364 461 3459 nobiali,
489 3372 525 3436 et
550 3366 719 3438 inducunt
745 3388 819 3438 eam
847 3367 1045 3438 emethones
1073 3367 1224 3456 propriis
1260 3366 1419 3437 curribus
1446 3365 1482 3436 in
1509 3366 1672 3437 horreum
1701 3382 1722 3436 a
1748 3365 1865 3455 priore
1948 3388 1952 3392 ·

315 3485 516 3573 locandum,
543 3494 580 3556 et
608 3486 704 3558 valor
731 3488 805 3557 eius
832 3487 1037 3559 aestimatur
1065 3486 1109 3557 ad
1136 3486 1222 3557 duas
1249 3506 1392 3557 marcas.

423 3606 628 3695 Gznsrsrn,
665 3606 748 3678 villa
774 3608 838 3678 sub
866 3607 1030 3696 parochia
1065 3606 1228 3677 eeclesiae
1264 3605 1307 3676 de
1334 3606 1619 3677 Bansohowa
1645 3606 1733 3694 sita,
1769 3604 1866 3677 onius

315 3728 513 3818 proprietas
538 3727 584 3800 ad
601 3728 818 3818 magnifieum
847 3727 1022 3798 dominnm
1047 3726 1240 3799 iohannem
1269 3726 1312 3798 de
1340 3727 1553 3818 Rptuani
1575 3726 1674 3817 regni
1701 3726 1866 3798 Polnniae

313 3849 539 3938 marsalcum,
575 3848 618 3921 de
644 3849 750 3920 armis
777 3848 1088 3938 Accipitrum,
1124 3848 1285 3938 pertinet.
1324 3822 1366 3919 ln
1393 3867 1461 3937 qna
1489 3852 1571 3918 sunt
1598 3853 1747 3937 quatuor
1772 3846 1864 3918 lanei

257 3968 266 3977 '
315 3968 569 4056 emethonales,
594 3968 680 4040 item
706 3989 774 4039 non
802 3975 884 4039 sunt
909 3970 1092 4057 tabernae,
1119 3986 1193 4040 non·
1215 3975 1297 4040 sunt
1323 3968 1563 4056 hortulaniae,
1591 3988 1658 4039 non
1686 3973 1740 4038 est
1766 3986 1866 4057 prae-

203 4104 207 4109 ·
314 4088 428 4176 dium,
464 4088 547 4160 item
574 4089 707 4161 decima
739 4089 965 4179 manipularis
1000 4089 1147 4160 solvitur
1173 4110 1238 4179 pro
1264 4090 1476 4163 monasterio
1511 4089 1547 4173 in
1576 4088 1866 4176 Banaelroua,

311 4207 353 4278 tl:
377 4208 534 4281 omnibus
552 4211 646 4301 agris
664 4209 953 4297 memoralibus,
972 4214 1007 4279 et
1024 4207 1128 4280 induo
1152 4217 1192 4280 ut
1209 4230 1286 4281 eam
1308 4210 1507 4281 ometlrones
1526 4209 1677 4300 propriis
1704 4208 1863 4280 ourribns
2010 4234 2013 4240 ·

313 4329 350 4401 in
368 4314 541 4402 horreum
572 4352 585 4398 ,ι
616 4330 732 4420 priore
759 4329 956 4416 locandum,
984 4336 1020 4399 et
1047 4328 1146 4400 valor
1171 4330 1246 4401 eins
1273 4330 1323 4401 ad·
1344 4351 1447 4402 unam
1465 4346 1626 4402 'marcam
1653 4329 1866 4400 aestimatur.

419 4449 640 4539 Ornannsa,
679 4450 762 4521 villa
788 4450 851 4522 sub
879 4449 1046 4539 parochia
1073 4449 1237 4521 eeclesiae
1263 4452 1298 4521 in
1326 4450 1530 4540 Ozyrnin
1558 4452 1634 4540 sita,
1662 4451 1763 4522 auius·
1785 4470 1867 4540 pro·
2003 4526 2006 4531 ,

313 4572 445 4662 pristas
472 4577 508 4642 et
534 4571 722 4644 dominium
749 4570 794 4643 ad
819 4570 971 4643 nobilem
998 4570 1175 4642 dominum
1202 4573 1404 4644 marsaleum
1437 4570 1631 4644 Johaunem
1659 4571 1702 4642 de
1728 4569 1761 4642 R
1768 4572 1865 4663 yth·

314 4694 423 4763 waui
449 4692 610 4782 pertinet,
638 4692 786 4764 nobilem
814 4691 858 4762 de
876 4691 981 4762 armis
1009 4690 1309 4790 Ancipitrum.
1352 4692 1392 4763 In
1410 4714 1479 4782 qua
1496 4700 1579 4763 sunt
1597 4693 1755 4781 -quinque
1776 4691 1868 4762 lanei

313 4809 565 4900 antemurales,
592 4812 675 4882 item
703 4819 757 4883 est
782 4810 832 4884 ibi
858 4831 929 4883 nna
954 4812 1100 4883 taberna
1126 4811 1258 4883 habeus
1285 4830 1408 4901 agroo3
1435 4833 1505 4883 non
1532 4818 1613 4883 sunt
1639 4810 1867 4900 hortulaniae,

315 4954 382 5003 non
401 4939 455 5004 eet
478 4932 667 5022 praedium.
707 4932 795 5003 Item
813 4938 894 5022 post
906 4950 1030 5002 omues
1048 4942 1152 5021 agro
1171 4931 1320 5003 solvitur
1345 4930 1479 5003 decima
1496 4930 1721 5021 manipularis
1748 4950 1867 5001 mona-

314 5052 420 5125 sterio
456 5054 491 5123 in
528 5054 812 5125 Bansohowa
847 5058 883 5123 et
917 5051 1085 5123 inducunt
1119 5071 1196 5124 eam
1231 5046 1431 5123 amathones
1464 5050 1618 5142 propriis
1644 5050 1803 5122 curribus
1830 5051 1866 5121 in

315 5174 477 5245 horreum
505 5174 662 5264 apriore
687 5172 889 5260 locandum,
915 5177 952 5244 et
975 5173 1074 5245 valor
1100 5172 1175 5244 eius
1201 5172 1407 5245 aestimatur
1433 5172 1481 5244 ad·
1496 5172 1647 5269 quinque
1674 5190 1816 5243 marcae.

418 5292 673 5366 &nannenus
702 5294 881 5381 Wonrn,=·
898 5293 982 5364 nilla
1010 5294 1076 5366 sub
1102 5294 1268 5384 parochia
1294 5292 1460 5367 eeclesiae
1486 5292 1530 5365 de
1555 5290 1757 5384 G'zyrniu
1790 5291 1867 5380 situ,

313 5417 410 5488 cuius
437 5415 633 5506 proprietas
660 5421 696 5486 et
714 5415 901 5487 dominium
930 5414 975 5485 ad
994 5415 1213 5504 magnifieum
1241 5414 1417 5488 dominum
1442 5414 1638 5487 iohannem
1664 5413 1708 5485 de
1730 5412 1868 5504 Ryth·

249 5604 252 5609 .
313 5537 443 5624 naui,
470 5536 568 5627 regni
595 5535 759 5607 Poloniae
785 5535 990 5607 marsalcum
1017 5536 1180 5625 pertinet.
1221 5538 1262 5609 ln
1289 5555 1358 5627 qua
1383 5516 1465 5611 sunt
1493 5535 1643 5626 qrrinque
1669 5532 1761 5607 lanei
1780 5555 1868 5605 ome·

312 5657 493 5746 thonales,
530 5657 613 5729 itorn
649 5662 704 5727 est
730 5656 847 5747 aliqua
881 5655 1047 5744 taberna,
1083 5657 1166 5727 item
1203 5663 1259 5728 est
1284 5658 1482 5746 praedium,
1518 5657 1602 5728 item
1615 5655 1868 5741 ‘hortulaniae3

313 5778 397 5851 item
423 5778 565 5850 'decima
600 5776 825 5869 manipularis
861 5776 1008 5848 solvitur
1044 5779 1268 5869 monasterio,
1309 5784 1346 5850 et
1380 5796 1444 5868 per
1478 5777 1679 5849 emethones
1716 5777 1867 5867 propriis

315 5900 475 5972 curribus
502 5898 678 5971 inducitur
705 5899 740 5969 in
767 5899 931 5970 horreum
960 5916 981 5967 a
1007 5899 1124 5989 priore
1151 5892 1347 5988 locandum,
1374 5904 1411 5970 et
1438 5897 1536 5968 valor
1562 5897 1637 5970 eius
1665 5898 1870 5970 aestimatur

235 6026 237 6031 '
286 6008 289 6015 ’
314 6021 358 6092 ad
385 6021 536 6112 quinque
563 6034 709 6091 mareas.

418 6141 620 6229 Mruonrn,
658 6140 739 6211 villa
766 6142 830 6213 snb
857 6141 1022 6232 parochia
1049 6140 1216 6213 ecelesiae
1250 6139 1295 6213 de
1322 6138 1524 6231 Czyrnin
1552 6139 1637 6229 sita,
1664 6140 1761 6211 auius
1788 6160 1869 6230 pro·

314 6248 515 6359 pristis-ad
543 6261 690 6334 nobilem
720 6262 904 6353 Aegidium
932 6263 975 6334 de
1002 6262 1161 6353 Sudol,
1197 6261 1242 6335 da
1267 6261 1374 6333 armis
1402 6260 1679 6334 Habdanoze
1705 6260 1868 6352 pertinet.

225 6472 227 6477 ,
317 6381 358 6457 ln
376 6340 445 6476 ὦ
463 6389 543 6454 sunt
554 6383 629 6455 duo
648 6405 726 6455 cum
744 6384 857 6456 medio
876 6385 985 6475 lanei,
1003 6385 1086 6455 item
1104 6389 1160 6454 est
1176 6382 1227 6455 ibi
1244 6381 1478 6457 molendinum
1497 6382 1629 6456 habam
1647 6402 1766 6474 agros3
1786 6381 1870 6455 item
