4217 8059
331 1473 404 1544 286

330 1679 537 1765 Brzesae,
563 1683 599 1747 et
624 1677 729 1748 solvit
754 1697 819 1766 pro
847 1697 951 1756 ceusu
970 1731 977 1746 .
997 1732 1004 1746 .
1023 1732 1030 1747 .
1050 1732 1057 1747 .
1074 1679 1174 1769 ¹item
1192 1680 1349 1768 quilibet
1375 1679 1511 1751 emetha
1538 1678 1581 1748 de
1608 1678 1708 1749 laneo
1735 1684 1875 1750 tenetur
1925 1744 1932 1751 .

329 1806 401 1868 tres
436 1798 509 1866 dies
544 1797 721 1887 laborare,
757 1819 779 1868 a
812 1799 901 1869 festo
936 1797 1054 1868 Sancti
1088 1799 1287 1890 Michaelis,
1315 1801 1373 1871 ad.
1395 1800 1521 1870 festum
1548 1798 1667 1871 Sancti
1693 1799 1875 1890 lobannis,

266 1900 270 1907 ’
328 1919 468 2006 proprio
504 1932 608 1988 curru
643 1925 704 1989 aut
739 1925 875 2006 aratro,
902 1940 925 1988 a
950 1917 1038 1989 festo
1066 1940 1148 1991 vero
1177 1920 1293 1991 Sancti
1319 1921 1508 2009 lobannis,
1534 1919 1580 1990 ad
1606 1918 1730 1990 festum
1758 1919 1897 1997 Sancti

327 2037 525 2125 Michaelis,
552 2043 691 2109 tenetur
725 2039 878 2128 quolibet
914 2039 970 2109 die
997 2039 1166 2128 laborare,
1193 2048 1335 2130 praeter
1361 2041 1451 2113 diem
1480 2039 1644 2127 Sabbati,
1670 2041 1721 2109 ita
1747 2045 1875 2128 mmor,

327 2157 418 2246 quod
446 2157 612 2227 medietas
640 2157 741 2227 villae
769 2149 913 2245 laborat,
941 2159 1109 2228 medietas
1137 2167 1246 2230 vacat.
1272 2160 1360 2231 Item
1388 2160 1551 2230 ducturas
1570 2158 1683 2230 lacere
1702 2164 1874 2245 leuentur,

191 2262 194 2269 “
327 2279 462 2365 quoties
498 2276 685 2366 quemlibet
718 2278 831 2365 tangit
847 2278 962 2365 ordo,
990 2279 1034 2348 ad
1061 2280 1228 2379 rationem
1256 2287 1371 2350 tamen
1389 2280 1542 2356 dierum.
1579 2280 1664 2350 item
1692 2280 1727 2349 in
1754 2279 1874 2349 eadem

328 2396 410 2466 villa
436 2402 509 2466 tres
538 2404 618 2467 sunt
645 2397 870 2484 hortulaniae,
899 2417 1044 2486 quarum
1073 2419 1141 2468 una
1167 2400 1279 2488 prima
1306 2400 1410 2471 solvit
1437 2407 1509 2470 tres
1535 2399 1698 2487 fertones,
1712 2399 1786 2468 ,alia
1803 2418 1873 2468 me·

326 2517 418 2587 diam
444 2536 613 2604 marcam,
640 2518 745 2586 tertia
771 2538 875 2587 unurn
903 2502 1091 2606 fertonem,
1118 2525 1154 2588 et
1181 2519 1309 2590 habent
1336 2540 1438 2609 agros
1465 2519 1531 2590 sibi
1560 2519 1817 2608 appropriatos·
1837 2524 1874 2589 et

314 2637 473 2730 ,quilibet
499 2637 702 2707 hortulanus
727 2645 869 2730 tenetur
894 2638 1029 2710 solvere
1057 2659 1160 2709 unum
1188 2640 1279 2710 diem
1307 2641 1352 2710 in·
1369 2641 1561 2730 septimana
1588 2638 1759 2728 pedester.
1786 2638 1872 2711 lton

327 2763 383 2827 est
420 2758 455 2826 in
491 2758 609 2827 eadem
646 2757 727 2827 villa
763 2757 1013 2847 molendinum,
1041 2760 1132 2848 qnod
1164 2780 1232 2849 pro
1259 2780 1373 2830 annno
1400 2780 1505 2830 censu
1532 2760 1637 2830 solvit
1662 2759 1874 2843 monasterio

327 2877 413 2951 duas
441 2897 591 2964 marcas,
619 2898 687 2965 pro¹
713 2878 954 2948 cirotecalibus
982 2900 1064 2950 vero
1092 2879 1195 2950 solvit
1223 2887 1370 2969 quatuor
1383 2901 1554 2968 grossos,
1581 2880 1713 2951 habens
1731 2878 1873 2969 'aliquos

210 3064 219 3080 ,
327 3005 439 3086 agros,
467 3003 503 3068 et
528 2999 620 3067 circa
647 2997 854 3089 praelatum,
866 2999 1099 3069 molendinum
1127 3007 1181 3070 est
1207 3001 1338 3088 piscina
1364 3002 1456 3071 bona
1482 3000 1700 3070 coenobialis.
1727 2999 1813 3069 ltcm
1836 2999 1872 3068 in

327 3117 451 3193 eadem
474 3118 557 3188 villa
582 3139 650 3191 non
678 3125 733 3189 est
759 3118 898 3208 aliquod
926 3119 1115 3208 praedium.
1143 3121 1229 3190 ltern
1249 3122 1446 3191 emethones
1464 3127 1499 3190 et
1518 3120 1691 3190 hortulani
1711 3125 1874 3189 tenentur

325 3238 370 3308 ad
395 3236 573 3331 pomcbora
599 3238 779 3327 duplicem,
807 3239 1013 3329 hyemalium
1042 3240 1203 3310 videlicet
1221 3245 1256 3308 et
1274 3241 1489 3310 aestivalium
1507 3239 1767 3309 frumentorum.
1785 3238 1872 3309 Item

326 3357 417 3428 lanei
454 3359 669 3429 emethonum
705 3365 741 3428 et
767 3359 1029 3430 hortulauorum
1068 3359 1168 3429 villae
1196 3359 1372 3447 praefatas
1407 3359 1547 3433 solvunt
1572 3359 1738 3428 decimam
1766 3359 1873 3429 ruauh

326 3478 500 3567 puriorem,
528 3482 564 3548 et
586 3499 653 3567 per
680 3487 828 3567 quatuor
855 3480 992 3567 ierugas
1020 3479 1217 3568 canapalem
1245 3479 1462 3568 praebendae
1492 3478 1731 3553 Oraeoviensi.
1756 3477 1873 3550 diam

264 3643 268 3656 ·
327 3597 627 3686 Rosszyeiowslra,
654 3605 691 3667 et
727 3598 894 3668 inducunt
928 3619 1003 3667 eam
1039 3601 1190 3688 propriis
1215 3601 1382 3670 ‘curribus
1409 3600 1443 3668 i‘n
1471 3600 1632 3670 horreum
1660 3620 1682 3668 a
1707 3598 1872 3669 canoniea

326 3717 524 3803 locandum,
551 3724 588 3787 et
614 3718 711 3788 valor
747 3719 821 3788 eius
856 3718 900 3788 ad
927 3720 1050 3818 viginti
1080 3740 1212 3790 marcas
1239 3721 1452 3790 aestimatur.
1493 3720 1579 3789 ltem
1607 3719 1699 3789 ville·
1716 3717 1871 3807 praelata

326 3835 477 3906 confluat
504 3856 579 3906 curn
608 3837 699 3906 villis
728 3836 1104 3927 Nyepolomicze,
1130 3839 1486 3928 Zakrzowyecz,
1514 3839 1752 3925 Zahrzow,
1780 3836 1871 3908 Wa-

325 3974 500 4043 gercze.
1186 3949 1188 3952 ⁴
1387 3956 1390 3963 '

429 4074 633 4163 Znunzow,
669 4076 762 4157 nilla¹
781 4076 851 4158 snb,
881 4077 1044 4164 parocbia
1079 4077 1244 4147 ecelesiae
1280 4078 1327 4173 de,
1358 4078 1613 4148 Bodzanow
1649 4079 1734 4164 sita,
1762 4078 1876 4149 “cuias
1946 4116 1957 4125 -

325 4194 521 4282 proprietas
547 4201 583 4263 et
609 4195 795 4265 dominium
823 4195 866 4264 ad
894 4197 1140 4266 monasterium
1170 4196 1486 4267 sanctimonialium
1515 4198 1667 4292 pertinet
1685 4197 1720 4267 iu
1739 4195 1867 4267 Stba·

231 4308 236 4321 '
324 4311 565 4407 ayanthly
601 4314 702 4402 pleno
729 4315 813 4385 iure.
848 4315 888 4418 ln
916 4335 985 4404 qua
1011 4322 1094 4385 sunt
1120 4336 1241 4385 novem
1269 4307 1486 4386 commedio
1513 4317 1601 4385 lanei
1630 4314 1868 4404 emetbonalra,

273 4444 276 4451 ⁴
324 4452 389 4522 pso
423 4454 538 4505 annuo
574 4454 678 4505 censu
715 4434 853 4504 solvunt
890 4435 1149 4522 quatuordecim
1184 4441 1332 4521 scottos,
1360 4436 1443 4505 item
1480 4436 1566 4505 duos
1585 4454 1760 4524 capones,
1786 4436 1868 4509 lton
1921 4514 1923 4519 ¹

288 4640 290 4644 .
326 4554 449 4642 viginti
476 4575 551 4641 ova
578 4556 659 4624 item
686 4554 772 4625 dnos
799 4574 935 4643 caseos,
963 4555 1044 4625 item
1074 4575 1137 4643 pro
1165 4553 1334 4648 rapodone
1361 4555 1500 4626 solvunt.
1525 4576 1683 4644 grossum
1711 4555 1869 4642 medium,

325 4674 407 4744 item
435 4695 498 4763 pro
533 4697 693 4767 oproume
727 4674 876 4751 medium
912 4694 1080 4761 grossum.
1122 4675 1205 4747 ltem
1220 4676 1379 4764 quilibet
1407 4678 1542 4746 cmetho
1569 4682 1708 4746 tenetur
1735 4676 1869 4748 soluere

266 4821 270 4847 2
325 4793 412 4864 duos
439 4795 563 4865 choros
598 4815 727 4865 avenae
754 4814 935 4864 mensurae
962 4793 1201 4864 Cracoviensis
1230 4794 1412 4866 confertae.
1427 4870 1430 4875 ,
1447 4797 1532 4867 ltenr
1561 4797 1712 4886 quilibet·
1733 4796 1868 4867 emetha

324 4913 368 4983 de
395 4913 504 5001 laneo,
523 4935 552 4982 a
577 4915 665 4984 festo
693 4914 808 4985 Sancti
836 4913 1026 5001 Michaelis,
1053 4914 1098 4984 ad
1124 4915 1247 4985 festum
1277 4914 1392 4986 Sancti
1420 4916 1600 5004 lobannis,
1628 4924 1768 4987 tenetur
1795 4923 1867 4986 tres

326 5031 408 5100 dies·
426 5031 585 5107 laborare
620 5040 738 5102 aratro
770 5033 929 5122 proprio,
957 5039 1017 5103 aut
1044 5053 1167 5120 curru3
1194 5054 1215 5103 a
1241 5033 1329 5104 festo
1357 5054 1439 5105 vero
1467 5035 1583 5106 Sancti
1610 5034 1797 5122 lobannis,
1824 5034 1871 5105 ad

323 5148 449 5219 festum
476 5150 592 5222 Sancti
619 5151 817 5240 Michaelis,
843 5152 998 5242 quolibet
1033 5153 1089 5222 die
1116 5160 1278 5224 tenentur
1306 5155 1464 5225 laborare
1492 5162 1632 5244 praeter
1658 5155 1748 5225 diem
1777 5154 1864 5227 Sab·
1977 5174 1986 5182 ·

325 5271 408 5358 bati,
435 5272 470 5342 in
498 5292 566 5360 quo
592 5279 708 5342 tamen
736 5294 823 5343 unus
850 5273 952 5343 horno
979 5273 1021 5342 de
1048 5263 1157 5359 laneo,
1176 5273 1366 5362 colligendo
1384 5274 1520 5363 foenum
1541 5282 1680 5345 tenetur
1698 5263 1868 5362 laborare,

326 5392 375 5461 ita
410 5398 543 5480 tamen,
580 5393 670 5482 quod
707 5394 871 5463 medietas
906 5393 1008 5463 villae
1045 5394 1199 5482 laborat,
1226 5395 1394 5465 medietas
1431 5401 1539 5466 vocat.
1580 5395 1667 5465 ltem
1703 5370 1869 5465 ducturas

326 5511 439 5583 lacere
466 5521 647 5602 tenentur,
675 5514 809 5603 quoties
845 5514 1033 5602 quemlibet
1060 5514 1171 5603 tangit
1197 5515 1303 5603 ordo,
1329 5515 1371 5585 ad
1400 5518 1570 5588 rationem
1596 5516 1740 5586 dierum.
1781 5514 1871 5585 Item

323 5640 407 5704 suut
434 5636 468 5704 iu
496 5635 615 5705 eadem
652 5633 733 5705 villa
758 5633 846 5704 duae
877 5634 1041 5722 tabernae
1070 5635 1234 5705 habentes
1262 5656 1381 5725 agroS,
1408 5643 1445 5706 et
1471 5635 1642 5726 quaelibet
1671 5635 1777 5715 solvit
1803 5654 1867 5724 pro

328 5774 430 5825 censu
467 5755 553 5826 duas
589 5776 664 5825 cum
701 5753 814 5824 media
850 5747 1120 5841 marcas,item
1141 5776 1244 5824 unnrn
1272 5756 1420 5845 lapidem
1450 5757 1532 5845 sepi.
1573 5757 1658 5827 ltem
1687 5763 1769 5826 sunt
1794 5761 1868 5825 tres
1969 5810 1972 5815 .

327 5876 545 5946 homulaniae
580 5875 747 5945 habentes
781 5894 902 5964 agros,
930 5881 967 5945 et
1002 5874 1145 5964 quilibet
1180 5876 1382 5947 hortulanus
1400 5897 1473 5965 ⁴pro
1501 5896 1608 5947 censu·
1631 5876 1733 5948 solvit
1762 5896 1869 5946 unum

313 5994 495 6066 ormnem
531 6001 568 6064 et
594 6015 697 6064 unuin
725 5994 814 6064 diem
843 5995 878 6063 in
904 5995 1096 6082 septimana
1122 6003 1262 6067 tenetur
1289 5996 1448 6067 laborare
1475 5997 1642 6086 pedester.
1683 5997 1769 6067 Item
1796 6004 1867 6068 tam

267 6161 271 6169 -
328 6115 534 6202 cmetbonm,
561 6135 661 6202 quam
688 6115 938 6202 tabernatores,
965 6136 1075 6204 quam
1095 6116 1279 6204 hortulani,
1306 6123 1469 6188 tenentur
1496 6117 1539 6193 ad
1551 6116 1867 6210 pomobmndupli·

313 6250 400 6321 ,ῃ
426 6234 634 6329 hyemalium
660 6240 697 6305 et
722 6234 938 6307 aestivalium
963 6235 1221 6305 frumentorum.
1248 6235 1334 6306 Item
1361 6244 1415 6308 est
1441 6238 1476 6308 in
1496 6236 1651 6327 praefata
1670 6237 1751 6308 villa
1767 6256 1869 6325 prae·

241 6374 244 6381 ’
326 6353 421 6427 dion
430 6348 665 6458 benenate,
689 6355 733 6427 de
764 6357 860 6428 ouius
887 6356 981 6444 agris
1008 6372 1076 6425 non
1103 6354 1243 6425 solvunt
1270 6355 1371 6426 alicui
1398 6356 1583 6446 decimam,
1609 6357 1774 6427 sedeam
1800 6376 1867 6447 pro
1921 6342 1931 6354 ⁸
