4217 8059
1744 1464 1816 1550 337

271 1681 375 1770 erigit
402 1686 505 1772 atquc
534 1681 649 1771 dotat,
677 1689 717 1753 ut
736 1686 846 1753 morte
873 1680 1068 1757 sorunculi
1094 1689 1261 1774 sequuta,
1289 1704 1432 1757 consors
1459 1703 1523 1757 sua
1540 1683 1766 1763 dilectissima
1791 1690 1827 1759 et
1938 1786 1941 1791 y

271 1802 365 1873 socia
391 1801 693 1892 Kuuegnndis
721 1803 867 1875 haberet
885 1802 1084 1893 religiosum
1112 1803 1322 1887 domicilium
1349 1812 1386 1876 et
1403 1804 1676 1896 reclinatorium,
1703 1807 1825 1897 inquo

272 1923 306 1992 in
325 1923 540 2015 virginitate,
568 1945 670 2015 quam
690 1925 754 1996 sub
773 1924 887 2014 specie
913 1924 1007 1996 thori
1024 1924 1198 1997 maritalis
1215 1926 1514 2016 scrupulosissime
1541 1927 1641 2001 annis
1668 1927 1826 2017 plurimis

275 2051 476 2115 servaverat
494 2044 792 2135 custodieratque,
820 2046 1068 2117 sanctimoniae
1096 2067 1179 2118 suae
1197 2045 1367 2118 luniculos
1394 2047 1430 2117 in
1454 2047 1580 2137 spiritu
1608 2049 1824 2138 paupertatis

270 2164 458 2234 altissimae
477 2171 513 2234 et
532 2165 706 2253 caritatis,
724 2170 829 2256 atque
847 2166 1149 2256 contemplationis
1167 2165 1469 2256 profundissimae,
1487 2166 1531 2239 ad
1546 2169 1823 2259 consequendum

270 2284 430 2355 eoelestis
445 2285 590 2374 proemii
604 2291 640 2356 et
654 2286 896 2357 retributionis
910 2291 1073 2358 aeternae
1088 2287 1256 2376 bravium,
1273 2287 1447 2359 dilataret.
1474 2285 1539 2359 Gui
1554 2287 1692 2377 quidem
1706 2309 1825 2361 monae
1845 2334 1853 2349 ·

270 2405 377 2476 sterio
396 2425 468 2475 ase
486 2406 606 2476 taliter
623 2405 782 2495 fundato,
801 2405 977 2495 praefatus
998 2405 1213 2485 Boleslaus
1231 2406 1408 2479 Pudious
1426 2406 1590 2478 Polouiae
1608 2408 1678 2480 dux
1696 2414 1733 2481 et
1750 2430 1823 2481 uro-
1965 2415 1968 2418 ’

270 2526 419 2615 narcba,
454 2527 498 2598 de
525 2547 693 2598 consensu
721 2526 1019 2605 Prandothae
1050 2527 1205 2630 episcopi
1231 2526 1486 2617 cracoviensis,
1521 2533 1756 2631 etpcocerum
1782 2549 1823 2602 ac

270 2646 450 2736 baronum,
467 2647 615 2737 primurn
629 2647 741 2736 ipsum
757 2647 920 2737 oppidum
938 2646 1122 2719 Sandecz
1141 2669 1217 2719 cum
1232 2648 1393 2718 theloneo
1408 2647 1527 2737 oppidi
1541 2647 1688 2738 praelati
1702 2650 1821 2740 pingvi

270 2774 306 2837 et
324 2772 495 2856 veutroso,
515 2767 648 2838 decima
666 2767 861 2856 septimana
879 2767 1031 2839 thelonei
1049 2788 1115 2858 pro
1132 2768 1293 2858 episcopo
1312 2766 1550 2858 Oracoviensi,
1569 2773 1687 2845 etsna
1705 2791 1823 2845 mensa

269 2887 465 2976 episcopali,
493 2888 593 2958 annis
620 2888 765 2977 singulis
792 2894 992 2976 reservata;
1030 2889 1114 2959 item
1138 2889 1249 2979 villas,
1276 2887 1437 2980 praedia,
1455 2888 1674 2979 molendina,
1700 2911 1825 2965 census

270 3013 306 3077 et
333 3008 497 3079 introitus
524 3008 695 3082 notabiles
731 3008 954 3111 circumcirca
985 3007 1189 3081 Saudecz
1224 3015 1260 3080 et
1286 3009 1522 3099 Lypnicza
1556 3009 1684 3104 oppida
1711 3013 1821 3108 consi·

253 3129 413 3225 stantia,
440 3149 516 3198 curn
535 3134 683 3220 utraque
711 3131 788 3219 ripa
806 3129 989 3200 fluviorum
1017 3129 1274 3219 praedictorum
1302 3127 1480 3230 Poprod
1503 3133 1543 3199 et
1569 3128 1823 3222 Dunayecz,

269 3253 305 3318 et
331 3255 489 3321 caeteros
516 3250 695 3338 introitus,
727 3251 786 3341 oui
813 3255 951 3321 centum
983 3250 1135 3339 virgines
1163 3249 1375 3321 sufficienter
1401 3249 1495 3320 alere
1522 3258 1680 3342 possent,
1716 3236 1823 3323 dona·
1855 3341 1857 3347 Ι
1896 3286 1901 3293 -
1967 3308 1976 3318 .

268 3369 369 3439 tione*
390 3376 560 3460 perpetua
595 3378 631 3441 et
659 3371 895 3460 irrevocabili,
931 3370 1017 3441 nihil
1049 3370 1117 3442 sibi
1153 3371 1238 3442 iuris
1264 3376 1326 3442 aut
1360 3370 1588 3461 proprietatis
1614 3372 1649 3443 in
1677 3373 1826 3462 oppidis,

269 3488 377 3579 villis,
405 3497 440 3560 et
467 3490 689 3579 introitibus,
717 3497 857 3580 praeter
883 3479 1027 3562 tutelam
1055 3496 1092 3561 et
1109 3489 1352 3579 defensionem,
1379 3492 1607 3580 reservando,
1633 3491 1755 3582 donat,
1782 3513 1823 3564 ac

126 3676 130 3682 ,
269 3609 415 3698 singula-
430 3610 550 3681 eadem
579 3611 669 3681 bona
705 3610 836 3682 dotalia
862 3611 907 3682 ab
934 3612 1026 3682 omui
1054 3610 1203 3700 tributo,
1231 3610 1346 3700 datia,
1373 3611 1542 3701 statione,
1569 3608 1759 3703 exactione,
1787 3617 1822 3685 et

269 3730 312 3800 ab
330 3731 423 3801 omni
450 3732 525 3802 iure
553 3731 662 3822 regali
690 3738 726 3802 et
744 3731 858 3803 ducali
886 3738 1054 3827 perpetuo
1082 3732 1202 3802 eximit
1229 3736 1265 3801 et
1280 3731 1442 3821 absolvit,
1469 3718 1717 3823 ecclesiamque
1744 3753 1821 3805 oum

269 3852 494 3940 monasterio,
539 3860 741 3942 sumptuoso
777 3873 882 3942 opere
918 3867 961 3924 ex
996 3872 1113 3942 muro,
1158 3857 1193 3921 et
1229 3851 1383 3942 singulas
1418 3853 1623 3925 monasterii
1656 3852 1821 3942 officinas,

187 4021 189 4025 -
248 3969 430 4066 labriam,
456 3979 578 4063 tegens
605 3973 786 4044 ecclesiam
813 3979 914 4063 petra
930 3973 1010 4045 alba
1027 3973 1164 4062 longam
1192 3972 1456 4045 diuturnitatem
1475 3971 1702 4064 praeferente.
1734 3974 1821 4045 Foe-

269 4091 362 4162 miua
398 4113 533 4182 quoque
569 4092 714 4164 illustris
750 4092 1053 4184 Kunegundis
1089 4090 1272 4182 culicibus,
1317 4086 1464 4180 tabuliS,
1506 4093 1683 4180 crucibus,
1720 4116 1822 4166 orna-

146 4231 152 4243 ’
268 4214 411 4303 mentis,
447 4214 663 4304 caeterisque
695 4213 906 4286 notabilibus
934 4219 969 4284 et
1004 4212 1183 4283 nobilibus
1205 4212 1371 4283 clenodiis
1379 4255 1392 4300 ,-
1425 4212 1539 4283 aureis
1569 4218 1612 4282 ,et
1647 4216 1821 4317 argenteis

268 4331 424 4425 implevit
442 4340 478 4405 et
496 4335 678 4406 exornavit
695 4334 822 4424 locum,
849 4332 1127 4405 sanctimoniales
1145 4337 1262 4402 autem
1281 4332 1391 4421 magis
1410 4331 1592 4421 religiosae
1611 4341 1647 4404 et
1664 4333 1819 4439 devotae,

269 4473 310 4523 ex
338 4456 504 4526 coenobio
530 4447 811 4544 Zavichostensi,
847 4454 933 4525 alias
959 4452 1079 4530 Sancti
1107 4452 1268 4523 Andreae
1303 4453 1338 4550 in
1365 4449 1594 4524 Oracovia
1620 4459 1820 4543 assumptae
1906 4512 1909 4517 .
1978 4505 2001 4556 3

268 4579 366 4664 sunt,
401 4581 437 4644 et
465 4577 499 4645 in
527 4596 616 4645 novo
653 4574 881 4650 Sandeczensi
918 4573 1130 4644 monasterio
1166 4571 1369 4663 apraefato
1397 4571 1620 4644 Boleslao
1647 4572 1821 4646 Pudice
1866 4670 1868 4675 ι

268 4693 354 4765 duce
381 4700 417 4765 et
440 4702 604 4784 consorte
632 4716 694 4766 sua
713 4694 998 4785 Kunegundi
1025 4694 1172 4782 locatae,
1199 4694 1233 4763 in
1262 4692 1354 4782 quod
1381 4691 1486 4762 etiam
1513 4692 1644 4782 etipsa
1670 4691 1820 4785 loeminp

270 4813 380 4887 Reate
406 4815 709 4904 Kuueguudis
745 4816 811 4887 viri
838 4816 892 4886 sui
927 4821 964 4885 et
990 4814 1107 4904 sponsi
1144 4812 1356 4884 Boleslai
1383 4810 1547 4882 Pndici
1574 4811 1670 4884 ducis
1698 4819 1821 4904 morte,
1918 4888 1923 4902 ,

268 4955 358 5006 anno
385 4936 524 5006 Domini
549 4937 618 5006 127
624 4938 644 5006 9
674 4942 835 5026 sequuta,
867 4935 988 5007 habitu
1015 4933 1204 5006 monastico
1222 4933 1338 5023 griseo
1365 4930 1510 5004 Sanctae
1537 4929 1673 5022 Clarae,
1698 4934 1820 5007 eodem

269 5076 336 5143 quo
364 5057 456 5128 iusta
481 5056 593 5127 luneri
623 5058 657 5126 iu
686 5056 895 5127 monasterio
931 5053 1048 5125 Sancti
1076 5053 1252 5125 Francisci
1279 5055 1314 5123 iu
1342 5052 1571 5124 Oracovia
1598 5053 1712 5127 soluta
1738 5060 1820 5129 sunt

269 5174 325 5244 die
352 5182 539 5266 assumpto,
567 5178 737 5265 ingressa,
765 5175 949 5247 servilibus
968 5174 1132 5265 operibus
1159 5182 1195 5245 et
1213 5173 1380 5264 coquinae
1407 5173 1626 5264 squaloribus
1653 5195 1690 5245 se
1709 5175 1821 5266 iuqui-

269 5295 345 5376 nari
372 5316 435 5385 pro
454 5297 596 5378 summis
623 5296 771 5367 ducebat
798 5296 948 5384 deliciis3
975 5292 1287 5366 sanctimonialium
1316 5313 1452 5383 quoque
1470 5293 1654 5383 praecibus
1671 5295 1820 5367 assiduis

271 5414 379 5504 victa,
415 5417 625 5512 abbatissam
643 5436 696 5490 ,se
723 5415 787 5486 loci
816 5415 927 5505 illius,
963 5435 1071 5504 usque
1107 5412 1151 5485 ad
1187 5413 1277 5485 diem
1305 5412 1420 5485 obitus
1456 5413 1677 5503 sagacissime
1701 5416 1820 5506 gessit,

267 5534 416 5606 fructum
443 5537 653 5626 geminatum
671 5537 851 5627 utriusque
870 5537 961 5608 vitae
979 5534 1120 5607 foenore
1140 5533 1368 5626 multiplicato
1395 5539 1612 5641 perceptura.
1648 5533 1819 5607 Processu

268 5655 392 5727 deinde
410 5656 556 5747 dierum,
584 5658 676 5748 quod
694 5658 787 5728 circa
804 5656 1071 5745 descriptionem
1090 5654 1301 5733 laudationis
1319 5653 1520 5725 monasterii
1539 5652 1818 5728 Zavichostensis

269 5759 580 5849 sanctimonialium
612 5777 967 5865 commemoravimus,
1003 5795 1094 5847 nuuc
1122 5795 1257 5866 quoque
1284 5775 1611 5864 reiteramus,·cum
1640 5773 1819 5847 Helias·

269 5897 378 5966 betb
405 5897 528 5971 relicta
563 5897 723 5970 Caroli
751 5897 972 5986 Huugariae,
1007 5901 1043 5965 et
1071 5915 1171 5967 soror
1198 5864 1427 5965 casimiri
1447 5892 1631 5985 Polouiae,
1666 5895 1818 5986 genitrix

269 6037 404 6108 quoque
440 6017 666 6090 Ludovici
702 6025 785 6090 tuuc
821 6015 986 6086 Polouiae
1023 6021 1059 6085 et
1085 6014 1286 6105 Hungariae
1314 6036 1452 6105 regum,
1480 6013 1645 6086 Polouiae
1672 6036 1817 6106 reguum

267 6136 534 6228 administrans,
569 6139 671 6237 buius
715 6136 916 6210 monasterii
954 6135 1184 6206 coviditionem
1229 6141 1415 6207 conaretur
1449 6133 1563 6206 lacere
1603 6137 1817 6226 crassiorem,

267 6263 303 6328 et
330 6279 448 6328 omnes
474 6258 634 6329 decimas
652 6257 883 6349 manipulares
905 6242 946 6327 ¹et
971 6254 1168 6346 pecuniales
1199 6255 1234 6325 iu
1262 6255 1423 6325 teritorio
1450 6253 1679 6327 Sandeczensi
1706 6258 1818 6331 cousi-

150 6400 153 6405 ·
268 6383 413 6468 stantes,
453 6385 489 6448 et
520 6379 564 6449 sd
596 6398 748 6450 marisam
778 6375 1009 6489 episcopalem
1030 6375 1253 6469 ¹pertinentes
1284 6374 1454 6445 violenter
1493 6379 1651 6471 occupat,
1691 6382 1728 6448 et
1758 6397 1818 6449 eas

370 6543 583 6585 cannensem.
764 6599 766 6602 ι
909 6556 913 6562 -
1400 6552 1406 6560 ·
1613 6524 1652 6571 ⁴³
