4217 8059
1745 1490 1817 1561 309

268 1696 411 1785 iusuper
450 1695 582 1765 sororis
624 1713 707 1765 suae
747 1714 932 1784 germanae
977 1692 1216 1765 Salomeee
1256 1692 1432 1766 Gallaciae
1464 1693 1635 1784 quondam
1680 1696 1821 1784 reginae

268 1814 519 1906 interpellatus,
547 1836 636 1904 quae
663 1822 699 1886 et
725 1816 801 1905 ipsa
827 1821 939 1886 morte
966 1816 1032 1886 viri
1059 1816 1113 1887 sui
1141 1815 1379 1887 Colomaui
1407 1822 1562 1905 sequuta,
1590 1814 1756 1888 coelibem
1784 1823 1821 1888 et

267 1936 503 2008 monachalem
531 1936 753 2007 desiderabat
779 1936 905 2008 ducere
923 1936 1040 2026 vitam,
1058 1937 1246 2007 claustrum
1273 1937 1584 2007 sanctimonialium
1603 1937 1695 2026 apud
1723 1939 1821 2028 oppi-

268 2057 347 2128 dum
376 2055 683 2140 Zawicbostb,
710 2058 745 2128 in
774 2055 860 2127 colle
885 2056 930 2127 ad
956 2056 1097 2128 fluvium
1127 2057 1302 2145 Vislapr
1328 2057 1553 2145 respiciente,
1580 2057 1624 2128 ad
1651 2058 1818 2129 honorem

267 2174 529 2266 Omnipotentis
559 2176 624 2247 Dei
660 2182 696 2246 et
721 2178 900 2266 genitricis
936 2179 1009 2247 eius
1039 2177 1195 2267 Virginis
1223 2176 1377 2264 Mariae,
1404 2181 1440 2247 et
1465 2177 1575 2247 totius
1603 2176 1821 2249 hierarchiae

268 2296 428 2368 coelestis
454 2296 578 2368 fundat
605 2304 641 2367 et
666 2296 774 2385 locat,
802 2299 860 2388 qui
889 2318 951 2386 pro
979 2297 1061 2368 dote
1088 2297 1302 2388 praedictum
1330 2296 1492 2387 oppidum
1520 2297 1822 2370 Zawichosth

268 2424 304 2488 et
329 2417 429 2488 villas
448 2419 599 2507 quinque
618 2423 654 2488 et
672 2419 795 2507 viginti
814 2418 961 2488 ducales·
974 2417 1017 2487 ed
1036 2417 1121 2488 illud
1140 2418 1363 2506 pertinentes,
1382 2418 1526 2508 praedia
1544 2420 1696 2509 iusuper,
1714 2419 1820 2507 lacus,

267 2545 304 2608 et
328 2538 490 2609 thelonea
518 2558 708 2627 censusque
736 2532 906 2609 notabiles
933 2545 1048 2609 certos
1075 2544 1111 2608 et
1138 2536 1265 2627 firmos,
1292 2539 1356 2628 qui·
1379 2558 1442 2626 pro
1470 2539 1651 2627 sexaginta
1678 2539 1821 2628 virgini·

269 2658 332 2730 bus
359 2636 501 2748 possent
527 2656 695 2746 sufficere,
722 2678 798 2729 cum
826 2659 918 2729 omni
945 2659 1169 2747 proprietate,
1196 2656 1300 2729 titulo
1328 2665 1363 2728 et
1389 2658 1540 2728 dominio
1576 2658 1702 2746 donat,
1729 2660 1823 2731 litte-

269 2780 385 2868 risque
412 2778 593 2849 ducalibus
621 2778 841 2850 donatiouem
869 2786 1073 2868 perpetuat,
1101 2776 1280 2848 conterens
1308 2777 1454 2867 oppido,
1482 2758 1575 2850 villis'
1599 2787 1636 2850 et
1662 2781 1823 2851 censibus

270 2920 295 2971 a·
317 2919 355 2969 se
382 2898 529 2987 donatis,
556 2899 601 2970 ab
628 2901 721 2970 omni
749 2919 867 2988 regum
896 2906 933 2969 et
955 2901 1148 2988 principum
1167 2920 1208 2969 ac
1225 2898 1441 2970 dominorum
1460 2901 1701 2990 temporalium
1720 2902 1823 2972 iuris·

270 3020 421 3091 dictione
448 3026 485 3090 et
510 3021 652 3108 tributo,
680 3020 816 3110 plenam
843 3019 1071 3123 libertatem,
1090 3020 1202 3091 ducali
1229 3019 1354 3091 deinde
1381 3021 1615 3092 munificentia
1632 3029 1668 3093 et
1685 3027 1822 3112 sumptu

270 3140 450 3211 ecclesiam
486 3141 551 3211 sub
587 3140 719 3211 bonore
757 3147 793 3210 et
818 3140 922 3210 titulo
950 3138 1096 3210 Sanctae
1123 3139 1322 3229 Elisabeth,
1349 3147 1386 3211 et
1411 3143 1659 3214 monasterium
1687 3142 1823 3214 habita-

270 3264 451 3358 tionesque
485 3260 677 3332 famulabus
704 3260 769 3331 Dei
797 3261 906 3333 latere
933 3266 1032 3331 cocto
1060 3259 1238 3350 aedificat,
1265 3266 1302 3331 et
1329 3268 1526 3351 consumat,
1553 3263 1823 3353 religionemque

269 3382 468 3454 monialium
496 3381 615 3453 Sancti
641 3381 811 3470 Damiani,
839 3380 1126 3453 ordinissmeti
1154 3381 1340 3470 Francisci,
1368 3401 1469 3472 quam
1489 3382 1818 3473 inpraesentiarum

272 3502 419 3599 Senem
446 3501 570 3573 Clarae
597 3503 797 3590 vocitamus,
825 3504 860 3573 in
887 3502 1133 3574 monasterium
1161 3523 1182 3573 a
1208 3523 1246 3572 se
1272 3500 1449 3574 fundatum
1479 3510 1514 3574 et
1539 3504 1696 3575 dotatum
1724 3503 1823 3576 indu·

271 3625 328 3712 cit,
355 3629 393 3694 et
418 3643 557 3694 sorores
584 3622 718 3693 ordinis
744 3623 893 3712 praefati
920 3624 955 3695 in
983 3644 1024 3694 eo
1051 3623 1152 3694 locat
1179 3621 1285 3694 Cuius
1312 3623 1424 3713 prima
1442 3624 1621 3695 abbatissa
1637 3625 1703 3696 fuit
1722 3645 1822 3715 prae—

270 3741 344 3814 fata
374 3742 585 3814 Salomea
620 3742 815 3821 fundatoris
849 3762 950 3814 soror
984 3763 1169 3832 germana,
1205 3748 1241 3813 et
1275 3741 1512 3835 colomani
1548 3734 1693 3833 relicta,
1722 3766 1823 3835 quem

228 3888 236 3895 ·
272 3863 429 3935 ordinem
464 3864 575 3952 ipsum
613 3862 771 3953 professa
787 3863 928 3968 'fuerat
964 3863 1221 3934 Casimirus
1256 3862 1472 3935 Guiaviensis
1498 3870 1534 3935 et
1560 3844 1823 3939 Semavitae

273 3982 454 4054 blazoviae
479 3983 603 4072 duces,
629 3983 758 4058 iratres
794 3984 968 4073 patrueles
1004 4004 1045 4054 eo
1073 3989 1234 4074 respectu
1261 3968 1313 4055 ad‘
1332 3985 1506 4074 habitum,
1534 3992 1573 4057 ut
1600 3985 1822 4057 Boleslao

248 4105 359 4199 ¹orba
384 4102 572 4175 decedente
608 4109 685 4174 rata
718 4111 931 4191 remaneret,
966 4111 1002 4176 et
1036 4105 1083 4175 ab
1102 4104 1324 4175 -uaeredibus
1361 4105 1575 4177 Boleslai
1610 4108 1645 4178 in
1681 4106 1823 4178 dubium

273 4226 431 4296 revomi
461 4246 528 4295 uon
555 4231 690 4324 posset,
720 4225 851 4295 Verum
887 4245 991 4314 quum
1020 4225 1244 4295 Tartarorum
1271 4226 1415 4314 grandis
1442 4229 1635 4315 exercitus,
1663 4228 1728 4298 cui·
1746 4227 1823 4301 Bc·

140 4354 142 4358 ’
211 4406 215 4412 .
273 4345 451 4417 leslaus
478 4344 623 4435 pudicus
650 4367 727 4417 cum
755 4346 879 4415 militia
905 4366 968 4415 sua
994 4344 1092 4416 clade
1119 4343 1247 4434 duplici
1275 4351 1426 4435 accepts,
1452 4347 1684 4417 resistentiam
1709 4347 1823 4419 lacere

267 4488 341 4537 ‚non
377 4472 535 4557 poterat,
571 4466 819 4538 cracovienses
853 4472 889 4537 et
923 4465 1260 4553 Sandomirieuses,
1391 4485 1498 4556 esque
1533 4467 1632 4557 regni
1659 4466 1824 4539 Pelusiae

273 4593 386 4658 terras
414 4608 503 4658 anno
530 4586 669 4659 Domini
702 4589 799 4658 1260
826 4605 931 4658 saeva
956 4587 1053 4657 rabie
1079 4591 1116 4657 et
1141 4586 1266 4676 gladio,
1293 4586 1329 4656 in
1394 4586 1530 4677 diisque
1547 4595 1730 4676 vastasset,
1748 4608 1825 4660 coe-

272 4709 413 4780 nobium
432 4728 568 4798 quoque
587 4708 899 4779 sanctimonialium
918 4708 953 4777 in
970 4704 1069 4779 Zau
1080 4708 1089 4776 i
1100 4707 1151 4778 ch
1162 4709 1266 4778 osth
1290 4708 1329 4778 -iu
1347 4708 1501 4780 flammas
1514 4709 1728 4799 coniecisset,
1743 4710 1825 4798 pius

274 4828 345 4900 dux
373 4828 624 4900 Boleslans
651 4827 854 4900 Pudicus
882 4828 1097 4899 Tartaricsm
1125 4834 1160 4898 et
1186 4829 1401 4900 barbaricam
1428 4829 1668 4919 irruptionem,
1695 4851 1739 4909 ue
1756 4829 1824 4901 fre·
1865 4848 1869 4855 ·

275 4956 422 5040 quenter
448 4948 635 5019 accideret
648 4950 795 5038 veritus,
825 4949 1028 5021 coenobium
1051 4948 1251 5039 praelatum
1279 4949 1590 5022 sanctimonialium
1616 4971 1660 5022 es
1686 4950 1827 5023 Zawi·

274 5071 442 5142 chaath
478 5076 516 5139 et
541 5070 818 5140 sanctimoniales
846 5071 880 5140 in
908 5091 950 5141 eo
975 5069 1160 5159 degentes,
1187 5069 1231 5141 de
1257 5070 1401 5141 consilio
1428 5069 1726 5155 Prandotha'e
1751 5073 1825 5163 api·

276 5193 372 5279 scopi
399 5189 637 5261 Gracoviensis
663 5197 700 5260 et
726 5191 893 5263 baronum
921 5212 1061 5263 suorum
1090 5192 1124 5260 iu
1151 5191 1316 5262 tutiorem
1343 5191 1467 5281 locum,
1493 5192 1553 5281 qui
1570 5191 1713 5266 Skala
1738 5193 1826 5266 alias

276 5310 416 5400 Lapis
443 5310 848 5385 SanctaeMeriae
875 5311 1080 5401 appellatur,
1107 5310 1443 5383 tribusrnilliarihus
1462 5333 1483 5384 a
1501 5311 1721 5385 cracoviensi
1740 5315 1826 5386 urhe

277 5431 463 5502 distantem
475 5487 493 5519 „
509 5432 713 5527 transtulit,
736 5438 771 5503 et
797 5433 925 5523 oppido
952 5431 1093 5503 Skale
1120 5432 1154 5502 iu
1181 5431 1258 5502 loco
1284 5433 1343 5522 qui
1370 5432 1577 5504 Stankon
1604 5434 1824 5507 vocitabatur

276 5552 438 5641 locando,
466 5574 529 5643 pro
566 5574 656 5624 novo
683 5553 893 5624 monasterie
920 5552 1086 5643 erigendo
1122 5553 1266 5642 adiectn,
1294 5554 1398 5625 etiam
1425 5554 1576 5644 priorem
1599 5553 1855 5635 donatiouem·

277 5674 320 5743 de
347 5673 474 5763 oppido
500 5674 805 5762 Zawichosth,
835 5673 936 5762 villis,
968 5675 1183 5765 caeterisque
1219 5674 1418 5745 introitibus
1455 5692 1495 5744 ac
1530 5673 1750 5748 libertatibus
1775 5676 1827 5747 la-

277 5801 379 5883 ctam,
407 5795 505 5866 novis
532 5794 723 5886 privilegiis
750 5799 786 5864 et
812 5795 924 5864 literis
943 5814 1041 5864 anuo
1059 5794 1201 5866 Domini·
1221 5795 1317 5881 1262
1346 5802 1445 5869 sexto
1471 5815 1581 5867 nonas
1600 5798 1717 5868 martii
1736 5798 1827 5887 apud

277 5914 489 6006 Korczyn
515 5935 700 6005 germanae
726 5934 809 5986 suae
836 5913 1085 6004 Salomeae,
1110 5915 1268 5986 habitum
1295 5923 1332 5986 et
1357 5913 1617 6005 professionem
1631 5918 1763 5990 ordinis
1789 5923 1827 5990 et

278 6037 480 6107 monasterii
507 6036 675 6125 praedicti
702 6037 857 6125 sortitae,
884 6035 1041 6106 devictus
1068 6035 1213 6106 innovat
1237 6042 1274 6106 et
1300 6036 1490 6128 confirmat,
1513 6037 1694 6129 locumque
1711 6060 1829 6113 mona·
1845 6044 1853 6061 ”

278 6158 376 6228 sterii
411 6177 520 6248 prope
555 6156 718 6246 oppidum
738 6156 914 6239 -Slrale,
951 6175 1057 6245 supra
1087 6154 1225 6226 fluvium
1264 6156 1504 6230 Prandnilr
1531 6160 1631 6231 locat.
1672 6160 1830 6234 Durabat

278 6284 395 6349 autem
422 6276 511 6350 fabri
580 6277 711 6348 coctills
739 6278 904 6348 ecclesiae
932 6282 968 6347 et
995 6277 1196 6346 monasterii
1223 6276 1512 6363 Zawichostensis
1538 6300 1646 6369 usque
1672 6280 1719 6353 ad
1743 6286 1845 6357 tems
1900 6364 1903 6369 ,

279 6419 365 6487 pora
401 6397 487 6470 Via
559 6482 561 6487 ¹
627 6398 641 6467 i
679 6395 880 6471 Secundi
916 6394 1090 6469 Polouiae-
1115 6396 1227 6487 regi's;
1263 6417 1383 6468 verum
1418 6393 1508 6471 anno
1543 6399 1684 6473 Dorium
1721 6402 1850 6477 mm
1905 6386 1958 6482 1
1995 6428 1999 6435 ·

564 6564 643 6675 δ
686 6657 688 6660 ,
