4217 8059
187 1461 343 1537 ,344

120 1664 220 1743 'rc‘'
266 1693 369 1761 snam
396 1686 592 1740 mensuram
617 1666 784 1757 siliginis,
822 1665 911 1737 duas
937 1682 1068 1737 avenae
1094 1663 1268 1735 confertas
1294 1669 1332 1734 et
1359 1668 1508 1753 quatuor
1532 1682 1685 1752 grossos
1730 1662 1818 1735 Item

258 1789 443 1887 pomuduru
478 1787 639 1865 laborant
672 1807 737 1877 pro
765 1804 848 1857 vere
873 1791 910 1855 et
937 1790 1082 1856 aestate.
1125 1783 1212 1855 Item
1240 1783 1421 1873 praedium
1448 1788 1503 1854 est
1530 1783 1577 1853 ibi
1606 1783 1822 1873 monialium,

265 1912 404 2002 dequo
432 1908 518 1981 ualli
543 1909 684 1979 solvunt
710 1906 888 1977 decimam.
915 1904 1003 1977 Item
1032 1904 1199 1977 scultetus
1225 1926 1293 1975 nour
1322 1911 1383 1975 est
1411 1903 1497 1975 ltem
1525 1905 1727 1983 cmetbones
1754 1904 1820 1976 vil·
1869 1929 1873 1935 ·

173 2081 184 2105 .
264 2031 319 2102 lae
344 2036 507 2102 tenentur
534 2049 652 2100 omnes
680 2047 736 2097 res
763 2028 798 2098 in
828 2026 1073 2099 monasterium
1110 2026 1259 2115 propriis
1287 2026 1446 2096 curribus
1474 2024 1609 2096 ducere
1649 2024 1735 2096 ltem
1761 2032 1820 2097 ta·

264 2149 770 2273 bernae,ite1nbortnlaniae.
811 2147 1270 2219 ltcmornnesometboues
1310 2146 1450 2217 solvunt
1475 2151 1511 2229 et
1538 2146 1733 2217 conducunt
1759 2145 1820 2217 de·

198 2268 390 2399 mam
417 2269 666 2359 manipularem
702 2275 739 2339 et
765 2267 990 2357 cannapalem-
983 2286 1066 2356 -pro
1093 2267 1254 2356 episcopo
1281 2265 1521 2354 cracoviensi,
1558 2273 1594 2337 et
1622 2267 1718 2338 valor
1744 2268 1821 2338 eius

198 2348 473 2501 aelllmatnr
498 2391 543 2462 ad
570 2411 646 2461 sex
659 2408 803 2461 marcas.
831 2386 989 2459 mutuat
988 2438 1126 2457 ......
1185 2452 1187 2459 .

369 2511 616 2599 Guanuusoz,
651 2509 732 2580 villa
759 2509 824 2579 sub
853 2508 1016 2598 parocbia
1044 2507 1198 2580 Novae
1226 2508 1453 2598 Sandecz,
1493 2508 1591 2581 cuins
1621 2510 1821 2599 proprietas

268 2634 314 2706 ad
340 2633 588 2705 monasterium
626 2631 863 2720 Antiquae
898 2627 1106 2700 Sandecz
1143 2614 1303 2720 pertinet.
1348 2629 1388 2700 ln
1419 2650 1488 2720 qua
1524 2635 1605 2701 sunt
1639 2629 1853 2701 deremet·

198 2778 202 2784 ·
269 2776 391 2827 novem
420 2754 510 2825 lanei
537 2751 781 2840 cmetbonales,
807 2750 868 2821 sod
897 2758 1042 2842 propter
1061 2752 1292 2841 quantitatem
1319 2751 1510 2840 longiorem
1537 2757 1599 2822 aul.
1625 2752 1821 2825 breviorem

268 2896 451 2964 agrorum,
476 2873 617 2946 solvunt
643 2893 706 2962 pro
733 2892 838 2943 censu
865 2879 924 2943 aut
954 2871 1040 2962 plau
1068 2879 1127 2942 aut
1155 2872 1287 2960 minus,
1315 2873 1397 2943 item
1426 2893 1530 2943 unum
1556 2872 1706 2962 gallum,
1733 2872 1821 2944 duos
1862 2938 1872 2953 ,

268 3016 398 3082 caseos,
425 2995 548 3085 viginti
574 3014 649 3065 ova
676 2991 764 3064 Item
791 2992 927 3065 ratione
954 3013 1092 3086 ocmpep
1119 2992 1224 3065 solvit
1251 2993 1397 3084 quilibet
1424 3013 1527 3065 unam
1550 3014 1746 3066 pransurum
1775 2995 1822 3064 si·
1858 3052 1865 3071 .

267 3118 405 3208 lirinis,
440 3122 476 3187 et
503 3114 590 3187 duas
616 3134 747 3186 avenae
774 3112 965 3202 confertas,
1004 3120 1039 3182 et.
1066 3120 1215 3204 quatuor
1240 3134 1391 3203 grossos.
1435 3114 1523 3185 llam
1545 3112 1743 3208 potantum·
1756 3136 1821 3204 pro

114 3326 129 3339 „
268 3260 350 3312 vere
376 3243 415 3309 et
440 3242 584 3308 aestate.
619 3234 706 3307 Item
734 3235 901 3307 domoras
926 3233 1059 3306 faciunt
1085 3234 1128 3305 ad
1156 3236 1403 3306 monasterium
1430 3256 1507 3306 cum
1534 3236 1680 3325 singulis
1706 3236 1823 3325 rebus,

75 3334 139 3413 *Ἣ
174 3384 177 3389 ·
267 3363 308 3433 in·
330 3360 487 3452 qualibet
513 3358 730 3430 necessitate.
756 3356 844 3428 Item
872 3376 941 3429 nou
968 3363 1024 3428 est
1050 3356 1240 3446 pmedium,
1266 3377 1378 3446 neque
1404 3358 1584 3446 tabernae,
1610 3378 1722 3449 neque
1740 3358 1823 3430 bor-

170 3472 178 3481 ’
267 3481 429 3553 talaaiae.
473 3479 561 3550 ltem
588 3500 657 3551 nou
683 3485 739 3549 cst
752 3478 935 3572 scoltetia,
970 3466 1055 3547 Item
1084 3498 1204 3549 omnes
1230 3477 1305 3567 agri
1332 3477 1436 3550 villae
1462 3485 1499 3548 et
1526 3479 1728 3551 emethones
1753 3478 1824 3551 sol·

269 3610 355 3675 vunt
379 3608 416 3672 et
443 3600 640 3673 conducunt
675 3592 840 3673 decimam
877 3599 1127 3688 manipularem
1155 3605 1191 3670 et
1218 3599 1519 3689 canapalem·pro
1545 3600 1708 3691 episcopo
1734 3597 1823 3673 Cra

269 3702 433 3813 covieosi,
458 3728 496 3793 et
522 3722 619 3794 valor
645 3721 721 3793 eins
747 3721 950 3792 aestimatur
976 3720 1020 3791 ad
1046 3721 1193 3812 triginta
1221 3741 1362 3792 marcas.
1389 3719 1550 3793 Gonfim
1572 3742 1651 3793 cum
1672 3777 1679 3792 .
1699 3777 1707 3792 .

321 3880 327 3890 ·
373 3843 620 3933 Vnzrvsuuou·‚
647 3842 730 3915 villa
756 3843 821 3915 sub
849 3842 1014 3932 parocbia
1040 3842 1084 3913 de
1111 3841 1237 3914 Nova
1263 3842 1468 3914 Sandecz
1496 3845 1574 3934 sita
1614 3848 1712 3919 cuius
1739 3865 1821 3935 pro-
1869 3890 1872 3895 -

268 3966 399 4057 prietes
427 3966 471 4037 ad
499 3964 776 4043 saridimouiales
811 3960 855 4035 de
882 3963 1091 4053 Antiqua
1127 3962 1332 4036 Sandecz
1368 3964 1529 4055 pertinet
1573 3965 1613 4036 ln
1645 3987 1712 4058 qua
1739 3972 1822 4039 sunt

267 4095 340 4165 tres
367 4087 459 4159 lanai
486 4085 732 4173 cmetbonales,
758 4090 794 4155 et
821 4085 968 4176 quilibet
989 4084 1100 4157 solvit
1127 4105 1197 4174 pro
1209 4105 1313 4157 censa
1340 4094 1419 4157 octo
1445 4093 1587 4176 scottos,
1614 4089 1696 4159 item
1716 4108 1823 4164 um

267 4209 406 4297 gallum,
433 4209 521 4280 duos
547 4227 676 4296 caseos,
703 4207 825 4296 viginti
854 4227 950 4288 ova.
974 4205 1061 4277 ltem
1089 4206 1225 4278 ratione
1251 4230 1388 4301 ‹mzqap
1414 4207 1535 4281 solvit
1546 4191 1823 4299 quilibetunam

267 4350 462 4401 mensuram
490 4328 648 4418 siliginis,
674 4327 762 4400 duas
780 4348 910 4399 avenae
937 4326 1112 4398 contortas
1130 4334 1169 4399 et
1186 4334 1335 4418 quatuor
1353 4349 1502 4417 gmssoa
1530 4328 1616 4401 ltem
1638 4327 1824 4425 pomulam

266 4447 429 4522 laborant
457 4471 520 4543 pro
548 4455 691 4523 vore-et
717 4446 862 4519 aestate.
889 4448 975 4519 llem
994 4470 1063 4520 uon
1082 4456 1138 4520 est
1148 4444 1345 4540 praedium,
1373 4470 1485 4540 neque
1507 4448 1684 4541 tabernae,
1701 4470 1832 4542 -noqna

268 4570 499 4660 hortulaniae3
525 4586 593 4641 ron
621 4576 677 4641 est
703 4568 873 4659 scultella,
900 4569 983 4641 ilem
1003 4569 1237 4643 molendinum
1263 4576 1380 4642 estet
1406 4571 1511 4642 solvit
1528 4625 1645 4643 .....
1664 4571 1751 4643 ltem
1778 4572 1825 4645 de
1857 4611 1861 4617 ·

267 4693 427 4765 omnibus
453 4692 549 4780 agris
577 4690 681 4764 villae
708 4689 857 4762 solvitur
883 4698 919 4761 et
946 4690 1152 4763 conducitur
1180 4691 1313 4762 decima
1331 4691 1558 4782 manipularis
1583 4699 1621 4764 et
1646 4693 1825 4784 smapolis

268 4834 333 4904 pro
357 4813 521 4905 episcopo
548 4810 780 4901 cracoviensi,
807 4817 844 4882 et
871 4812 969 4882 valor
995 4812 1070 4882 eius
1098 4813 1302 4884 aestimatur
1328 4812 1372 4885 ad
1399 4820 1473 4885 tres
1492 4788 1633 4886 merces.
1660 4813 1824 4887 confimo

268 4953 345 5006 cnm
367 4985 483 5004 .....
1572 4947 1574 4953 ·

373 5034 726 5143 Οιιοοιιοιιοπγοπ,
762 5051 846 5131 villa
880 5053 946 5124 sub
971 5052 1138 5144 parocbia
1163 5054 1329 5127 ecclcsiae
1361 5054 1404 5126 de
1437 5055 1709 5146 Podqrodze
1744 5060 1826 5153 sita,

269 5175 367 5245 cuius
393 5173 590 5264 proprietas
623 5173 667 5244 ad
694 5162 980 5249 sanctimoniales.
1008 5173 1052 5247 dc
1089 5174 1297 5266 Antiqua
1331 5175 1539 5248 Sandeoz
1575 5178 1739 5268 pertinet.
1784 5181 1825 5253 ln

220 5340 225 5348 -
269 5314 337 5386 qua
362 5300 443 5390 suut
470 5312 538 5364 sex.
566 5293 660 5384 longi
687 5302 723 5365 et
750 5293 811 5399 lati
847 5295 938 5379 lanei
975 5295 1211 5367 ometbouales
1240 5297 1517 5387 theutonicales,
1553 5299 1612 5388 qui
1641 5295 1823 5383 doodeeur

267 5415 346 5487 aliis
371 5413 615 5507 aequipollent,
642 5420 679 5486 et
705 5402 850 5507 quilibet
877 5415 983 5487 solvit
1010 5408 1074 5504 pro
1100 5436 1205 5486 censu
1233 5424 1312 5488 octo
1339 5415 1479 5508 scotos,
1506 5419 1590 5490 itam
1617 5440 1722 5492 annm
1745 5421 1823 5511 gal·

268 5536 358 5627 lam,
381 5530 470 5607 duos
495 5552 631 5626 caecae,
661 5536 798 5626 viginti.
823 5556 898 5608 ova.
944 5536 1029 5606 Item
1050 5537 1193 5607 'ratione
1219 5559 1358 5633 ‹resapep
1393 5540 1499 5611 solvit
1535 5540 1681 5630 quilibet
1717 5563 1827 5635 anan,

270 5677 464 5730 mensuram
492 5656 640 5749 siliginis
658 5666 694 5729 ot
711 5657 799 5730 duas
825 5676 957 5733 avenae
985 5655 1172 5748 confertas,
1197 5668 1235 5730 et
1254 5671 1403 5750 quatuor
1420 5681 1573 5751 grossos3
1600 5660 1681 5735 ite'm
1703 5684 1826 5758 pom
1923 5662 1934 5671 “

270 5777 349 5848 butu
376 5799 439 5869 pro
467 5797 548 5850 vere
575 5784 612 5850 et
638 5784 772 5849 aestate
799 5777 970 5848 laborant
1015 5777 1100 5848 ltem
1138 5801 1206 5851 uon
1234 5786 1289 5850 est
1323 5782 1522 5872 praedium,
1558 5783 1641 5854 item
1674 5804 1741 5855 aon
1768 5792 1827 5858 est

272 5899 437 5988 scoltetia,
465 5899 546 5969 item
575 5899 741 5968 tabernae
770 5919 837 5967 non
866 5904 958 5987 suut,
985 5899 1067 5981 item
1096 5900 1314 5972 bortulauiae
1334 5924 1401 5972 rum
1420 5911 1510 5974 sunt.
1537 5903 1625 5975 Item
1651 5904 1697 5975 de
1715 5905 1827 5977 omni-

270 6020 334 6092 bns
362 6021 457 6110 agris
486 6020 587 6090 villae
614 6018 762 6091 solvitur·
788 6026 824 6088 et
850 6019 1052 6092 muducitur
1086 6021 1217 6092 decima
1244 6023 1470 6113 manipularis
1496 6031 1532 6095 et
1558 6025 1734 6116 canapalis
1760 6047 1827 6116 pro

270 6141 382 6231 prima
409 6140 611 6231 praebenda
636 6139 885 6231 Sandecaensi,
921 6162 1010 6232 quae
1036 6143 1231 6234 appellatur
1258 6142 1547 6235 cnocuorouska,
1575 6155 1612 6219 et
1638 6146 1737 6219 valor
1764 6146 1822 6219 de-
1866 6208 1868 6213 .

270 6261 377 6334 cimae
405 6262 610 6333 aestimatur
637 6260 681 6333 ad
709 6261 858 6333 sedecim
887 6284 1029 6354 unarcas,
1057 6264 1243 6355 aliquando
1272 6265 1316 6336 ad
1344 6266 1476 6354 viginti.
1503 6265 1663 6341 Conbnrd
1681 6320 1799 6342 .....
