4217 8059
1777 1461 1852 1535 245

408 1663 721 1753 Szonrnnszrczn,
748 1665 833 1737 alias
862 1663 1144 1753 Snowrnsszrs,
1171 1662 1254 1735 villa
1280 1665 1344 1736 snb
1372 1665 1537 1755 parocbia
1562 1665 1605 1737 de
1631 1664 1854 1740 daroszin

304 1786 389 1872 sita,
425 1806 512 1874 quae
540 1785 584 1856 ad
610 1784 1017 1861 dobannem'Nioolaum
1042 1783 1086 1854 de
1113 1784 1218 1856 armis
1246 1785 1378 1856 Rana
1403 1786 1567 1876 pertinet.
1611 1786 1650 1857 In
1678 1808 1748 1878 qua
1773 1793 1855 1861 sunt

304 1905 461 1977 undecim
490 1905 578 1977 lanei
607 1905 859 1993 crrrethonales,
887 1906 929 1978 de
958 1905 1081 1996 quibus
1110 1907 1267 1977 omnibus
1287 1907 1443 1999 solvitur
1470 1907 1737 1989 etconducitur
1762 1908 1854 1981 doci·

304 2047 360 2097 ma
386 2026 612 2118 manipularis
649 2048 712 2118 pro
740 2026 950 2098 monasterio
987 2025 1019 2097 S.
1047 2025 1185 2115 Curis,
1214 2032 1249 2098 et
1277 2027 1374 2098 valor
1410 2028 1484 2098 eius
1518 2029 1562 2098 ad
1599 2035 1676 2100 octo
1709 2050 1853 2121 marcas,

305 2150 386 2219 item
415 2149 571 2238 taberna,
597 2148 680 2220 item
708 2147 892 2234 hortulani,
920 2147 1003 2218 item
1030 2147 1211 2237 praedium
1238 2154 1293 2219 est
1319 2148 1367 2219 ibi
1395 2149 1543 2237 unicum,
1570 2149 1613 2221 de
1640 2150 1738 2223 onius
1760 2153 1854 2241 agris
1889 2135 1893 2141 ’

305 2270 451 2340 solvitur
486 2268 619 2340 decima
654 2268 879 2358 manipularis
915 2289 978 2358 pro
1006 2270 1215 2343 monastario
1251 2268 1399 2342 Sanctae
1428 2270 1549 2341 Crucis
1585 2271 1621 2341 in
1644 2269 1854 2366 ponitis-uam

304 2411 363 2480 eo,
404 2391 495 2480 quod
531 2391 654 2461 baeres
691 2389 857 2479 depositis
892 2389 1152 2479 cmetbonibns,
1191 2390 1372 2462 transtulit
1407 2412 1511 2481 agros
1548 2392 1782 2469 cmetbonales
1809 2393 1853 2464 in
1891 2466 1894 2473 ,

305 2511 494 2601 praedium.
600 2607 602 2610 ῃ

408 2631 914 2749 Mnasusscnowrczaesfflilla
940 2632 1073 2705 habens
1100 2632 1136 2703 in
1164 2654 1201 2704 se
1228 2632 1407 2707 ecclesiam
1436 2633 1668 2727 parochialem
1695 2633 1854 2725 ligneam,

305 2754 401 2825 cuius
429 2754 624 2844 proprietas
651 2740 731 2827 ad‘··:
834 2742 1026 2826 “salum
1062 2759 1098 2823 et
1133 2753 1373 2825 Derslaum
1410 2753 1538 2826 fratres
1570 2755 1742 2827 dedomo
1778 2756 1853 2828 Le-

305 2876 451 2946 wartb
479 2875 639 2965 pertinet.
683 2854 751 2973 Infl‘
827 2878 929 2947 ‘sunt
956 2874 1124 2945 tredecim
1159 2874 1376 2945 commedio
1403 2876 1495 2946 lanei
1523 2862 1775 2967 cmetbonalos,
1809 2878 1854 2950 de

305 2997 429 3088 quibus
457 2997 614 3068 omnibus
647 2976 857 3097 solrliuj‘lnet
882 2996 1086 3068 conducitur·
1121 2994 1255 3068 decima
1291 2996 1515 3086 manipularis
1551 3018 1614 3087 pro
1642 2999 1853 3083 monasterio

304 3118 450 3190 &nome
477 3117 616 3207 Crucis,
652 3124 688 3189 et
715 3092 827 3211 valor
840 3096 1148 3221 eius'aestimatur
1185 3116 1229 3187 ad
1258 3116 1373 3187 decem
1402 3138 1551 3206 marcas,
1587 3119 1671 3193 item
1707 3122 1855 3193 taberna

304 3244 367 3326 est,
394 3238 476 3310 item
506 3239 702 3325 hortulani,
729 3216 1019 3329 item-praedium
1046 3237 1202 3326 unicum,
1230 3236 1273 3307 de
1300 3237 1397 3307 cuius
1424 3238 1519 3328 agris
1546 3238 1694 3319 solvitur
1720 3240 1854 3315 decima

202 3372 205 3381 ·
304 3360 527 3451 manipularis
546 3360 709 3431 ecclesiae
729 3346 917 3449 parochiali
941 3357 1067 3430 ibidem
1096 3359 1131 3428 in
1159 3358 1643 3448 Markusscbowicze;
1669 3361 1731 3431 sed
1756 3362 1854 3435 curio

303 3482 485 3571 usurpavit
502 3481 646 3572 ,aliquos
673 3501 777 3570 agros
805 3479 1048 3569 cmetbonales‚
1076 3481 1118 3550 de
1138 3480 1262 3569 quibus
1281 3484 1421 3550 tenetur
1444 3478 1615 3551 decimare
1633 3482 1854 3569 monasteria

302 3603 398 3674 item·
421 3602 588 3691 plebanus
623 3602 730 3673 habet
764 3601 899 3691 aliquos
926 3620 1047 3691 agros,
1082 3600 1269 3690 quierant
1304 3599 1523 3671 cmetbonnm
1559 3605 1597 3672 et
1621 3602 1665 3673 de
1693 3602 1852 3675 omnibus

305 3722 454 3798 decimat
480 3722 548 3813 pro'
570 3722 791 3796 monasterio.
1448 3736 1455 3743 ·
1579 3810 1582 3817 Ι

406 3843 526 3915 Saron
553 3844 627 3915 sive
655 3843 832 3930 Sroczsrr,
860 3841 943 3913 villa
959 3842 1023 3913 sub
1042 3840 1209 3932 parochia
1226 3841 1269 3913 de
1296 3798 1747 3933 Climyant'bdwioze
1774 3844 1852 3933 sita,

302 3965 399 4035 cuins
426 3965 622 4055 proprietas
640 3964 682 4035 ad
703 3962 924 4036 Catberinam
951 3962 1187 4033 Sbasszlra
1218 3961 1376 4033 relictam
1395 3961 1567 4033 debannis
1594 3960 1855 4057 (il-onacro-

303 4086 410 4156 wic'z
438 4086 599 4175 pertinet.
626 4085 666 4155 In
694 4090 871 4174 quaeunt
898 4083 989 4153 lanei
1017 4082 1271 4171 cmetbonales,
1308 4080 1369 4153 sed
1398 4083 1574 4173 perceptio
1602 4082 1854 4221 decimffima·

303 4206 470 4296 nipularis
506 4206 549 4278 de
575 4204 644 4277 illis
673 4206 847 4291 variatur;
884 4225 962 4274 nam
996 4202 1245 4273 monasterium
1281 4202 1428 4274 Sanctae
1466 4202 1587 4275 Crucis
1624 4204 1774 4297 percipit
1812 4204 1855 4276 de

304 4327 398 4417 agris
423 4328 592 4417 antiquis,
626 4324 788 4397 videlicet
816 4324 973 4396 undecim
1001 4345 1077 4395 cum
1104 4321 1218 4394 medio
1246 4322 1372 4411 laneis,
1408 4323 1601 4414 episcopus·
1618 4342 1703 4395 vero
1729 4323 1856 4397 Croco-

304 4447 432 4519 riensis
459 4447 501 4518 de
529 4448 638 4518 laneis
651 4447 823 4537 percipit,
850 4450 1015 4534 tanquam
1043 4443 1086 4515 de
1114 4444 1223 4515 cruda
1248 4442 1366 4514 radice
1392 4443 1588 4534 extirpatis
1628 4444 1712 4517 item
1739 4446 1855 4519 taber·

305 4591 377 4657 nae,
405 4569 487 4640 item
514 4568 742 4657 hortulaniae,
769 4568 854 4638 item
881 4564 1070 4656 praedium,
1098 4565 1181 4635 item
1209 4563 1368 4635 scoltetia
1393 4563 1464 4634 illic
1491 4569 1554 4655 est,
1583 4564 1625 4636 de
1645 4566 1741 4638 cuius
1760 4567 1856 4657 agris

302 4690 448 4761 solvitur
476 4688 608 4761 decima
636 4688 862 4778 manipularis
889 4686 1054 4758 ecclesiae
1082 4684 1274 4775 parochiali
1301 4684 1336 4756 in
1364 4683 1827 4775 Climyantbowicze

410 4786 695 4899 Banczrnuruo,
724 4809 807 4879 villa
824 4807 996 4898 quondam
1014 4806 1082 4878 luit
1100 4806 1295 4878 hominibus
1323 4806 1445 4896 locata,
1473 4808 1537 4878 sub
1556 4808 1722 4898 parocbia
1747 4807 1856 4879 eccle·

303 4932 374 5002 siae
401 4931 443 5002 de
470 4929 493 5002 J
504 4930 725 5002 aroscbin
752 4931 831 5018 sita,
859 4949 946 5019 quae
973 4929 1141 5000 bactensis
1168 4928 1307 5000 deserta
1333 4933 1398 5017 est,
1424 4928 1522 4999 cuius
1550 4929 1749 5019 proprietas
1775 4949 1855 5020 per·

301 5054 388 5123 tinet
414 5053 458 5123 ad
477 5107 484 5122 .
503 5107 510 5120 .
530 5108 536 5122 .
556 5084 563 5121 .·
583 5106 617 5121 ..
658 5051 744 5141 Agri
772 5055 887 5122 autem
914 5056 950 5121 et
977 5051 1089 5139 campi
1116 5048 1220 5120 villae
1240 5047 1424 5140 ‚praefatae
1451 5053 1598 5123 arantur
1625 5054 1661 5121 et
1687 5051 1851 5123 coluntur

304 5193 366 5260 per
393 5174 651 5245 circumvicinas
680 5172 778 5243 villas
806 5176 841 5242 et
868 5170 1075 5261 praesertim
1102 5190 1166 5260 per
1192 5168 1309 5241 villam
1328 5222 1496 5259 .......
1523 5176 1560 5240 et
1586 5169 1720 5243 decima
1746 5172 1855 5243 mani·

201 5346 208 5357 .
304 5292 433 5381 polaris
460 5295 607 5366 solvitur
633 5301 669 5365 et
697 5292 900 5391 conducitur
926 5312 990 5382 pro
1017 5292 1228 5362 monasterio
1256 5284 1405 5362 Sanctae'
1429 5280 1565 5382 Crucis,
1593 5298 1629 5362 et
1656 5291 1754 5363 valor
1781 5293 1855 5365 eius

304 5414 508 5486 aestimatur
533 5414 576 5486 ad
605 5421 754 5505 quatuor
781 5433 943 5485 marcas..
1298 5444 1334 5527 pp
1429 5411 1432 5415 ’

407 5533 751 5626 Orrsrnnowrcze,
773 5534 855 5605 villa
873 5546 981 5625 prope
999 5532 1139 5604 fluvium
1158 5530 1355 5622 Wyeprz
1382 5533 1446 5621 sub
1466 5531 1632 5623 parocbia
1650 5531 1692 5603 de
1721 5529 1855 5623 Czye·

304 5655 543 5746 myernilry
571 5656 648 5745 sito,
675 5656 773 5726 ouius
801 5654 997 5745 proprietas
1024 5654 1107 5725 olim
1134 5653 1333 5744 pertinebat
1360 5652 1403 5724 ad
1431 5653 1678 5725 monasterium
1706 5652 1854 5725 Sanctae

303 5775 423 5848 Cmcis
451 5775 584 5847 Calvi
610 5775 804 5864 Montis,
841 5796 931 5867 nunc
959 5795 1041 5847 vero
1070 5775 1222 5866 pertinet
1247 5774 1291 5861 od
1318 5774 1512 5847 dobannem
1540 5780 1577 5845 et
1603 5774 1784 5846 Nicolaum
1810 5775 1853 5847 de

304 5897 711 5969 Scbestrzewitow
738 5899 781 5969 de
808 5897 910 5969 domo
938 5894 1234 5969 Acervorum.
1261 5896 1300 5968 ln
1321 5917 1389 5987 qua
1408 5895 1625 5969 snntdecem
1653 5897 1744 5969 lanei
1763 5916 1853 5989 cme-

302 6018 471 6107 tbonaleS,
498 6017 603 6089 etde
631 6018 789 6089 omnibus
817 6016 964 6089 soluitur
990 6017 1124 6089 decima
1150 6016 1378 6107 manipularis
1405 6025 1441 6088 et
1468 6015 1671 6088 conducitur
1698 6037 1762 6108 pro
1780 6037 1853 6091 mo-

303 6140 456 6209 nasterio
485 6138 632 6209 Sanctae
660 6136 781 6211 Crucis
808 6137 942 6211 Calvi
969 6137 1164 6227 Montis,
1192 6144 1229 6209 et
1246 6138 1345 6209 valor
1372 6137 1673 6219 eiusaestimatur
1691 6138 1735 6209 ad
1753 6138 1853 6229 quin·

303 6281 369 6350 que
396 6280 539 6330 marcas.
566 6258 733 6331 Vendidit
750 6266 866 6332 autem
884 6259 1001 6332 villam
1027 6258 1219 6349 praelatam
1247 6255 1449 6329 Mathias
1477 6257 1584 6328 abbas
1612 6261 1648 6327 et
1665 6262 1853 6343 convontus

305 6379 450 6453 Sanctae
479 6379 609 6471 Crucis,
637 6400 728 6450 anno
746 6379 885 6453 Domini
909 6382 1043 6453 1400....
1062 6386 1228 6472 tanquam
1247 6378 1314 6450 sibi
1332 6399 1453 6472 parum
1471 6378 1700 6469 accomodam,
1719 6380 1855 6454 nonnisi
