4217 8059
1623 1476 1820 1573 ''en
1963 1461 1966 1465 ’

271 1723 419 1806 quatuor
445 1714 536 1785 lanei
563 1713 832 1805 oppidanorum,
859 1719 895 1785 et
911 1712 1058 1804 quilibet
1082 1712 1127 1783 de
1145 1711 1263 1799 laneo,
1289 1711 1318 1781 si
1337 1717 1453 1781 tamen
1480 1710 1605 1781 braxat
1629 1707 1823 1799 cervisiam,

270 1836 384 1907 solvit·
409 1856 472 1925 pro
509 1835 675 1907 coenobio
702 1833 851 1906 madiam
878 1854 1045 1923 mmmm,
1079 1833 1109 1905 si
1137 1855 1204 1903 non
1234 1833 1375 1920 braxat,
1411 1831 1522 1902 solnm
1550 1852 1654 1902 uuum
1686 1838 1822 1904 motum

269 1957 448 2028 fertonem.
487 1956 573 2028 ltem
602 1962 683 2027 suut
709 1956 758 2026 ibi
785 2006 926 2025 ......
966 1955 1107 2045 domus,
1143 1961 1179 2026 et
1205 1953 1352 2044 quilibet
1388 1952 1492 2024 solvit
1523 1973 1627 2022 uinum
1653 1974 1821 2043 gronam,
1881 1986 1920 2050 j

269 2078 330 2149 sed
358 2078 388 2149 si
406 2078 531 2148 braxat
558 2077 759 2148 cerevisiam
778 2076 883 2148 solvit
901 2129 1015 2146 .....
1055 2076 1144 2148 item
1171 2073 1434 2166 quatuordecim
1452 2073 1651 2145 carnificina
1669 2074 1821 2165 macella,

269 2205 306 2269 et
333 2198 512 2288 quodlibet
548 2196 653 2268 solvit
688 2217 793 2268 unum
829 2196 978 2287 lapidem
1006 2197 1080 2287 sepi
1107 2217 1170 2287 pro
1198 2215 1319 2283 censu,
1352 2202 1388 2266 et
1414 2191 1546 2284 septem
1574 2181 1750 2284 pertinent
1777 2196 1822 2266 ad

268 2338 399 2408 regem,
427 2318 560 2408 reliqua
578 2323 710 2407 septem
729 2318 906 2407 pertinent
923 2317 980 2389 ad'
991 2317 1279 2389 sanctimoniales.
1315 2315 1409 2387 itam·
1423 2316 1585 2405 oppidani
1603 2315 1822 2417 non-faciunt

268 2438 402 2528 aliquos
420 2438 575 2526 labores,
600 2458 714 2528 ,neque
733 2439 908 2510 ducturas.
938 2439 1024 2509 Item
1047 2438 1151 2509 horti.
1180 2438 1266 2509 Item
1286 2456 1404 2523 omnes
1422 2436 1655 2527 quadraginta
1673 2444 1823 2527 quatuor

269 2559 361 2631 lanei
380 2558 629 2650 oppidanorum
648 2558 790 2631 solvunt
807 2559 973 2631 decimam
993 2559 1259 2650 manipularem,
1283 2557 1343 2630 sed
1362 2558 1474 2647 varim
1501 2578 1582 2629 uam
1600 2563 1680 2648 post
1698 2558 1820 2648 viginti
1965 2558 1974 2583 ⁸

269 2680 387 2751 laneos
415 2685 549 2750 tantam
577 2680 726 2751 solvitur
755 2680 889 2751 decima
914 2680 1160 2771 manipularis,
1196 2701 1264 2751 non
1291 2686 1407 2750 tamen
1434 2677 1628 2768 campalis,
1657 2678 1831 2750 ecclesiae

268 2800 457 2890 parochiali
484 2800 632 2871 Sanctae
659 2780 842 2872 Trinitatis
869 2801 904 2871 in
923 2800 1240 2890 Zawichosth‚
1268 2800 1416 2871 etaolus
1443 2799 1611 2889 plebanus
1637 2820 1712 2871 eam
1739 2821 1820 2871 con·

268 2921 373 3008 ducit
401 2921 484 2992 item
511 2921 554 2991 de
573 2919 651 2991 aliis
679 2918 802 3011 iiginti
821 2928 972 3013 quatuor
989 2922 1117 3010 laneis,
1145 2922 1292 2994 solvitur
1319 2921 1463 3014 decima,
1490 2941 1559 2992 non
1585 2927 1701 2992 umen
1720 2941 1823 2993 cana·

269 3041 375 3131 palia,
402 3047 439 3112 et
464 3041 639 3113 inducitur
666 3042 844 3139 ousmdiae
883 3043 1002 3115 Sancti
1033 3043 1187 3115 Floriani
1219 3044 1255 3115 in
1282 3041 1526 3130 Graecula,
1552 3048 1590 3114 et
1620 3042 1718 3114 valor
1742 3043 1832 3114 cius·

270 3160 477 3231 aestimatur
502 3159 546 3231 ad
566 3160 760 3251 quindecim
787 3181 943 3250 marcas3
969 3183 1012 3233 ex
1038 3170 1141 3253 pacto
1168 3168 1284 3234 temen
1312 3161 1476 3251 oppidani
1503 3160 1831 3233 Zamichoathenaes·

270 3280 409 3353 solvunt
434 3302 499 3372 pro
518 3302 561 3352 ea
587 3282 722 3353 custodi
749 3282 930 3361 duodecim
957 3304 1099 3354 marcas.
1140 3283 1227 3353 Item
1254 3288 1308 3355 eat
1334 3282 1383 3354 ihi
1409 3281 1589 3372 praedium
1616 3283 1752 3372 regale,
1778 3283 1823 3355 de

269 3402 367 3473 cuiue
393 3402 488 3492 agris
515 3401 664 3473 solvitur
690 3402 824 3474 decima
853 3403 1079 3493 manipularis
1106 3403 1272 3475 ecclesiae
1298 3402 1488 3497 parochiali
1515 3402 1663 3474 Sanctae
1688 3383 1825 3475 Mariae

268 3514 314 3592 in‘
330 3521 643 3612 Zawichoath,
669 3523 762 3613 quod
781 3523 861 3596 olim
880 3523 946 3595 fuit
962 3524 1203 3596 advocatiale..
1227 3524 1315 3595 item
1334 3523 1478 3595 ecclesia
1503 3523 1537 3596 S.
1555 3521 1691 3595 Mariae
1716 3525 1823 3596 habet

141 3696 144 3701 .
268 3642 428 3714 similiter
461 3650 498 3723 et
538 3643 685 3714 ecclesia
720 3644 753 3714 S.
790 3643 972 3716 Trinitatis
1007 3665 1113 3735 agros
1148 3644 1344 3735 praediales
1378 3644 1516 3716 liberos
1567 3645 1655 3716 Item
1692 3649 1748 3715 est
1772 3645 1822 3717 ibi

269 3764 516 3835 monasterium
542 3763 690 3835 lratmrm
717 3766 888 3837 minorum
915 3766 1033 3838 Sancti
1061 3765 1248 3854 Francisci,
1275 3765 1373 3837 cuius
1393 3765 1548 3837 ecclesia
1572 3786 1648 3838 cam
1676 3765 1822 3837 officinis
1959 3818 1964 3825 -

164 3926 172 3931 -
269 3885 469 3956 monasterii
504 3905 568 3975 per
595 3885 861 3958 Boleslaum
888 3886 1263 3959 Pudicum'ducem
1300 3893 1399 3959 cocto
1431 3886 1541 3959 latere
1567 3894 1705 3960 murata
1731 3896 1822 3976 sunt,

269 4004 384 4107 habet·
400 4005 551 4076 medium
578 4002 715 4081 lineum
742 4007 785 4078 de
812 4027 917 4098 agro,
943 4007 1004 4081 aed
1032 4008 1138 4080 solvit
1163 4009 1279 4080 omnia
1304 4009 1437 4080 tributa
1463 4009 1507 4079 de
1534 4007 1604 4080 illo.
1644 4008 1731 4080 ltem
1757 4007 1824 4080 luit

268 4125 316 4196 ibi
335 4126 441 4196 tertia
466 4125 612 4198 ecclesia
629 4128 839 4218 parochialis
866 4128 984 4201 Sancti
1012 4129 1174 4201 Mauricii
1202 4130 1326 4220 lignee,
1353 4129 1415 4202 sed
1433 4129 1604 4201 lucillam
1632 4129 1824 4201 Borowa

268 4244 440 4316 manslata
460 4253 537 4318 est.
579 4247 665 4319 item
702 4249 864 4339 oppidum
901 4248 1198 4321 Zawichosth
1226 4249 1456 4321 bannitum
1484 4251 1647 4339 optimam
1675 4249 1822 4322 advoca·
1959 4326 1965 4333 ,

270 4367 367 4456 tiam²
395 4387 483 4457 qnae
502 4368 790 4459 habebatvillem
815 4354 1085 4442 Szobothlra
1110 4371 1178 4443 sibi
1195 4372 1347 4442 iunctam
1375 4378 1412 4442 et
1435 4368 1666 4443 molendinum
1694 4371 1821 4443 bonum

270 4495 306 4558 et
323 4489 545 4560 medietatem·
569 4490 809 4580 macellorum,
836 4512 925 4583 quae
943 4492 1059 4601 omnia
1084 4491 1310 4564 Gasimirus
1326 4491 1544 4684 ¹mundus
1570 4512 1632 4564 rex
1654 4490 1821 4563 Poloniae

270 4614 429 4700 coempta
455 4609 652 4701 advocatia,
679 4613 788 4683 traxit
823 4614 940 4684 omnia
970 4611 1014 4684 ad
1042 4634 1080 4684 sc
1107 4618 1143 4683 ct
1159 4618 1310 4684 castrum
1423 4613 1634 4701 'chastenae;
1661 4613 1820 4687 balneum

197 4709 206 4725 ⁸
270 4730 361 4819 quod
379 4730 445 4802 luit
472 4730 650 4821 advocati,
677 4739 829 4823 emptum
849 4754 926 4804 cum
939 4732 1132 4817 ¹adtrectatia
1150 4735 1303 4823 pertinet
1328 4733 1375 4805 ad
1393 4731 1524 4825 regem}
1551 4740 1588 4806 et
1605 4733 1710 4805 solvit
1735 4734 1823 4805 duaa

269 4870 412 4922 marcas.
452 4850 611 4923 Oonbmt
646 4873 722 4924 cum
749 4852 947 4946 Winary,
982 4848 1183 4944 Daunoni,
1219 4854 1434 4945 Gaiazow,
1460 4854 1821 4945 Mistrzowiczq

268 4971 445 5062 Linon,
472 4971 678 5058 Garhow.
788 5010 796 5025 ·
1197 5024 1203 5033 ·
1431 5027 1435 5033 -
1934 5040 1949 5071 ‚

371 5093 542 5165 Wruanr
579 5095 709 5166 Maron
747 5116 808 5168 seu
844 5097 1043 5185 Seremus,
1079 5096 1145 5168 suh
1180 5098 1347 5188 parochia
1381 5097 1527 5170 Sanctae
1563 5097 1746 5183 humatis
1779 5099 1825 5171 da

269 5194 561 5287 Zewichosth
589 5217 671 5306 sita,
698 5223 814 5308 etper
842 5218 1108 5289 Boleslaum
1135 5218 1354 5290 Pudicum
1381 5220 1480 5310 regni
1507 5218 1673 5293 Poloniae
1698 5221 1819 5294 ducam

268 5341 304 5405 et
321 5337 542 5408 monarcham
569 5339 780 5410 monasterio
807 5339 1080 5410 Zawichoslensi
1108 5338 1244 5410 dorrata
1284 5340 1323 5410 In
1351 5360 1420 5432 qua
1435 5345 1529 5413 sunt
1554 5348 1706 5432 quatuor
1730 5342 1822 5413 lanei

268 5456 516 5546 cmetlroneles,
532 5500 534 5505 ·
552 5466 589 5530 et
614 5458 760 5550 quilibet
786 5461 891 5532 solvit
917 5481 981 5552 pro
1000 5480 1118 5559 censu
1132 5481 1235 5531 unam
1263 5480 1433 5551 marcam,
1464 5462 1548 5534 item
1574 5480 1642 5534 ova
1664 5462 1822 5552 triginta

267 5578 351 5648 item
377 5578 488 5667 gallos
520 5580 625 5670 duob,
661 5581 745 5652 item
781 5601 901 5654 caecos
927 5581 1034 5670 duos3
1069 5583 1151 5654 item
1188 5604 1326 5677 osezyep
1352 5603 1420 5657 nou
1453 5580 1601 5655 solvunt
1641 5582 1728 5653 ilem
1756 5603 1822 5674 pro

268 5720 350 5770 vere
385 5708 421 5770 et
448 5700 570 5792 hyeme
606 5701 692 5773 duas
712 5701 894 5796 medua,
930 5709 966 5774 et
992 5704 1148 5794 qualibet
1183 5703 1377 5794 septimana
1412 5723 1516 5774 unum
1553 5702 1643 5774 diem
1681 5704 1823 5795 proprio
1966 5766 1969 5775 .

267 5840 371 5891 curru
407 5820 566 5894 laborare
595 5829 775 5895 tenentur.
815 5823 903 5894 item
938 5824 1120 5914 praedium
1142 5830 1210 5897 'cst
1246 5825 1313 5914 ibi,
1350 5824 1393 5896 de
1421 5825 1519 5897 cuius
1554 5825 1649 5917 agria
1676 5825 1823 5897 solvitur

218 5974 221 5980 ·
268 5943 401 6013 decima
418 5944 643 6034 manipularis
661 5945 827 6017 ecclesiae
846 5943 992 6015 Sanctae
1011 5944 1194 6017 Trinitatis
1212 5946 1248 6017 in
1267 5945 1539 6019 Zawichosth.
1572 5947 1658 6019 Item
1677 5946 1823 6018 taberna
1893 5996 1927 6035 ς..

266 6084 335 6134 una
361 6065 493 6136 habena
519 6066 651 6155 amplos
677 6087 799 6157 agros,
832 6072 868 6138 et
894 6065 999 6138 solvit
1025 6085 1129 6137 unani
1157 6088 1234 6139 cum
1261 6067 1375 6140 media
1402 6086 1545 6139 marcas.
1585 6068 1672 6139 Item
1701 6022 1934 6139 hortun-'³³'

266 6186 380 6258 laniae
409 6187 497 6259 duae
525 6188 690 6260 habentes
717 6209 839 6278 agree,
876 6195 912 6259 ct
939 6187 1043 6259 solvit
1079 6188 1254 6277 quaelihet
1288 6210 1352 6278 pro
1380 6210 1484 6262 censu
1511 6209 1617 6259 unum
1642 6188 1811 6260 fertonem
1915 6280 1919 6287 Ι

266 6314 304 6378 et
330 6330 449 6380 ornnes
476 6329 581 6411 unum
608 6309 699 6380 diem
725 6307 888 6381 laborant
914 6309 1104 6400 pedestres.
1146 6309 1232 6380 ltem
1258 6308 1426 6380 decimam
1454 6308 1701 6399 manipularem
1729 6329 1803 6379 eme
1938 6306 1979 6385 1

203 6438 206 6444 ’
266 6427 400 6522 thanes,
426 6410 647 6505 taberaid'et
664 6428 883 6504 hortulauiae
902 6430 1042 6505 solvunt
1068 6436 1105 6504 et
1132 6430 1328 6503 conducunt
1371 6429 1532 6506 similiter
1558 6436 1596 6502 et
1613 6429 1758 6520 canapal
1798 6422 1801 6427 ’
1849 6460 1855 6471 ·

587 6624 654 6709 Ἰ
1540 6694 1566 6753 d
