4217 8059
279 1494 354 1577 ate

280 1693 550 1784 Onnegundi
585 1692 697 1762 zelum
733 1710 896 1779 magnum
922 1688 966 1759 ad
994 1687 1151 1758 ordinem
1177 1685 1281 1757 Beati
1317 1684 1493 1755 Francisci
1520 1683 1712 1787 habentes,
1739 1702 1832 1754 anno
1885 1664 1888 1669 ¹

277 1815 417 1887 Domini
448 1814 554 1884 1257.
581 1814 767 1883 erexerunt
794 1813 829 1879 et
854 1807 1097 1897 fundaverunt,
1123 1811 1160 1877 et
1185 1805 1367 1894 collegium
1394 1803 1575 1875 duodecim
1592 1801 1742 1874 iraham
1760 1800 1831 1885 Mi-
1886 1878 1895 1887 ,

279 1956 402 2007 norum
430 1933 500 2033 illic
527 1936 734 2023 posuerunt,
760 1951 834 2000 rem
862 1929 1015 2001 divinam
1042 1935 1079 1999 et
1106 1928 1211 2033 lucras
1238 1926 1421 1997 canonicas
1449 1945 1532 1996 voce
1560 1942 1687 1995 sonora
1714 1923 1831 2013 exple·

273 2038 409 2127 turum.
446 2052 628 2125 Praefatus
664 2053 806 2141 insuper
842 2049 1091 2121 Boleslaus
1119 2046 1321 2119 Pudicus
1347 2044 1436 2134 dux,
1463 2052 1603 2135 sumptu
1632 2043 1769 2115 liberali
1797 2051 1834 2115 et

281 2174 483 2265 magnifico,
518 2172 696 2245 ecclesiam
732 2171 768 2243 in
802 2171 968 2242 honorem
1003 2168 1123 2241 Sancti
1141 2152 1323 2240 'Stanislai
1359 2166 1523 2256 martyris
1559 2165 1722 2255 gloriosi,
1750 2166 1834 2235 item

230 2318 251 2347 a
281 2294 531 2367 monasterium
558 2298 594 2365 et
620 2292 734 2382 cellas,
760 2297 866 2382 atque
892 2289 1094 2363 habitacula
1120 2311 1184 2379 pro
1211 2288 1322 2359 servis
1350 2287 1425 2376 Dei,
1452 2307 1570 2365 omnes
1588 2286 1744 2357 officinas
1763 2306 1836 2356 mo-

281 2415 426 2485 nasterii
462 2418 560 2487 cocto
595 2413 706 2484 latere
741 2417 777 2483 et
812 2410 1047 2501 pulcherrimo
1076 2408 1177 2480 modo
1206 2408 1419 2496 aedificavit,
1447 2427 1536 2497 quae
1561 2407 1679 2478 omnia
1701 2407 1772 2477 iam
1800 2406 1836 2477 in

282 2552 408 2623 magna
433 2538 532 2622 parte
558 2532 697 2605 ruinata
723 2536 814 2619 snut,
840 2550 904 2601 nec
929 2533 1026 2600 tanto
1054 2535 1211 2618 ternpore
1236 2528 1453 2615 instaurata;
1479 2525 1593 2597 nullos
1620 2526 1709 2597 enirn
1729 2525 1837 2597 hahet

282 2652 475 2743 praefatum
502 2651 749 2723 monasterinm
777 2650 932 2722 Novae
959 2648 1191 2721 Civitatis
1218 2668 1351 2737 census,
1379 2646 1492 2719 nullos
1518 2647 1694 2735 introitus,
1711 2644 1837 2719 sedda

283 2773 373 2866 stipe
399 2773 564 2844 continua
589 2777 626 2843 et
652 2770 695 2842 de
720 2769 949 2860 eleemosynis
976 2769 1072 2840 vivit.
1864 2756 1868 2761 ’

861 3068 1264 3199 amnemamnem.

389 3296 575 3390 Quintum
604 3298 881 3371 monasterium
910 3296 1057 3370 ordinis
1087 3294 1279 3369 Minorem
1308 3296 1344 3367 in
1373 3293 1545 3367 dioecesi
1575 3290 1838 3367 cracoviensi

286 3422 322 3491 in
358 3418 485 3510 oppido
520 3419 723 3506 Bithom,
759 3419 857 3489 cuins
893 3417 1091 3508 proprietas
1127 3415 1172 3487 ad
1198 3414 1452 3487 Conradum
1489 3414 1609 3486 ducem
1636 3413 1840 3504 Olyeschni-

285 3560 441 3612 ocensem
469 3539 629 3628 pertinet,
657 3537 749 3628 quod
776 3558 866 3609 anno
893 3537 1059 3609 Domini.
1078 3591 1086 3607 .
1105 3590 1112 3606 .
1131 3536 1200 3609 dux
1228 3535 1546 3626 lllyeschniczensis
1569 3541 1605 3605 et
1625 3535 1839 3605 Bithomien·

287 3661 336 3731 sis
356 3714 363 3728 .
383 3713 390 3728 .
410 3714 417 3727 .
435 3659 549 3730 erexit
574 3664 611 3729 et
637 3657 804 3747 fundavit,
830 3663 865 3728 et
892 3656 1094 3749 coenoln'pm
1120 3656 1267 3727 fratrum
1295 3655 1479 3744 Minorem,
1508 3656 1567 3745 qui
1595 3676 1666 3725 rom
1686 3654 1839 3726 divinam

287 3787 323 3849 et
359 3778 541 3849 canonicas
577 3777 681 3848 horas
717 3777 790 3848 illic
823 3754 1041 3868 explerent,⁴
1059 3776 1229 3864 instituit,
1256 3772 1434 3847 ecclesiam
1463 3796 1599 3865 quoque
1627 3776 1842 3865 monasterii,

288 3899 372 3969 item
399 3904 435 3968 et
470 3897 736 3985 monasterinm,
763 3896 937 3986 cellasque
972 3896 1065 3986 eius,
1092 3894 1236 3986 pulchro
1263 3894 1365 3966 modo
1391 3895 1585 3967 fabricavit.
1627 3894 1705 3966 Non
1732 3895 1841 3968 habet

288 4017 394 4089 etiam
430 4015 565 4104 aliquos
601 4020 789 4105 proventus
825 4021 861 4087 et
895 4037 1035 4089 censum
1072 4016 1321 4088 monasterinm
1348 4014 1560 4105 praefatum,
1586 4015 1648 4087 sed
1676 4036 1720 4087 ex
1748 4016 1841 4106 stipe

285 4134 487 4225 quotidiana
512 4140 549 4207 et
574 4135 802 4226 eleemosynis
828 4133 980 4207 fidelium
1009 4135 1103 4225 vivit,
1131 4135 1223 4226 quod
1250 4134 1342 4225 apud
1368 4135 1552 4207 dioecesim
1571 4135 1837 4209 Crotoniensem

293 4256 420 4334 fratres
446 4255 689 4327 conventuales
716 4254 848 4327 ordinis
874 4255 1049 4327 Minorum
1077 4256 1225 4345 primum
1253 4263 1289 4327 et
1316 4255 1464 4328 exclusit
1489 4264 1526 4327 et
1552 4256 1676 4345 eiecit,
1703 4263 1742 4329 et
1775 4257 1846 4329 fra·

287 4383 362 4447 tres
388 4375 542 4469 eiusdem
568 4375 701 4449 ordinis
728 4374 772 4447 de
797 4375 1019 4447 observantia
1045 4376 1217 4465 suscepit3
1243 4375 1303 4467 qui
1329 4376 1541 4449 monasterio
1568 4377 1604 4449 in
1631 4399 1730 4451 suum
1750 4378 1842 4469 regi·

291 4514 370 4567 men
396 4502 569 4599 suscepto,
596 4494 743 4584 quodam
771 4501 927 4585 tempore
953 4494 999 4565 ad
1025 4515 1179 4566 mensam
1206 4495 1379 4567 sedissent
1396 4497 1568 4587 pransuri,
1586 4498 1687 4588 panis
1705 4518 1843 4590 qnoque

290 4636 312 4685 a
337 4614 528 4702 guardiano
556 4620 592 4685 et
617 4614 785 4686 fratribus
811 4610 998 4703 diligenter
1016 4613 1143 4702 ubique
1161 4615 1384 4704 mendicatus,
1403 4636 1467 4705 pro
1486 4612 1674 4689 relectione
1690 4616 1841 4691 fratrum

290 4756 359 4806 non
396 4735 507 4824 possit
542 4733 675 4807 haberi.
719 4732 849 4805 Mulier
890 4732 1059 4823 quaedam
1095 4754 1172 4804 cum
1213 4735 1430 4808 vehementia
1466 4737 1611 4828 spiritus
1645 4736 1846 4831 adveniens,

291 4855 475 4944 cophinum
501 4854 553 4951 a&
579 4874 739 4945 magnum
766 4852 906 4943 plenum
933 4851 1131 4925 recentibus
1149 4859 1187 4926 et
1203 4854 1340 4927 noviter
1357 4856 1394 4929 in
1412 4856 1550 4931 clibano
1567 4861 1675 4945 coctis
1692 4860 1844 4950 panibus

290 4974 419 5061 attulit,
445 4980 483 5045 et
507 4972 672 5045 familiam
697 4973 763 5044 Dei
791 4973 923 5063 refecit,
948 4992 1108 5045 asserens
1135 4993 1173 5045 se
1199 4980 1298 5045 ιιιιιιιι
1317 4975 1481 5049 violentia
1497 4979 1643 5068 spiritus
1660 4979 1842 5071 impulisse

291 5091 541 5165 adferendum
568 5113 674 5182 panes
709 5114 772 5184 pro
800 5093 911 5165 servis
938 5093 1022 5183 Dei,
1049 5092 1151 5165 utin
1178 5095 1350 5166 currendo
1375 5095 1638 5190 festinandoque
1664 5100 1846 5175 videretur
1913 5100 1921 5115 “

291 5211 359 5284 sihi
394 5213 583 5303 pennigero
619 5213 737 5286 volatu
772 5214 976 5285 cucurrisse
1011 5212 1240 5304 Apparebant
1265 5215 1371 5287 etiarn
1398 5224 1478 5307 post
1503 5219 1697 5310 ingressum
1721 5242 1844 5295 eorum

292 5333 328 5405 in
356 5332 485 5405 dictum
511 5335 769 5423 monasterium,
796 5334 878 5406 dum
904 5332 1109 5405 matutinale
1136 5332 1285 5405 officium
1312 5344 1484 5427 ageretur,
1511 5339 1738 5415 humanorum
1766 5363 1845 5417 cor·
1900 5362 1903 5369 ·

291 5473 413 5541 porum
441 5454 561 5526 habitu
589 5453 705 5525 Sancti
732 5454 909 5527 francisci
935 5453 1135 5525 indutorum
1162 5453 1293 5525 formae
1319 5456 1434 5545 ignem
1462 5468 1638 5535 vomentes
1664 5462 1844 5539 flammife-

290 5594 378 5661 rum,
404 5572 552 5643 officium
579 5574 783 5646 matutinale
810 5595 872 5645 suo
899 5573 1048 5662 strepitu
1076 5579 1114 5646 et
1139 5573 1289 5647 clamore
1316 5577 1454 5668 saepius
1480 5582 1735 5672 perturbantes,
1754 5604 1846 5674 qnae

291 5690 431 5762 tandem
458 5712 521 5781 per
546 5692 775 5782 guardiaunm
803 5701 840 5765 et
865 5694 994 5765 fratres
1020 5692 1089 5764 loci
1116 5714 1179 5785 per
1206 5716 1330 5767 nomen
1357 5696 1489 5770 Christi
1516 5700 1679 5791 adiurati,
1698 5724 1846 5794 respon·

292 5811 418 5885 derunt
445 5834 482 5885 se
509 5813 642 5886 animas
677 5835 798 5885 eorum
831 5815 977 5885 fratrum
1013 5815 1290 5887 conventnahum
1317 5837 1412 5909 esse,
1439 5821 1499 5909 qui
1526 5821 1699 5911 quondam
1726 5845 1846 5897 mona·

290 5934 434 6003 sterium
462 5932 546 6004 illud
574 5934 790 6022 incolebant3
817 5941 853 6006 et
879 5934 1041 6023 qnoniam
1069 5934 1301 6025 negligentius
1328 5938 1441 6013 officia
1468 5947 1639 6014 nocturna
1665 5950 1702 6015 et
1717 5944 1846 6019 diurna

291 6052 424 6123 ordinis
450 6057 486 6122 ct
512 6053 747 6142 perfunctorie
783 6054 991 6145 implebant,
1018 6055 1053 6126 in
1081 6056 1290 6130 cruciatibus
1317 6063 1509 6149 purgatorii
1537 6063 1627 6153 ignis
1654 6064 1845 6159 constituti,

291 6170 430 6261 explere
456 6169 517 6241 illa
543 6170 578 6242 in
604 6171 680 6243 loco
707 6194 775 6263 quo
802 6173 1028 6265 deliquerant,
1055 6177 1291 6267 scrupulosius
1319 6182 1355 6250 et
1381 6179 1540 6255 devotius
1559 6189 1740 6275 coguntur,
1759 6207 1844 6277 pnr-

255 6396 258 6417 .
293 6290 443 6384 gationis
470 6297 628 6387 tempore
654 6293 705 6365 eis
732 6294 930 6384 constituto,
956 6294 1002 6367 ad
1029 6316 1199 6385 perennes
1226 6297 1327 6371 sedes
1355 6303 1548 6377 transituri.
