4217 8059
809 2034 1286 2171 sauuomuususn

482 2188 503 2235 s
1483 2247 1492 2259 ,

142 2404 179 2429 ,ἱ
266 2313 508 2392 secundum
542 2316 843 2424 monasterium
877 2315 1257 2446 hospitalariorumx
1276 2316 1621 2397 Sandomirlense
1653 2316 1816 2396 ordinis

387 2450 530 2530 Sancti
563 2450 795 2554 Augustini,
828 2452 881 2532 de
913 2454 1121 2556 nominata
1156 2453 1247 2533 alba
1283 2454 1425 2534 cruce
1459 2455 1512 2534 de
1546 2454 1684 2534 Saxis.

369 2671 514 2761 Aegros,
540 2671 731 2761 langvidos,
759 2672 1119 2765 orphanoapupillos
1147 2681 1183 2744 et
1210 2675 1382 2763 quaslibet
1408 2675 1623 2746 miserabiles
1649 2694 1816 2764 personas

266 2798 303 2863 et
328 2791 489 2880 infantes,
517 2792 725 2881 praesertim
752 2812 793 2863 ex
823 2792 1037 2864 clandestino
1074 2795 1256 2865 concubitu
1283 2797 1419 2885 genitos
1451 2816 1514 2884 per
1541 2797 1704 2886 oppidum
1732 2794 1818 2865 San·
1881 2831 1883 2833 .

267 2913 476 2985 domiriense
502 2918 538 2983 et
564 2914 638 2987 eius
665 2914 832 2984 suburbia
859 2915 1051 3003 viciniaque
1077 2916 1204 3004 passim
1232 2916 1389 3004 palantes
1416 2923 1452 2986 et
1477 2917 1650 3006 proiectos
1681 2923 1717 2986 et
1735 2936 1815 3005 pro·

267 3033 432 3124 iciendos,
455 3034 663 3124 Zegotha
681 3033 921 3106 Gracoviensis
940 3036 1149 3107 castellanus
1167 3037 1389 3106 miseratione
1407 3038 1466 3125 pia
1483 3036 1526 3107 ad
1546 3046 1651 3107 unum
1679 3038 1818 3124 tectum
1864 3069 1874 3083 =
1909 3062 1916 3073 ·

268 3176 311 3225 ne
338 3158 494 3227 carimate
520 3161 582 3226 sut
607 3154 736 3245 frigore
763 3163 1065 3245 consumerentur,
1093 3163 1155 3226 aut
1180 3157 1330 3227 infantes
1357 3156 1628 3246 suffocarentur,
1656 3157 1818 3227 collectu-

268 3296 339 3366 rus,
357 3297 387 3347 a
405 3275 545 3347 Domini
567 3278 665 3347 lata
684 3277 934 3348 xenodochium
953 3277 989 3346 in
1008 3277 1128 3346 eodem
1147 3277 1284 3366 oppido,
1312 3283 1348 3347 et
1365 3278 1616 3348 monasterium
1633 3277 1817 3367 hospitalis
1826 3259 1840 3342 J

271 3397 388 3468 Sancti
424 3397 594 3489 Spiritus,
629 3397 790 3472 fratrum.
812 3398 944 3469 ordinis
980 3398 1283 3487 hospitalariorum
1321 3399 1364 3470 de
1391 3400 1566 3488 geminata
1601 3419 1702 3470 cruce
1730 3399 1820 3487 alba,

201 3498 203 3502 ¹
270 3520 330 3610 qni
357 3519 399 3589 de
425 3518 568 3591 Saxis
600 3525 778 3608 vocantur,
805 3519 869 3589 sub
897 3519 1018 3608 regula
1045 3518 1163 3590 Sancti
1191 3519 1380 3608 Augustini
1407 3519 1644 3609 militantium,
1681 3521 1716 3590 in
1744 3520 1820 3589 loco

269 3647 392 3730 portae
418 3620 640 3731 aquilonaris,
669 3661 758 3729 quae
786 3638 1080 3729 Oppathoviensis
1107 3640 1304 3730 appellatur
1331 3642 1504 3730 contiguo,
1530 3641 1633 3731 locat,
1660 3641 1821 3728 instituit,

268 3761 391 3832 fundat
408 3760 574 3851 eterigit,
601 3761 706 3831 etde
733 3761 833 3832 bonis
861 3761 933 3832 suis
951 3761 1195 3831 haereditariis
1223 3760 1562 3833 Sandomirlensibus
1590 3762 1698 3833 dotat.
1725 3761 1821 3850 Quae

269 3876 428 3975 fundatio
463 3887 500 3953 et
526 3882 658 3952 dotatio
694 3882 799 3952 etiam
834 3882 870 3952 in
908 3883 998 3953 diem
1029 3883 1119 3952 hanc
1159 3889 1379 3972 perseverat,
1416 3884 1547 3954 habens
1583 3884 1819 3973 praepositum
1856 3900 1860 3906 ·

269 4023 336 4094 pro
360 4002 492 4095 capito,
518 4009 555 4073 et
582 4007 733 4092 quatuor
756 3984 886 4073 iratres
922 4023 986 4092 pro
1013 4003 1196 4092 membris'3
1234 4004 1293 4092 qui
1320 4005 1387 4074 etsi
1414 4004 1520 4074 horas
1548 4005 1731 4075 canonicas
1758 4025 1820 4074 no·
1897 4042 1901 4049 ,

271 4129 414 4197 cturnas
432 4123 626 4195 etdiurnas
654 4144 722 4194 non
750 4124 942 4213 explentin
962 4104 1075 4214 can'tu,
1103 4145 1176 4195 rem
1203 4131 1320 4195 tamen
1347 4125 1498 4195 divinam
1527 4126 1648 4197 diebus
1676 4125 1821 4214 singulis

270 4266 397 4325 sonore
426 4244 619 4337 perficiunt,
646 4249 682 4315 et
708 4258 897 4335 pauperum
925 4252 962 4316 et
987 4246 1235 4316 miserabilium
1262 4266 1508 4335 personarum,
1544 4247 1580 4315 in
1607 4245 1821 4317 senodochio
1927 4304 1932 4309 .

188 4416 197 4431 ,
273 4364 471 4439 huiusmodi
495 4365 692 4454 iacentium,
719 4385 837 4436 curam
864 4371 999 4454 gerunt,
1027 4367 1145 4455 eisque
1169 4366 1362 4455 provident,
1390 4367 1486 4436 iuxta
1513 4367 1686 4437 modulum
1714 4366 1822 4436 iacul-

272 4490 394 4576 tatun'r,
420 4492 457 4559 et
482 4487 592 4558 totius
626 4472 742 4558 terrae
778 4485 1068 4556 Sandomirlensis
1105 4507 1232 4574 egenos
1259 4486 1474 4576 recolligunt,
1502 4494 1539 4557 et
1566 4488 1715 4557 infantes
1742 4507 1822 4575 pro·

274 4604 382 4680 lectos
418 4608 617 4698 suscipiunt·
645 4613 681 4678 et
715 4607 900 4678 ablactant.
936 4605 1115 4678 Subiciens
1153 4606 1329 4695 praefatus
1365 4606 1576 4696 Zegotha
1614 4607 1823 4677 castellanus

274 4708 522 4800 monasterium
549 4726 740 4817 praelatum
768 4726 1048 4798 Sandomiriense
1080 4728 1291 4797 monasterio
1319 4727 1500 4829 hospitalis
1529 4725 1675 4798 Sanctae
1702 4726 1824 4799 Crucis

276 4849 505 4938 cracoviensi,
533 4870 555 4919 a
582 4871 649 4938 quo
675 4848 801 4919 iratres
837 4849 873 4918 iu
901 4848 1180 4940 Sandomirlense
1216 4850 1460 4921 monasterium
1497 4855 1581 4919 sunt
1616 4849 1756 4938 recepti,
1783 4852 1823 4919 ut

276 4971 327 5042 illi
353 4973 389 5041 in
405 4971 579 5060 singulis,
607 4977 747 5059 pareat,
775 4970 916 5041 obediat
942 4977 979 5039 et
1006 4971 1193 5058 auscultet,
1221 4976 1257 5039 et
1283 4971 1357 5040 eius
1386 4970 1544 5040 intendat
1562 4970 1742 5060 profectui,
1769 4990 1825 5040 re·
1948 5028 1953 5039 .

276 5068 484 5180 formationi,
512 5092 703 5161 visitationi
732 5095 767 5160 et
794 5091 1010 5161 correctioni.
1050 5090 1147 5161 Illius
1175 5091 1341 5160 hactenus
1373 5097 1430 5159 est·
1453 5092 1673 5180 praepositus
1700 5090 1825 5161 Marti·

277 5233 343 5284 uus
370 5213 413 5283 de
449 5213 613 5303 Byec'a,
650 5212 703 5282 vir
731 5210 914 5301 providus,
950 5211 1152 5300 spectabilis
1179 5218 1215 5280 et
1242 5211 1445 5300 religiosus3
1481 5213 1681 5282 monasterii
1710 5188 1826 5281 autem

277 5333 426 5424 praelati
452 5334 552 5422 tales,
578 5333 661 5403 licet
687 5338 819 5421 tenum,
848 5332 1019 5403 habentur
1045 5328 1212 5402 introitus
1238 5352 1278 5402 ac
1303 5330 1514 5421 proventus.'
1654 5368 1656 5373 ·

337 5532 340 5536 -
381 5575 426 5599 ”
489 5595 755 5699 Privileqium
787 5593 1043 5675 fundationis
1070 5585 1319 5675 Monaster'ii
1353 5594 1393 5673 8.
1427 5594 1620 5701 Spiritus.
1700 5690 1713 5713 ο
1763 5554 1787 5632 .'

359 5817 425 5888 wIn
457 5817 595 5888 nornine
621 5815 760 5887 Domini
788 5815 921 5893 Amen..
942 5816 1040 5905 Quia
1075 5821 1231 5888 vetustas
1266 5797 1460 5905 temporum
1498 5817 1705 5888 oblivionem
1741 5836 1830 5904 quae
1894 5857 1896 5861 -

281 5944 392 6011 mater
426 5939 556 6009 erroris
585 5938 730 6027 existit,
766 5936 964 6026 frequenter
999 5937 1153 6027 inducit,
1189 5938 1425 6008 necessarium
1458 5958 1533 6007 esse
1561 5937 1763 6025 dinoscitur,
1790 5944 1830 6008 ut

277 6044 380 6150 ‘tnta
408 6079 498 6150 qnae
523 6060 589 6131 sub
615 6057 762 6130 decursu
789 6059 956 6147 temporis
983 6064 1143 6148 aguntur,
1170 6059 1220 6128 sic
1238 6059 1417 6157 literarum
1447 6058 1638 6129 validarum
1667 6055 1713 6126 ac'
1734 6040 1830 6147 sigile

281 6172 395 6253 lorum
430 6180 707 6251 authenticorum
743 6178 896 6249 efficacia
931 6159 1200 6267 perhennentur,
1227 6186 1267 6249 ut
1294 6186 1482 6268 perpetuae
1518 6176 1721 6248 stabilitatis
1748 6180 1831 6249 reti-

282 6308 389 6379 neant
413 6301 686 6389 firmamentum,
713 6301 860 6371 maxime
887 6301 921 6369 in
948 6289 1052 6370 rebus
1079 6297 1154 6369 Deo
1180 6298 1315 6385 dicatis,
1344 6319 1429 6388 quas
1457 6299 1523 6387 piis
1551 6299 1636 6369 iocis
1664 6300 1741 6388 quis
1767 6302 1832 6370 tri-

194 6464 227 6507 ·.
245 6472 252 6489 .
281 6412 360 6503 buit
376 6444 441 6514 pro
458 6444 599 6494 suorum
617 6421 768 6493 remedio
796 6427 1025 6511 peccatorum.
1050 6404 1232 6493 Universa
1259 6420 1368 6509 igitur
1383 6418 1523 6497 Christi
1533 6419 1714 6512 fidelibus,
1730 6441 1831 6513 quam
