4217 8059
301 1478 372 1552 176

158 1704 209 1839 ᾇ
316 1756 322 1765 ,
401 1685 584 1771 Brnnrnr,
611 1681 790 1777 praedium
818 1682 1017 1753 coenobiale
1043 1682 1245 1753 monasterii
1271 1683 1314 1753 de
1340 1681 1576 1753 Krasznilr
1601 1688 1638 1753 et
1660 1683 1724 1754 snb
1743 1703 1843 1772 paro

157 1812 201 1841 ”··
299 1805 378 1878 chia
403 1803 555 1875 eiusdem
582 1803 697 1873 situm.
724 1802 763 1873 In
791 1824 858 1893 quo
884 1808 968 1874 sunt
994 1809 1144 1893 quatuor
1169 1802 1271 1891 lanei,
1298 1803 1357 1893 qui
1375 1823 1494 1874 omnes
1511 1802 1673 1875 coluntur
1690 1808 1847 1875 et-aran-

297 1930 355 1997 tur
381 1944 443 2014 per
470 1923 609 1994 colonos
626 1923 827 1994 monasterii
845 1923 889 1993 de
907 1921 1149 2013 Orcsznik,
1167 1922 1209 1994 de
1228 1923 1353 2013 quibus
1370 1923 1457 1994 nolli
1474 1925 1723 1995 monasterium
1741 1924 1847 1996 solvit

298 2044 462 2115 decimam
490 2044 739 2133 manipularem
765 2050 825 2114 aut
851 2044 1075 2133 pecunialem,
1102 2044 1164 2116 sed
1190 2064 1266 2114 eam
1292 2064 1357 2133 pro
1383 2064 1422 2115 se
1447 2044 1541 2115 tollit
1566 2050 1603 2115 et
1628 2045 1664 2115 in
1681 2046 1846 2116 horreum

297 2185 396 2235 suum
431 2164 572 2235 inducit.
608 2164 695 2234 Item
731 2165 768 2234 in
803 2164 922 2235 codem
958 2163 1101 2254 praedio
1137 2163 1327 2235 coenobiali
1363 2169 1418 2235 est
1444 2165 1551 2254 curia,
1578 2165 1709 2249 babens
1735 2164 1847 2236 multa

159 2280 189 2325 ¹⁵·
216 2364 219 2373 ¹
297 2303 423 2376 pecora
449 2289 486 2355 et
512 2284 670 2373 pecudes.
696 2285 785 2355 Item
811 2305 880 2355 non
907 2288 988 2356 surrt
1014 2285 1150 2375 aliquae
1178 2284 1405 2356 hortulaniae.
1789 2281 1791 2284 ⁴

402 2403 700 2493 GannnmurczA,
729 2405 811 2475 villa
837 2406 901 2475 sub
928 2405 1094 2495 parochia
1120 2404 1286 2476 ecclesiae
1312 2405 1356 2476 de
1382 2404 1611 2477 Orasznilr
1638 2407 1720 2494 sita,
1748 2407 1846 2479 cuius

298 2527 422 2596 haeres
447 2524 626 2596 lohannes
660 2524 989 2616 Rapsthinslry
1024 2525 1068 2596 de
1094 2525 1358 2616 Thanczyn,
1386 2525 1513 2597 nobilis
1540 2525 1583 2598 de
1609 2527 1717 2598 mmis
1743 2526 1845 2617 Bip-

297 2645 522 2736 penninm.
548 2646 590 2715 In
617 2665 686 2734 qua
711 2651 792 2716 sunt
817 2646 893 2735 agri
919 2646 1163 2735 emethonales,
1192 2646 1252 2736 qni
1268 2646 1473 2735 incipientes
1491 2667 1513 2716 a
1530 2646 1725 2718 molendino
1742 2647 1846 2718 advo·

300 2752 560 2856 cofflloppidi
587 2765 826 2856 Grasznih,
844 2767 1033 2838 tenduntur
1049 2766 1234 2839 latitudine
1260 2767 1430 2857 usquead
1449 2765 1627 2856 praedium
1646 2767 1847 2840 coenobiale

297 2872 515 2978 Byelyny,
542 2886 586 2956 de
612 2886 737 2977 quibus
763 2886 869 2976 aliqui
895 2889 972 2978 agri
999 2886 1139 2959 solvunt
1165 2888 1332 2959 decimam
1352 2887 1566 2979 pecunialem
1584 2907 1647 2978 per
1666 2907 1727 2959 sex
1743 2908 1843 2977 gros·

297 3027 355 3078 sos
382 3007 591 3079 monasterio
617 3007 653 3076 in
681 3005 918 3097 Grasznilr,
936 3014 972 3078 et
990 3009 1097 3098 aliqui
1116 3007 1342 3079 scholastriae
1360 3006 1651 3097 Sandomiriensi;
1678 3007 1845 3080 decimam
1918 3004 1922 3011 '

297 3132 413 3198 autern
440 3127 638 3218 canapalem
665 3148 734 3198 non
762 3128 909 3199 solvunt
934 3129 1023 3199 Item
1050 3149 1169 3199 omnes
1196 3130 1272 3217 agri
1298 3128 1401 3200 villae
1419 3126 1749 3201 Grambinicza
1773 3133 1847 3200 tam
1994 3178 1998 3185 -

296 3247 342 3337 hi,
370 3248 429 3337 qui
456 3248 593 3319 solvunt
619 3248 787 3318 decimam
815 3248 1027 3337 pecunialem
1053 3249 1264 3320 monasterio
1292 3249 1328 3318 in
1356 3246 1591 3338 Crasznik,
1611 3268 1713 3340 quam
1730 3254 1767 3321 et
1783 3249 1846 3338 illi,

298 3368 356 3458 qui
375 3389 451 3439 eam
469 3368 609 3439 solvunt
626 3368 852 3440 scholastu'ac
870 3368 1151 3457 Sandomiriensi,
1164 3374 1328 3440 tenentur
1345 3367 1391 3440 ad
1409 3366 1575 3441 decimam
1592 3368 1843 3460 manipulorum
1967 3394 1970 3399 ·

298 3488 496 3560 solvendam
515 3482 727 3559 moderatam
755 3490 964 3560 monasterio
984 3490 1018 3559 in
1037 3487 1278 3576 Grasznilq
1297 3489 1443 3578 quilibet
1455 3489 1547 3561 enim
1565 3488 1609 3561 de
1626 3488 1729 3579 laneo
1745 3482 1855 3563 tene-

228 3616 258 3661 ἐν
297 3613 356 3679 ων
373 3608 507 3679 solvere
524 3609 736 3679 monasterio
753 3608 909 3698 praefato
928 3630 1031 3680 unam
1049 3608 1220 3681 cassulam
1237 3609 1355 3698 tritici,
1370 3610 1517 3681 alteram
1531 3607 1689 3701 siliginis,
1700 3609 1843 3683 tertium

91 3740 127 3853 ᾗ
298 3747 447 3817 avenae,
475 3733 511 3799 et
547 3726 679 3799 decima
712 3723 909 3800 huiusmodi
936 3734 1082 3801 vocatur
1107 3727 1326 3824 lcopczc'szco,
1353 3735 1390 3801 et
1415 3730 1513 3801 valor
1538 3730 1613 3802 eins
1638 3714 1847 3819 Μηίων

299 3848 343 3920 ad
370 3855 519 3938 quatuor
545 3868 690 3939 marcas,
718 3854 754 3920 ct
779 3854 942 3921 tenentur
967 3850 1118 3940 propriis
1146 3850 1305 3921 curribus
1332 3850 1531 3922 cmetbones
1558 3849 1604 3922 ad
1629 3850 1706 3923 eins
1722 3849 1846 3933 dactu-

298 3990 382 4040 ram.
408 3970 497 4040 Item
515 3969 545 4041 si
573 3969 650 4061 quis
676 3968 760 4041 colit
786 3974 848 4040 ant
874 3971 961 4041 serit
986 3990 1107 4060 agrum
1137 3970 1321 4060 desertum,
1348 3971 1384 4041 in
1407 3975 1481 4043 toto
1499 3971 1553 4042 vel
1572 3971 1609 4043 iu
1626 3975 1738 4062 parte,
1755 3970 1845 4043 nihi·
1876 3992 1878 3996 ⁸

298 4090 446 4173 lominus
483 4090 544 4189 ad
563 4091 699 4180 plenam
736 4095 809 4161 tam
843 4089 996 4187 decimae
1030 4091 1238 4181 pecunialis‚
1265 4111 1367 4182 quam
1393 4088 1613 4186 lopozbzocw
1638 4092 1844 4165 solutionem

253 4272 268 4293 ,.
283 4194 481 4301 dbligatur.
507 4208 594 4283 Item
621 4229 689 4280 non
717 4215 772 4282 est
797 4210 847 4282 ibi
872 4211 1053 4302 praedium
1080 4212 1229 4302 aliquod,
1256 4217 1397 4284 nonest
1419 4212 1660 4302 molendinum,
1677 4231 1748 4285 non
1765 4217 1847 4283 sunt

204 4322 209 4333 ’
423 4342 483 4422 ae,
508 4350 578 4403 uon
614 4334 707 4421 sunt,
730 4331 959 4404 hortulaniae.
998 4333 1087 4404 Item
1114 4334 1150 4404 in
1178 4332 1335 4423 praefata
1368 4332 1452 4404 villa
1477 4330 1847 4428 Grambyenicza

194 4454 247 4507 *η-
273 4424 362 4524 ‘fail
388 4451 559 4543 quondam
587 4451 732 4522 ecclesia
757 4453 965 4542 parochialis
992 4454 1117 4544 lignea,
1144 4453 1292 4525 Sanctae
1318 4451 1454 4525 Mariae
1481 4452 1619 4543 Virgini
1645 4453 1781 4542 dicata,
1808 4458 1845 4524 et

295 4561 423 4663 milites
448 4572 649 4647 residebant
673 4573 710 4645 in
738 4592 779 4644 ea
805 4574 972 4647 habentes
999 4575 1114 4648 curias
1140 4573 1318 4665 speciales,
1336 4579 1373 4644 et
1390 4594 1493 4664 agros
1511 4573 1714 4664 praedisles.
1740 4573 1841 4645 Post-

297 4686 416 4784 quam.
433 4692 517 4767 v'ero
551 4694 632 4766 inde
668 4695 942 4768 haereditatibus
978 4696 1145 4786 vendibis,
1171 4695 1327 4767 feceruut
1362 4694 1568 4784 discessum,
1595 4701 1631 4767 et
1658 4695 1741 4768 villa
1766 4695 1844 4785 ipsa

298 4813 666 4906 Grambyenicza
693 4816 819 4904 oppido
839 4816 1066 4888 Grasznih
1093 4815 1160 4888 luit
1177 4817 1349 4905 adiuncta,
1367 4817 1473 4887 etiam
1491 4816 1638 4888 ecclesia
1654 4816 1691 4887 in
1708 4814 1846 4888 Gram-

298 4935 522 5025 hyenicza
548 4935 713 5006 ecclcsiae
740 4935 783 5006 de
809 4936 1044 5010 Krasznik
1071 4935 1136 5008 luit
1162 4943 1199 5008 et
1225 4944 1279 5009 ost
1306 4957 1382 5007 cum
1401 4937 1473 5008 suis
1492 4936 1718 5026 proventibus
1735 4937 1843 5009 unita

402 5054 598 5145 Zaunzow,
625 5055 710 5127 villa
735 5057 800 5127 sub
823 5059 989 5147 parochia
1015 5058 1179 5129 ecclesiae
1198 5050 1249 5128 ‘de
1276 5057 1503 5129 Grasznik
1532 5058 1614 5147 sita,
1641 5058 1738 5130 cuius
1765 5077 1844 5146 pro-

298 5174 429 5264 prietes
455 5181 491 5246 et
519 5174 706 5249 dominium
734 5177 778 5248 ad
805 5179 964 5250 abbatem
992 5186 1029 5251 ot
1054 5179 1303 5251 monasterium
1330 5177 1656 5269 Goprzyuniczense
1682 5179 1844 5269 pertinet

167 5368 169 5373 .
298 5295 338 5366 ln
365 5316 433 5386 qua
459 5301 514 5368 est
539 5298 698 5371 scoltetia
726 5300 856 5371 habens
883 5305 961 5371 octo
988 5300 1105 5371 laneos
1132 5300 1303 5390 proprios,
1321 5299 1364 5370 de
1382 5299 1507 5390 quibus
1525 5299 1642 5371 nescio
1659 5319 1723 5389 per
1740 5318 1843 5389 quam

297 5416 542 5511 uegIIgentiam
568 5425 606 5492 et
631 5421 786 5511 abusum,
812 5421 1049 5492 tantummodo
1077 5422 1181 5494 solvit
1199 5426 1277 5492 octo
1296 5424 1435 5510 scottos,
1452 5439 1539 5510 quos
1557 5420 1616 5491 vix
1633 5424 1843 5510 congrueret

297 5556 362 5626 pro
388 5559 456 5611 uno
482 5540 582 5612 laneo
610 5541 744 5615 solvere
770 5562 834 5631 pro
861 5543 1070 5614 monasterio
1097 5545 1133 5614 in
1160 5536 1396 5614 Crasznih.
1423 5539 1665 5613 Cmethonales
1682 5540 1846 5630 lanei...,

297 5664 334 5729 et
368 5658 516 5750 quilibet
549 5682 613 5751 pro
649 5660 782 5735 decima
816 5663 988 5752 pecuniali
1022 5662 1128 5735 solvit
1162 5662 1372 5734 monasterio
1408 5659 1729 5754 Goprzywniczensi
1763 5667 1844 5734 octo

295 5799 447 5870 grossos.
485 5781 574 5853 Item
609 5783 685 5874 agri
720 5782 944 5855 tabernarum
979 5784 1144 5873 duarum3
1180 5783 1339 5856 similiter
1375 5783 1556 5874 praedium
1582 5783 1688 5857 etiam
1714 5787 1780 5887 est
1794 5781 1846 5855 ibi

299 5900 517 5995 monastmii,
544 5902 588 5976 de
621 5904 719 5978 cuius
745 5904 839 5995 agris
875 5926 943 5978 non
970 5905 1119 5977 solvitur
1154 5905 1270 5996 aliqua
1295 5905 1429 5978 decIma
1454 5905 1515 5976 sed
1542 5905 1651 5977 abbas
1677 5923 1752 5976 eam
1778 5922 1844 5994 pro

298 6041 336 6094 se
361 6022 464 6096 tohic
575 6026 581 6107 j

401 6132 581 6237 Szunorr‚'
594 6124 685 6219 ¹villa
720 6147 784 6219 sub
810 6148 976 6237 parochia
1010 6147 1175 6221 ecclesiae
1201 6147 1245 6219 de
1272 6145 1499 6219 Crasznik
1525 6147 1611 6236 sita,
1638 6146 1737 6219 cuius
1763 6165 1843 6235 pro.-

297 6263 429 6354 prietas
456 6270 493 6337 et
517 6248 706 6343 dominium
732 6268 777 6339 ad
803 6269 1049 6340 monasterium
1078 6267 1403 6359 Goprzywniczense
1430 6269 1591 6359 pertinet.
1625 6268 1667 6339 In
1694 6271 1844 6357 quaest

211 6463 219 6479 ⁸
297 6385 463 6460 scultetus
496 6387 628 6463 habens
664 6394 813 6482 quatuor
847 6390 966 6463 laneos
1000 6410 1078 6463 cum
1104 6387 1236 6480 medio,
1262 6393 1299 6460 et
1324 6409 1368 6462 ex
1393 6389 1529 6464 duobus
1554 6389 1664 6478 laneis
1689 6387 1844 6480 antiquis

387 6764 416 6815 Ω
530 6824 534 6841 ι
