4217 8059
1744 1503 1818 1574 421

265 1700 343 1770 lvo
380 1705 494 1772 tamen
531 1699 770 1773 cracoviensis
807 1685 1007 1794 episcopus,
1043 1703 1196 1774 eiusdem
1233 1703 1400 1789 Vislai,
1421 1706 1557 1778 comitis
1585 1714 1753 1796 cognatus
1782 1714 1818 1780 et

265 1821 497 1910 propinquus,
533 1827 569 1892 et
604 1843 645 1892 ex
682 1822 801 1893 eadem
837 1824 1016 1895 nobilitate
1052 1831 1091 1895 et
1126 1823 1256 1896 familia
1291 1825 1606 1899 Odrowansch
1635 1828 1818 1917 ingenuam

266 1941 394 2011 ducens
430 1944 594 2033 stirpem,
623 1944 788 2014 antidono
824 1943 1012 2015 excedenti
1041 1944 1092 2014 illi
1129 1947 1360 2035 respondem,
1389 1938 1581 2037 dotemque
1610 1950 1820 2021 monasterio

268 2063 424 2149 praefato
461 2085 524 2152 per
561 2063 654 2134 illum
691 2065 809 2134 datum
846 2064 938 2134 villis
965 2066 1036 2134 suis
1073 2067 1391 2156 patrimonialibus
1419 2068 1597 2138 videlicet:
1624 2068 1820 2159 Kanaka,

267 2182 394 2253 Stari
422 2183 752 2274 Odrowausch,
780 2184 1000 2274 lioszian,
1027 2186 1393 2279 Nyeszwyenye,
1420 2168 1821 2280 Modlyszowicze,

267 2302 495 2376 Kazanow
523 2311 560 2375 et
586 2305 757 2395 Popow,
785 2328 902 2377 crassa
929 2308 1166 2379 vicissitudine
1185 2328 1459 2398 recompensam,
1479 2311 1590 2399 ipsum
1611 2310 1821 2383 Vislaum

267 2427 435 2497 etlilium
464 2448 561 2496 suurn
590 2428 880 2516 Dobeslaum,
909 2428 1143 2517 praefatarum
1172 2429 1330 2499 villarum
1355 2437 1559 2520 perpetuum
1579 2432 1721 2522 reliquit
1738 2433 1819 2503 hae·

267 2549 394 2637 redens,
423 2549 475 2619 ius
502 2548 732 2638 fundationis,
760 2548 949 2619 dotationis
977 2557 1013 2620 et
1040 2556 1264 2640 patronatuS,
1292 2552 1551 2641 praemiumque
1578 2553 1821 2625 retributionis

267 2676 427 2740 aeternae
455 2671 656 2740 anonasterii
695 2670 859 2760 praelati,
887 2672 962 2760 ipso
991 2671 1042 2740 Vi
1055 2672 1153 2741 slao
1190 2673 1315 2743 comite
1342 2671 1486 2742 cedente
1513 2678 1549 2741 et
1574 2674 1822 2763 consentiente,

267 2793 301 2861 iu
330 2812 367 2861 se
394 2793 555 2880 suscepit,
583 2792 718 2882 sibique
754 2797 921 2881 perpetue
948 2793 1198 2882 appropriavit.
1235 2792 1301 2862 Hic
1329 2794 1445 2883 itaque
1475 2794 1552 2864 lvo
1580 2794 1820 2865 cracoviensis

268 2915 450 3002 episcopus
477 2913 724 2982 nrorrasterinm
753 2914 946 3001 praefatum
966 2914 1001 2983 in
1020 2912 1140 2985 Pran
1152 2914 1172 2985 d
1185 2915 1315 2984 oczin
1343 2914 1502 3003 ampliori
1522 2914 1612 3004 dote,
1630 2935 1706 2985 cum
1725 2915 1822 3004 prior
1930 2974 1933 2981 .

268 3055 388 3122 parum
427 3033 491 3102 sibi
529 3032 703 3103 sufficiens
730 3039 766 3102 et
792 3035 906 3103 tenuis
934 3033 1129 3121 videretur,
1158 3035 1400 3124 insigniturus,
1427 3057 1517 3106 anno
1544 3035 1682 3106 Domini
1714 3036 1822 3106 1222.

193 3142 197 3151 ’
268 3154 487 3242 pontificatus
515 3153 567 3221 sui
596 3175 686 3222 armo
714 3161 846 3243 quarto,
875 3155 1043 3244 quaedam
1073 3155 1163 3225 bona
1190 3162 1226 3226 et
1252 3148 1416 3226 introitus
1434 3156 1470 3225 in
1489 3156 1574 3227 illud
1594 3156 1727 3227 confert
1744 3157 1820 3227 iare

267 3276 414 3363 patroni,
443 3275 609 3364 quaedam
639 3296 721 3344 vero
750 3276 824 3345 iure
852 3274 1058 3365 episcopali,
1085 3281 1121 3345 et
1158 3278 1232 3347 iure
1268 3277 1408 3366 quidem
1446 3278 1633 3367 episcopali
1667 3276 1820 3366 capitulo
1919 3260 1927 3275 ’

269 3396 523 3483 consentiente,
559 3396 602 3465 de
638 3396 922 3487 quinquagesima
958 3397 1178 3486 episcopatus
1214 3399 1287 3488 sui,
1314 3399 1421 3468 donat
1454 3397 1507 3468 illi
1535 3399 1658 3488 viginti
1686 3417 1820 3469 marcas

269 3519 346 3605 puri
374 3517 518 3606 argenti,
555 3524 591 3587 et
627 3518 748 3607 viginti
785 3518 919 3591 modios
946 3518 1159 3607 episcopales
1185 3519 1220 3589 in
1248 3512 1382 3607 grano,¹
1404 3518 1447 3589 de
1475 3519 1604 3608 quibus
1627 3539 1670 3589 ne
1697 3519 1732 3589 in
1759 3538 1821 3606 po·
1890 3500 1900 3511 '¹

268 3646 397 3708 sterum
426 3644 545 3727 posset
571 3638 768 3709 differentia
790 3639 1025 3715 cavillationis
1053 3640 1214 3727 suboriri,
1242 3640 1364 3729 viginti
1392 3639 1526 3710 modios
1553 3639 1767 3730 episcopales
1786 3639 1821 3709 iu

269 3781 388 3848 grano,
416 3760 450 3829 iu
478 3759 620 3829 decimis
648 3760 752 3831 certis
778 3766 816 3833 et
842 3759 930 3849 fixis,
958 3780 1099 3830 mensae
1126 3781 1209 3831 suae
1237 3760 1443 3849 episcopalis
1470 3761 1505 3830 in
1532 3759 1634 3849 villis,
1661 3760 1822 3831 videlicet

269 3878 631 3969 Jauuszowicze,
658 3879 971 3968 Szmrolowa,
999 3879 1303 3971 Wanszirow,
1330 3880 1643 3968 Ghelowieze,
1671 3900 1761 3970 quae
1786 3880 1822 3951 in

267 4020 377 4089 grano
405 4000 447 4071 de
474 3982 598 4091 viginti
625 4000 749 4071 modiis
777 4001 1030 4092 episcopalibus
1057 4001 1157 4072 aunis
1184 4000 1328 4091 singulis
1351 4002 1540 4093 episcopali
1557 4022 1696 4074 mensae
1714 4002 1822 4073 ratio·
1932 4065 1940 4073 .

149 4099 151 4102 ⁵
268 4142 311 4191 ue
338 4121 511 4209 decimae;
538 4122 620 4191 item
654 4120 804 4192 decimas
831 4122 1063 4211 manipulares
1092 4123 1125 4192 in
1145 4122 1237 4192 villis
1255 4122 1701 4212 Monyaczkowicze,
1720 4121 1822 4193 Lau·

271 4243 397 4311 kawa
423 4241 596 4330 Jacobi,
624 4242 853 4314 Lankawa
881 4243 1097 4331 Martini,
1126 4242 1442 4332 Przyszuyow,
1470 4242 1822 4313 Clemenczicze

271 4368 307 4431 et
334 4359 711 4452 Koprzywnicze,
740 4384 827 4452 quae
855 4364 897 4433 de
926 4363 1048 4454 viginti
1076 4364 1204 4441 marcis
1222 4363 1456 4453 puriargenti
1475 4363 1663 4453 episcopali
1682 4382 1820 4433 mensae

272 4504 334 4570 pro
371 4482 504 4552 decima
540 4484 640 4553 anilis
676 4484 835 4573 singulis.
857 4484 1133 4574 respondebant,
1161 4485 1195 4555 in
1223 4491 1353 4555 sortem
1389 4504 1493 4554 unam
1521 4484 1555 4554 in
1582 4489 1680 4553 terra
1705 4481 1824 4555 Sancti

271 4602 473 4673 Veuczeslai
501 4604 658 4695 vicinam,
685 4605 836 4677 claustro
863 4605 1039 4695 erigendo,
1066 4606 1276 4695 assignabat,
1305 4607 1380 4676 iure
1407 4625 1489 4674 vero
1516 4604 1654 4692 patroni
1682 4600 1823 4675 invilla
1917 4676 1919 4681 ,
1946 4658 1951 4674 ,

271 4723 575 4814 Prandoczin‚
604 4726 657 4796 ius
688 4732 895 4815 patronatus
922 4727 1026 4799 trium
1056 4727 1341 4817 praebendarum,
1368 4726 1500 4797 fructus
1528 4746 1610 4797 vero
1637 4730 1674 4794 et
1702 4723 1823 4796 introi-

270 4851 326 4916 tus
353 4867 471 4917 earum
499 4847 574 4918 iure
601 4848 753 4937 episcopi
781 4848 815 4918 iu
843 4849 971 4920 dictum
1000 4849 1245 4920 monasterium
1265 4847 1440 4919 transfert.
1468 4846 1554 4918 Item
1580 4846 1705 4934 villam,
1724 4865 1824 4934 prae·

271 4964 364 5037 dium
383 4975 419 5038 et
437 4967 686 5039 haereditatem
707 4974 884 5058 paternam
904 4969 943 5039 M
954 4970 1121 5058 ogilam
1140 4989 1255 5058 supra
1273 4969 1412 5040 fluvium
1432 4968 1611 5058 Dlubny
1624 4988 1687 5037 am
1711 4967 1823 5055 sitam,

272 5068 347 5159 cum
376 5090 468 5159 omui
496 5091 710 5180 proprietate
737 5101 774 5161 et
800 5090 969 5180 dominio,
997 5091 1078 5161 item
1115 5091 1244 5162 fontem
1274 5090 1361 5160 salis
1384 5090 1428 5160 ad
1455 5110 1533 5161 eum
1560 5089 1636 5159 iure
1662 5086 1822 5161 haeredi·

272 5211 363 5280 tario
391 5212 639 5302 pertinentem,
667 5219 835 5302 perpetua
867 5212 1053 5282 donatione
1090 5211 1264 5301 resignat,
1291 5231 1354 5300 per
1381 5210 1627 5281 monasterium
1655 5214 1823 5300 perpetuo

273 5330 490 5419 possidenda
517 5331 586 5403 Pro
613 5332 780 5431 aediliciis
808 5353 890 5405 vero
907 5340 954 5406 ,et
981 5331 1136 5422 officinis
1164 5333 1288 5424 quibus
1315 5330 1436 5403 domus
1455 5330 1664 5403 coenobialis
1682 5330 1823 5419 indiget,

273 5450 363 5520 infra
390 5452 594 5544 triennium,
621 5458 794 5525 trecentas
822 5474 956 5525 marcas
983 5455 1061 5544 puri
1089 5454 1243 5544 argenti,
1271 5442 1502 5545 quadraginta
1528 5452 1647 5541 boves,
1672 5449 1821 5540 quadra·

272 5574 371 5662 ginta
398 5594 528 5664 vaccas,
556 5574 732 5647 trecentas
759 5597 859 5666 oves,
887 5596 962 5649 cum
990 5577 1136 5673 tptidem
1164 5575 1332 5664 foetibus,
1361 5573 1483 5660 viginti
1510 5579 1584 5681 tres
1611 5571 1712 5661 salis,
1740 5591 1824 5660 qua·
1876 5567 1882 5571 ’

273 5693 435 5784 draginta
461 5717 567 5767 urnas
594 5696 714 5785 mellis,
742 5698 933 5786 senaginta⁴
950 5698 1084 5768 modios
1116 5696 1349 5787 episcopales,
1378 5700 1517 5764 centum
1545 5692 1715 5782 ligaturas
1740 5690 1824 5763 ferri
1939 5772 1943 5783 ,

273 5837 310 5886 se
338 5816 509 5908 daturum,
537 5818 566 5888 si
593 5818 668 5889 vita
694 5816 834 5889 interim
861 5817 1053 5908 frueretur,
1074 5816 1261 5908 spopondit
1286 5823 1322 5887 et
1339 5814 1525 5904 inscripsit
1553 5813 1685 5885 Videas
1703 5817 1819 5884 autem

274 5957 381 6027 prope
409 5938 525 6009 villam
560 5937 780 6029 Mogilanr
817 5938 927 6009 locum
965 5939 1134 6028 aptiorem
1162 5957 1226 6028 pro
1253 5935 1464 6007 monasterio
1491 5934 1587 6024 fore}
1612 5934 1722 6024 priori
1748 5933 1824 6003 loco

273 6058 440 6149 neglecto,
467 6060 714 6131 monasterium
742 6081 867 6132 novum
895 6060 931 6130 in
951 6060 1060 6148 pratis
1080 6060 1181 6131 villae
1200 6058 1377 6148 praefatae
1396 6053 1701 6146 Mogilalooat,
1719 6053 1823 6142 erigit

274 6186 309 6249 et
334 6201 425 6250 anuo
453 6180 592 6251 Domini
623 6182 730 6252 1226.
758 6180 801 6252 de
828 6180 971 6251 consilio
998 6187 1035 6250 et
1062 6179 1312 6251 ratihabitione
1340 6178 1394 6248 sui
1412 6176 1556 6265 capituli
1575 6167 1823 6263 cracoviensis,
1919 6192 1923 6199 '

274 6300 521 6372 monasterium
556 6301 600 6371 de
636 6300 862 6377 Kaczicze
897 6289 1126 6388 trabsferens,
1154 6297 1402 6370 monasterium
1428 6316 1553 6369 novum
1582 6296 1618 6375 iu
1643 6282 1823 6384 Mogil-'a

272 6445 380 6513 prope
406 6423 534 6495 fluenta
560 6421 723 6494 Vislae
749 6421 794 6493 ad
820 6422 933 6501 locum
959 6422 1102 6493 uberem
1128 6424 1166 6491 et
1188 6415 1822 6499 muuscommounaelusnotoaua

526 6622 710 6855 ἐμὲ

553 6856 583 6895 ,ν’
593 6860 616 6909 ζὴ·
629 6862 631 6869 ν
