4217 8059
3456 1475 3616 1546 -351

518 1617 689 1751 Item
761 1678 1082 1791 laborant
1141 1686 1226 1799 et
1276 1686 1480 1751 arant
1532 1701 1738 1771 agros
1791 1679 2220 1772 praediales,
2288 1700 2453 1775 pro
2486 1702 2649 1753 vere
2702 1686 2775 1753 et
2829 1681 3091 1772 hyeme.
3178 1680 3354 1752 Item
3406 1701 3619 1754 unum

489 1820 830 1891 grossum
884 1822 1012 1890 pro
1060 1818 1268 1880 6ιιιϊιι
1321 1800 1681 1893 lignorum.
1761 1802 1939 1875 Item
1994 1801 2081 1874 de
2117 1801 2681 1919 ⁰11¹ssless
2728 1801 3025 1875 solvitur
3077 1801 3346 1873 decima
3398 1802 3618 1873 mani-
3626 1882 3639 1905 ..

495 1912 824 2018 pularis,
882 1928 982 1996 et
1003 1922 1363 1995 inducitur
1430 1944 1560 2013 pro
1612 1922 1936 2015 episcopo
1992 1916 2505 2023 Crmovieuffl
2516 1922 2735 2017 cuiuis
2805 1922 3000 2026 valor
3068 1922 3478 1995 aestimatur
3456 1921 3622 2076 ad

520 2064 639 2116 sex
692 2064 979 2115 marcas.
1058 2042 1379 2116 Confinat
1432 2065 1585 2116 cum
1802 2098 1817 2115 .
1854 2099 1870 2114 .
1905 2096 1924 2115 .
2036 2076 2235 2153 32.-
2496 2108 2501 2113 .
3472 2112 3479 2121 ,

725 2164 1239 2255 STHANKOWA,
1314 2164 1480 2237 villa
1565 2166 1695 2237 sub
1765 2166 2117 2257 parochia
2124 2124 2482 2238 ecclesiae
2535 2166 2624 2239 de
2672 2165 2720 2237 J
2738 2165 3396 2239 acubkowicze
3447 2167 3622 2255 sita,

521 2285 717 2358 cuius
771 2285 1163 2375 proprietas
1216 2292 1291 2357 et
1335 2286 1712 2359 dominium
1767 2285 1856 2359 ad
1911 2287 2470 2363 sanctimoniales
2521 2288 2845 2379 pertinet.
2916 2287 2998 2359 In
3051 2307 3190 2377 qua
3240 2292 3405 2361 sunt
3456 2307 3623 2378 qua-

518 2412 677 2477 tuor
746 2404 928 2475 lanei
1000 2407 1497 2495 cmethonaleS,
1567 2413 1641 2478 et
1712 2427 2005 2498 quorum
2078 2407 2290 2479 solvit
2358 2428 2536 2528 unus
2587 2407 2958 2496 fertonem,
3026 2413 3102 2479 et
3153 2407 3330 2481 alius
3383 2406 3620 2479 decem

520 2546 837 2617 grossos,
892 2526 1059 2598 item
1115 2526 1287 2600 duos
1339 2527 1597 2618 gallos,
1666 2528 1832 2599 item
1888 2529 2134 2618 viginti
2186 2548 2355 2618 ova,
2425 2529 2591 2601 item
2655 2528 2830 2603 duos
2882 2549 3159 2618 caseos,
3227 2529 3394 2599 item
3447 2526 3621 2615 nihil

520 2647 860 2735 laborant,
916 2648 1082 2720 item
1134 2669 1364 2743 oaezep
1417 2649 1623 2738 dant,
1677 2649 1973 2740 quilibet
2026 2671 2236 2723 unam
2271 2650 2566 2741 siliginis
2619 2655 2692 2721 et
2726 2650 2899 2748 duas
2953 2669 3216 2735 avenae
3268 2662 3626 2721 mensuras

522 2768 869 2841 confertas
889 2824 906 2859 ,
942 2752 1050 2840 ¹et
1105 2775 1401 2860 quatuor
1469 2778 1778 2861 grossos,
1847 2770 2014 2843 item
2087 2770 2439 2844 hortulani
2511 2792 2647 2844 non
2702 2777 2895 2860 sunt,
2965 2770 3132 2843 item
3186 2792 3324 2842 non
3375 2775 3488 2842 est
3512 2769 3627 2842 ‘ibi

521 2890 815 2962 taberna
865 2889 1199 2964 coenobii.
1279 2891 1451 2964 Item
1523 2895 1646 2969 est,
1681 2892 1780 2965 ibi
1848 2913 2027 2965 unus
2099 2893 2468 2982 scoltetuS,
2544 2893 2810 2964 habens
2863 2912 3075 2964 unum
3128 2890 3402 2969 laneum
3452 2890 3626 2963 libe-

522 3031 706 3100 rum,
758 3010 926 3083 item
980 3011 1195 3109 habet
1264 3033 1476 3084 unum
1546 3011 2030 3087 molendinum.
2108 3014 2285 3086 Item
2357 3018 2466 3085 est
2514 3033 2655 3085 una
2703 3013 2999 3086 taberna
3066 3010 3379 3103 scolteti,
3450 3030 3627 3102 quae

524 3131 732 3214 solvit
764 3185 1098 3203 .......
1136 3132 1311 3205 Item
1347 3155 1558 3206 unum
1612 3133 2076 3208 molendinum
2131 3134 2428 3207 scolteti.
2503 3134 2677 3206 Item
2729 3133 2995 3211 decima
3046 3133 3498 3224 manipularis
3547 3137 3624 3204 et

522 3202 871 3343 cfflapalis
941 3253 1283 3326 solvitur
1305 3260 1381 3327 et
1446 3254 1889 3344 conducitur,
1960 3255 2048 3328 de
2124 3255 2442 3328 omnibus
2513 3255 2701 3345 agris
2771 3254 3017 3344 villae,
3103 3273 3234 3345 pro
3302 3253 3625 3345 episcopo
3770 3258 3783 3349 J

471 3445 476 3449 ⁴
526 3372 1003 3465 Gracoviensi,
1057 3382 1130 3446 et
1184 3376 1400 3448 valor
1432 3377 1583 3448 eius
1635 3376 2045 3449 aestimatur
2098 3374 2189 3449 ad
2244 3382 2366 3448 sex
2421 3395 2708 3451 marcas.

734 3494 1044 3586 WomA
1076 3496 1547 3586 STANKOWA,
1602 3493 1767 3570 villa
1819 3498 1947 3571 sub
2000 3497 2334 3589 parochia
2384 3496 2716 3571 ecclesiae
2768 3495 2857 3570 de
2889 3496 3631 3588 Jacnbkowycze

527 3617 664 3689 sita
680 3671 698 3705 ,
769 3617 963 3689 cuius
1034 3617 1430 3707 proprietas
1497 3617 1588 3689 ad
1640 3618 2202 3710 sanctimoniales
2271 3618 2593 3708 pertinet.
2669 3618 2749 3689 In
2805 3638 2942 3707 qua
3011 3623 3176 3689 sunt
3246 3623 3393 3691 tres
3444 3616 3630 3689 lanei

528 3737 994 3817 cmethonales
1012 3792 1029 3827 ‚
1101 3724 1189 3810 d'e
1242 3737 1500 3828 quibus,
1543 3768 1545 3771 ·
1565 3792 1878 3829 .......
1933 3738 2097 3811 item
2153 3739 2408 3829 viginti·
2453 3759 2612 3828 ova,
2681 3739 2850 3810 item
2921 3736 3094 3834 duos
3145 3736 3369 3828 gallos
3388 3793 3407 3827 ,
3459 3738 3632 3810 item
3754 3698 3803 3750 'l

527 3857 701 3930 duos
755 3872 1021 3947 caseos,
1073 3859 1241 3933 item
1295 3858 1469 3932 nihil
1523 3859 1863 3935 laborant.
1954 3860 2130 3932 item
2165 3881 2419 3956 -ossyep
2473 3859 2659 3949 dant,
2712 3859 3005 3951 quilibet
3057 3879 3264 3932 unam
3317 3858 3632 3948 siliginis,

526 3984 601 4049 et
635 3978 809 4069 dpas
862 4000 1122 4051 avenae
1177 4000 1540 4054 mensuras
1593 3979 1969 4071 confertas,
2020 3988 2093 4053 et
2131 3987 2429 4081 quatuor
2479 4001 2782 4071 grossos.
2818 3980 3035 4052 -Item
3088 3979 3442 4051 hortulani
3497 4000 3632 4050 non

527 4105 720 4190 sunt,
790 4101 953 4174 item
1006 4101 1299 4174 taberna
1365 4124 1503 4174 non
1574 4108 1699 4174 est.
1778 4102 1956 4177 Item
2025 4102 2495 4176 molendinum
2549 4156 2566 4172 .
2603 4086 2630 4173 .’
2656 4157 2672 4174 .
2905 4102 3077 4174 Item
3114 4106 3240 4173 est
3291 4101 3389 4173 ibi
3433 4100 3626 4173 idem
3688 4186 3695 4190 ,

531 4222 896 4310 scultetus,
969 4222 1087 4313 qni
1141 4229 1249 4316 et,
1287 4223 1356 4295 in
1428 4221 1939 4295 Stankowa.
2017 4223 2196 4295 Item
2267 4223 2533 4295 decima
2602 4220 3050 4312 manipularis
3120 4226 3192 4292 et
3261 4220 3635 4312 canapalis,

531 4342 824 4422 solvitur
880 4349 951 4415 et
1002 4343 1410 4417 conducitur
1462 4344 1548 4417 de
1602 4345 1921 4416 omnibus
1974 4344 2164 4434 agris
2216 4343 2424 4417 villae
2478 4397 2706 4416 .....
2787 4341 3111 4417 confiunt
3163 4362 3320 4416 cum
3354 4394 3634 4412 ......
3759 4427 3763 4432 ι

520 4537 527 4543 ι
740 4462 1307 4554 Πιίιιιυινιτοῑιι,
1361 4465 1526 4537 villa
1580 4465 1845 4539 habens
1898 4465 1968 4537 in
2025 4485 2101 4536 se
2139 4464 2605 4555 parochialem
2641 4463 3002 4536 ecclesiam
3057 4462 3387 4554 ligneam,
3439 4461 3634 4534 cuius

500 4586 928 4678 proprietas
998 4585 1086 4655 ad
1141 4585 1697 4658 sanctimoniales
1771 4585 2281 4660 Sandeczenses
2352 4585 2675 4677 pertinet.
2752 4585 2837 4657 In
2909 4606 3047 4677 qua
3116 4589 3282 4657 sunt
3332 4588 3633 4674 quatuor

531 4704 708 4798 lanei
764 4706 1266 4795 *emethonaleffi
1330 4713 1408 4778 et
1460 4707 1754 4798 quilibet
1805 4707 2016 4780 solvit
2068 4728 2197 4798 pro
2251 4728 2463 4779 censu
2514 4729 2725 4780 unum
2778 4706 3115 4779 fertonem
3134 4759 3153 4796 ,
3206 4705 3371 4777 item
3423 4724 3637 4777 unum

526 4826 805 4917 gallum,
857 4826 1033 4900 duos
1069 4848 1306 4900 caseos
1325 4882 1342 4916 ,
1398 4823 1829 4919 viginti'ova.
1906 4829 2087 4902 Item
2123 4828 2448 4902 laborant
2484 4826 2859 4923 powabam
2891 4847 3021 4919 pro
3058 4846 3224 4900 vere
3258 4833 3332 4913 et
3366 4827 3665 4918 hyeme.'
3710 4852 3717 4859 ·

534 4944 708 5018 Item
747 4947 1038 5038 quilibet
1092 4968 1219 5038 pro
1258 4969 1466 5019 curru
1518 4949 1865 5041 lignorum
1919 4949 2130 5022 solvit
2164 4971 2374 5023 unum
2408 4970 2748 5040 grossum.
2803 4948 3001 5052 ¹Item
3037 4947 3333 5040 quilibet
3367 4946 3638 5019 ratione

415 5066 436 5091 ⁸
531 5091 809 5163 osszyep
857 5069 1066 5140 solvit
1119 5091 1326 5142 unam
1380 5070 1675 5163 siliginis
1728 5077 1799 5144 et
1850 5070 2024 5144 duas
2077 5091 2338 5144 avenae
2392 5090 2752 5143 mensuras
2804 5068 3179 5158 confertas,
3230 5074 3306 5142 et
3338 5071 3638 5160 quatuor

532 5209 830 5278 grossos.
910 5191 1085 5263 Item
1156 5190 1492 5283 plebanus
1563 5191 1776 5265 habet
1844 5192 1943 5264 ibi
2012 5212 2258 5283 agrum
2312 5191 2655 5281 liberum,
2713 5194 2785 5263 et
2837 5191 3200 5263 tabernam
3267 5190 3640 5263 habentem

533 5331 778 5400 agros,
832 5316 926 5383 et
959 5312 1171 5385 solvit
1224 5367 1450 5385 .....
1515 5307 1715 5386 ’Item
1768 5312 2023 5385 ibidem
2079 5335 2218 5385 una
2271 5312 2668 5411 hortulanis.
2718 5312 3016 5404 plebani.
3095 5311 3269 5384 Item
3324 5304 3642 5384 scoltetia

535 5452 671 5503 non
725 5440 867 5521 est,
938 5453 1161 5523 neque
1223 5409 1710 5506 molendinum.
1799 5432 1979 5511 Item
2032 5453 2272 5506 omnes
2324 5434 2477 5522 agri
2529 5432 2737 5505 villae
2790 5433 3072 5517 solvunt
3120 5437 3195 5502 et
3246 5429 3640 5503 conducunt

534 5551 866 5624 decimam
923 5554 1419 5646 manipularem
1474 5559 1545 5625 et
1599 5554 1997 5646 canapalem
2052 5576 2182 5647 pro
2236 5555 2563 5646 episcopo
2616 5550 3088 5642 cracoviensi,
3139 5556 3210 5623 et
3244 5550 3441 5623 valor
3492 5550 3641 5622 eius

536 5673 944 5747 aestimatur
997 5675 1087 5746 ad
1143 5676 1444 5767 quinque
1497 5685 1785 5756 marcas.
1867 5676 2187 5749 Confluat
2240 5696 2397 5749 cum
2457 5727 2727 5746 ......

619 5868 633 5879 ,
739 5794 1275 5887 Konncznu,
1346 5797 1511 5868 villa
1563 5797 1691 5868 sub
1746 5797 2077 5886 parochia
2141 5797 2227 5869 de
2276 5794 2963 5888 Ug'yanowicze
3016 5794 3182 5885 sita,
3234 5793 3428 5866 cuius
3470 5811 3642 5903 ¹pro·

534 5915 794 6017 prietas
849 5916 938 5988 ad
994 5917 1548 6009 sanctimoniales
1603 5916 2111 5990 Sandeczenses
2167 5917 2485 6010 pertinet.
2563 5916 2646 5990 In
2701 5936 2840 6008 qua
2892 5922 3058 5989 sunt
3110 5903 3408 6007 quatuor
3457 5888 3655 6007 lim

534 6037 1022 6127 cmethonaleS,
1077 6044 1150 6108 et
1185 6058 1432 6110 census
1469 6059 1708 6111 eorum
1760 6039 1957 6112 iuxta
1994 6040 2457 6130 quantitatem
2495 6059 2822 6130 agrorum
2877 6036 3406 6111 diversificatur.
3450 6008 3643 6107 Ite‘h
3689 6030 3693 6035 ’

538 6157 815 6229 solvunt
886 6179 1096 6230 unum
1166 6158 1424 6249 gallum
1446 6215 1463 6250 ,
1536 6161 1708 6232 duos
1770 6181 2008 6234 caseos
2027 6215 2046 6250 ,
2118 6160 2366 6250 viginti
2438 6179 2587 6231 ova.
2668 6158 2840 6231 Item
2894 6158 3218 6229 laborant
3273 6151 3645 6250 powabam

537 6299 664 6368 pro
702 6280 947 6369 hyeme
1001 6285 1074 6351 et
1107 6300 1235 6369 pro
1273 6301 1457 6352 vere.
1537 6281 1712 6354 Item
1767 6282 2059 6373 quilibet
2111 6302 2242 6373 pro
2295 6300 2506 6355 curru
2540 6279 2885 6368 lignorum
2922 6278 3134 6350 solvit
3185 6296 3396 6349 unum
3447 6294 3645 6366 gros—

415 6502 436 6517 .
537 6420 705 6471 sum.
806 6399 981 6471 Item
1062 6421 1191 6492 pro
1267 6423 1541 6497 osszyq)
1624 6401 1834 6474 solvit
1914 6403 2206 6495 quilibet
2285 6422 2492 6479 unam
2577 6399 2912 6492 siliginiS,
2991 6405 3064 6470 et
3142 6397 3316 6472 duas
3386 6412 3649 6469 avenae

2876 6734 2913 6775 Ὦ
