<?xml version="1.0" encoding="UTF-8"?>
<!DOCTYPE html PUBLIC "-//W3C//DTD XHTML 1.0 Transitional//EN"
    "http://www.w3.org/TR/xhtml1/DTD/xhtml1-transitional.dtd">
<html xmlns="http://www.w3.org/1999/xhtml" xml:lang="en" lang="en">
 <head>
  <title>
</title>
<meta http-equiv="Content-Type" content="text/html;charset=utf-8" />
  <meta name='ocr-system' content='tesseract 3.04.00' />
  <meta name='ocr-capabilities' content='ocr_page ocr_carea ocr_par ocr_line ocrx_word'/>
</head>
<body>
  <div class='ocr_page' id='page_1' title='image "./joannisdugoszse02dugoog_0165.png"; bbox 0 0 4217 8059; ppageno 0'>
   <div class='ocr_carea' id='block_1_1' title="bbox 3481 1524 3620 1597">
    <p class='ocr_par' dir='ltr' id='par_1_1' title="bbox 3481 1524 3620 1597">
     <span class='ocr_line' id='line_1_1' title="bbox 3481 1524 3620 1597; baseline -0.014 0"><span class='ocrx_word' id='word_1_1' title='bbox 3481 1524 3620 1597; x_wconf 81' lang='lat'>151</span> 
     </span>
    </p>
   </div>
   <div class='ocr_carea' id='block_1_2' title="bbox 177 1723 3767 4969">
    <p class='ocr_par' dir='ltr' id='par_1_2' title="bbox 536 1723 3637 2059">
     <span class='ocr_line' id='line_1_2' title="bbox 742 1723 3637 1818; baseline 0.003 -24"><span class='ocrx_word' id='word_1_2' title='bbox 742 1723 1300 1815; x_wconf 72' lang='lat' dir='ltr'>Konnczrczn,</span> <span class='ocrx_word' id='word_1_3' title='bbox 1356 1725 1524 1797; x_wconf 86' lang='lat' dir='ltr'>villa</span> <span class='ocrx_word' id='word_1_4' title='bbox 1576 1726 1706 1798; x_wconf 90' lang='lat' dir='ltr'>sub</span> <span class='ocrx_word' id='word_1_5' title='bbox 1758 1725 2091 1817; x_wconf 86' lang='lat' dir='ltr'>parochia</span> <span class='ocrx_word' id='word_1_6' title='bbox 2144 1726 2471 1799; x_wconf 84' lang='lat' dir='ltr'>eeclesiae</span> <span class='ocrx_word' id='word_1_7' title='bbox 2526 1727 2611 1800; x_wconf 88' lang='lat' dir='ltr'>de</span> <span class='ocrx_word' id='word_1_8' title='bbox 2668 1728 2723 1799; x_wconf 89' lang='lat' dir='ltr'>Z</span> <span class='ocrx_word' id='word_1_9' title='bbox 2744 1749 2784 1800; x_wconf 92' lang='lat' dir='ltr'>o</span> <span class='ocrx_word' id='word_1_10' title='bbox 2804 1748 2981 1799; x_wconf 78' lang='lat' dir='ltr'>raw</span> <span class='ocrx_word' id='word_1_11' title='bbox 3038 1729 3190 1818; x_wconf 90' lang='lat' dir='ltr'>sita,</span> <span class='ocrx_word' id='word_1_12' title='bbox 3243 1734 3315 1799; x_wconf 89' lang='lat' dir='ltr'>et</span> <span class='ocrx_word' id='word_1_13' title='bbox 3367 1730 3458 1802; x_wconf 89' lang='lat' dir='ltr'>ad</span> <span class='ocrx_word' id='word_1_14' title='bbox 3492 1750 3637 1803; x_wconf 89' lang='lat' dir='ltr'>mo-</span> 
     </span>
     <span class='ocr_line' id='line_1_3' title="bbox 536 1845 3636 1941; baseline 0.002 -25"><span class='ocrx_word' id='word_1_15' title='bbox 536 1847 916 1917; x_wconf 90' lang='lat' dir='ltr'>nasterium</span> <span class='ocrx_word' id='word_1_16' title='bbox 970 1845 1341 1936; x_wconf 87' lang='lat' dir='ltr'><strong>pertinens.</strong></span> <span class='ocrx_word' id='word_1_17' title='bbox 1394 1846 1476 1917; x_wconf 90' lang='lat' dir='ltr'>In</span> <span class='ocrx_word' id='word_1_18' title='bbox 1533 1866 1670 1936; x_wconf 89' lang='lat' dir='ltr'>qua</span> <span class='ocrx_word' id='word_1_19' title='bbox 1722 1851 1885 1918; x_wconf 91' lang='lat' dir='ltr'>sunt</span> <span class='ocrx_word' id='word_1_20' title='bbox 1938 1846 2255 1919; x_wconf 80' lang='lat' dir='ltr'>undecim</span> <span class='ocrx_word' id='word_1_21' title='bbox 2308 1847 2492 1919; x_wconf 90' lang='lat' dir='ltr'>lanei</span> <span class='ocrx_word' id='word_1_22' title='bbox 2546 1848 3036 1938; x_wconf 90' lang='lat' dir='ltr'>cmethonales,</span> <span class='ocrx_word' id='word_1_23' title='bbox 3071 1856 3144 1920; x_wconf 93' lang='lat' dir='ltr'>et</span> <span class='ocrx_word' id='word_1_24' title='bbox 3180 1850 3473 1939; x_wconf 82' lang='lat' dir='ltr'>quilibet</span> <span class='ocrx_word' id='word_1_25' title='bbox 3506 1871 3636 1941; x_wconf 89' lang='lat' dir='ltr'>pro</span> 
     </span>
     <span class='ocr_line' id='line_1_4' title="bbox 537 1948 3637 2059; baseline 0.002 -21"><span class='ocrx_word' id='word_1_26' title='bbox 537 1988 746 2039; x_wconf 88' lang='lat' dir='ltr'>censu</span> <span class='ocrx_word' id='word_1_27' title='bbox 820 1988 1048 2039; x_wconf 88' lang='lat' dir='ltr'>annuo</span> <span class='ocrx_word' id='word_1_28' title='bbox 1119 1966 1330 2039; x_wconf 89' lang='lat' dir='ltr'>solvit</span> <span class='ocrx_word' id='word_1_29' title='bbox 1398 1966 1698 2042; x_wconf 83' lang='lat' dir='ltr'>sedecim</span> <span class='ocrx_word' id='word_1_30' title='bbox 1752 1974 2054 2058; x_wconf 85' lang='lat' dir='ltr'>scottos,</span> <span class='ocrx_word' id='word_1_31' title='bbox 2107 1969 2279 2040; x_wconf 89' lang='lat' dir='ltr'>item</span> <span class='ocrx_word' id='word_1_32' title='bbox 2331 1968 2507 2041; x_wconf 86' lang='lat' dir='ltr'>duos</span> <span class='ocrx_word' id='word_1_33' title='bbox 2558 1969 2815 2059; x_wconf 73' lang='lat' dir='ltr'>galloe,</span> <span class='ocrx_word' id='word_1_34' title='bbox 2871 1970 3118 2059; x_wconf 78' lang='lat' dir='ltr'>viginti</span> <span class='ocrx_word' id='word_1_35' title='bbox 3171 1991 3343 2059; x_wconf 87' lang='lat' dir='ltr'>ova;</span> <span class='ocrx_word' id='word_1_36' title='bbox 3396 1948 3637 2044; x_wconf 76' lang='lat' dir='ltr'>caseos</span> 
     </span>
    </p>

    <p class='ocr_par' dir='ltr' id='par_1_3' title="bbox 445 2088 3767 3270">
     <span class='ocr_line' id='line_1_5' title="bbox 445 2088 3637 2184; baseline 0.002 -25"><span class='ocrx_word' id='word_1_37' title='bbox 445 2171 462 2179; x_wconf 52' lang='lat'>‚</span> <span class='ocrx_word' id='word_1_38' title='bbox 539 2110 675 2160; x_wconf 90' lang='lat' dir='ltr'>non</span> <span class='ocrx_word' id='word_1_39' title='bbox 732 2089 920 2177; x_wconf 92' lang='lat' dir='ltr'>dant,</span> <span class='ocrx_word' id='word_1_40' title='bbox 973 2088 1138 2160; x_wconf 90' lang='lat' dir='ltr'>item</span> <span class='ocrx_word' id='word_1_41' title='bbox 1194 2108 1333 2160; x_wconf 92' lang='lat' dir='ltr'>non</span> <span class='ocrx_word' id='word_1_42' title='bbox 1387 2089 1597 2161; x_wconf 90' lang='lat' dir='ltr'>datur</span> <span class='ocrx_word' id='word_1_43' title='bbox 1649 2109 1926 2184; x_wconf 71' lang='lat' dir='ltr'>osszyep.</span> <span class='ocrx_word' id='word_1_44' title='bbox 1941 2114 1968 2175; x_wconf 89' lang='lat'><em>;</em></span> <span class='ocrx_word' id='word_1_45' title='bbox 2020 2089 2187 2161; x_wconf 88' lang='lat' dir='ltr'>item</span> <span class='ocrx_word' id='word_1_46' title='bbox 2242 2090 2537 2181; x_wconf 78' lang='lat' dir='ltr'>quilibet</span> <span class='ocrx_word' id='word_1_47' title='bbox 2588 2090 2673 2161; x_wconf 92' lang='lat' dir='ltr'>de</span> <span class='ocrx_word' id='word_1_48' title='bbox 2729 2090 2929 2162; x_wconf 88' lang='lat' dir='ltr'>laneo</span> <span class='ocrx_word' id='word_1_49' title='bbox 2982 2095 3260 2163; x_wconf 90' lang='lat' dir='ltr'>tenetur</span> <span class='ocrx_word' id='word_1_50' title='bbox 3316 2092 3637 2164; x_wconf 89' lang='lat' dir='ltr'>laborare</span> 
     </span>
     <span class='ocr_line' id='line_1_6' title="bbox 536 2208 3638 2302; baseline 0.001 -22"><span class='ocrx_word' id='word_1_51' title='bbox 536 2216 684 2281; x_wconf 85' lang='lat' dir='ltr'>tres</span> <span class='ocrx_word' id='word_1_52' title='bbox 756 2208 903 2280; x_wconf 89' lang='lat' dir='ltr'>dies</span> <span class='ocrx_word' id='word_1_53' title='bbox 974 2208 1046 2279; x_wconf 89' lang='lat' dir='ltr'>in</span> <span class='ocrx_word' id='word_1_54' title='bbox 1118 2229 1336 2299; x_wconf 90' lang='lat' dir='ltr'>anno,</span> <span class='ocrx_word' id='word_1_55' title='bbox 1389 2209 1674 2300; x_wconf 90' lang='lat' dir='ltr'>proprio</span> <span class='ocrx_word' id='word_1_56' title='bbox 1746 2229 1956 2282; x_wconf 87' lang='lat' dir='ltr'>curru</span> <span class='ocrx_word' id='word_1_57' title='bbox 2009 2217 2132 2282; x_wconf 91' lang='lat' dir='ltr'>aut</span> <span class='ocrx_word' id='word_1_58' title='bbox 2183 2214 2458 2300; x_wconf 89' lang='lat' dir='ltr'>aratro;</span> <span class='ocrx_word' id='word_1_59' title='bbox 2510 2212 2675 2282; x_wconf 90' lang='lat' dir='ltr'>item</span> <span class='ocrx_word' id='word_1_60' title='bbox 2729 2233 2867 2282; x_wconf 90' lang='lat' dir='ltr'>non</span> <span class='ocrx_word' id='word_1_61' title='bbox 2921 2218 3086 2283; x_wconf 92' lang='lat' dir='ltr'>sunt</span> <span class='ocrx_word' id='word_1_62' title='bbox 3134 2212 3234 2283; x_wconf 93' lang='lat' dir='ltr'>ibi</span> <span class='ocrx_word' id='word_1_63' title='bbox 3287 2213 3638 2302; x_wconf 89' lang='lat' dir='ltr'>tabernae,</span> 
     </span>
     <span class='ocr_line' id='line_1_7' title="bbox 536 2329 3610 2422; baseline 0.001 -21"><span class='ocrx_word' id='word_1_64' title='bbox 536 2350 760 2420; x_wconf 89' lang='lat' dir='ltr'>neque</span> <span class='ocrx_word' id='word_1_65' title='bbox 830 2329 1265 2403; x_wconf 88' lang='lat' dir='ltr'>hortulaniae</span> <span class='ocrx_word' id='word_1_66' title='bbox 1283 2384 1300 2418; x_wconf 97' lang='lat'>,</span> <span class='ocrx_word' id='word_1_67' title='bbox 1371 2350 1594 2420; x_wconf 88' lang='lat' dir='ltr'>neque</span> <span class='ocrx_word' id='word_1_68' title='bbox 1666 2330 2024 2420; x_wconf 80' lang='lat' dir='ltr'>praedium</span> <span class='ocrx_word' id='word_1_69' title='bbox 2043 2386 2060 2420; x_wconf 92' lang='lat'>,</span> <span class='ocrx_word' id='word_1_70' title='bbox 2131 2350 2357 2422; x_wconf 91' lang='lat' dir='ltr'>neque</span> <span class='ocrx_word' id='word_1_71' title='bbox 2409 2331 2895 2403; x_wconf 88' lang='lat' dir='ltr'>molendinum.</span> <span class='ocrx_word' id='word_1_72' title='bbox 2947 2331 3125 2403; x_wconf 91' lang='lat' dir='ltr'>Item</span> <span class='ocrx_word' id='word_1_73' title='bbox 3180 2332 3445 2404; x_wconf 87' lang='lat' dir='ltr'>decima</span> <span class='ocrx_word' id='word_1_74' title='bbox 3498 2352 3610 2405; x_wconf 90' lang='lat' dir='ltr'>ma</span> 
     </span>
     <span class='ocr_line' id='line_1_8' title="bbox 541 2430 3640 2543; baseline 0.002 -21"><span class='ocrx_word' id='word_1_75' title='bbox 541 2450 879 2541; x_wconf 87' lang='lat' dir='ltr'>nipularis</span> <span class='ocrx_word' id='word_1_76' title='bbox 949 2430 1109 2541; x_wconf 87' lang='lat' dir='ltr'>post</span> <span class='ocrx_word' id='word_1_77' title='bbox 1190 2466 1428 2523; x_wconf 89' lang='lat' dir='ltr'>omnes</span> <span class='ocrx_word' id='word_1_78' title='bbox 1507 2470 1716 2543; x_wconf 82' lang='lat' dir='ltr'>agros</span> <span class='ocrx_word' id='word_1_79' title='bbox 1789 2452 1999 2523; x_wconf 91' lang='lat' dir='ltr'>datur</span> <span class='ocrx_word' id='word_1_80' title='bbox 2079 2453 2501 2525; x_wconf 87' lang='lat' dir='ltr'>monasterio</span> <span class='ocrx_word' id='word_1_81' title='bbox 2571 2451 3039 2524; x_wconf 80' lang='lat' dir='ltr'>Msthoviensi</span> <span class='ocrx_word' id='word_1_82' title='bbox 3058 2507 3075 2542; x_wconf 90' lang='lat'>,</span> <span class='ocrx_word' id='word_1_83' title='bbox 3148 2457 3218 2524; x_wconf 89' lang='lat' dir='ltr'>et</span> <span class='ocrx_word' id='word_1_84' title='bbox 3287 2453 3640 2527; x_wconf 80' lang='lat' dir='ltr'>inducitur</span> 
     </span>
     <span class='ocr_line' id='line_1_9' title="bbox 538 2572 3641 2663; baseline 0.001 -21"><span class='ocrx_word' id='word_1_85' title='bbox 538 2592 665 2661; x_wconf 89' lang='lat' dir='ltr'>per</span> <span class='ocrx_word' id='word_1_86' title='bbox 734 2572 1131 2645; x_wconf 79' lang='lat' dir='ltr'>emethones</span> <span class='ocrx_word' id='word_1_87' title='bbox 1204 2572 1506 2663; x_wconf 89' lang='lat' dir='ltr'>propriis</span> <span class='ocrx_word' id='word_1_88' title='bbox 1576 2572 1894 2645; x_wconf 88' lang='lat' dir='ltr'>curribus</span> <span class='ocrx_word' id='word_1_89' title='bbox 1964 2573 2036 2643; x_wconf 94' lang='lat' dir='ltr'>in</span> <span class='ocrx_word' id='word_1_90' title='bbox 2108 2573 2437 2645; x_wconf 86' lang='lat' dir='ltr'>horreum</span> <span class='ocrx_word' id='word_1_91' title='bbox 2510 2594 2553 2643; x_wconf 89' lang='lat' dir='ltr'>a</span> <span class='ocrx_word' id='word_1_92' title='bbox 2605 2573 2936 2647; x_wconf 77' lang='lat' dir='ltr'>coenobio</span> <span class='ocrx_word' id='word_1_93' title='bbox 2991 2573 3352 2646; x_wconf 85' lang='lat' dir='ltr'>locandum</span> <span class='ocrx_word' id='word_1_94' title='bbox 3375 2628 3392 2663; x_wconf 96' lang='lat'>,</span> <span class='ocrx_word' id='word_1_95' title='bbox 3446 2573 3641 2645; x_wconf 89' lang='lat' dir='ltr'>cuius</span> 
     </span>
     <span class='ocr_line' id='line_1_10' title="bbox 537 2691 3641 2785; baseline 0.001 -21"><span class='ocrx_word' id='word_1_96' title='bbox 537 2693 734 2765; x_wconf 88' lang='lat' dir='ltr'>valor</span> <span class='ocrx_word' id='word_1_97' title='bbox 804 2693 1216 2765; x_wconf 88' lang='lat' dir='ltr'>aestimatur</span> <span class='ocrx_word' id='word_1_98' title='bbox 1285 2693 1374 2765; x_wconf 91' lang='lat' dir='ltr'>ad</span> <span class='ocrx_word' id='word_1_99' title='bbox 1445 2691 1803 2767; x_wconf 84' lang='lat' dir='ltr'>duodecim</span> <span class='ocrx_word' id='word_1_100' title='bbox 1876 2713 2197 2777; x_wconf 73' lang='lat' dir='ltr'>marcas,</span> <span class='ocrx_word' id='word_1_101' title='bbox 2251 2694 2529 2767; x_wconf 86' lang='lat' dir='ltr'>Donata</span> <span class='ocrx_word' id='word_1_102' title='bbox 2597 2694 3022 2770; x_wconf 90' lang='lat' dir='ltr'>monasterio</span> <span class='ocrx_word' id='word_1_103' title='bbox 3094 2715 3223 2785; x_wconf 89' lang='lat' dir='ltr'>per</span> <span class='ocrx_word' id='word_1_104' title='bbox 3269 2694 3305 2765; x_wconf 91' lang='lat' dir='ltr'>I</span> <span class='ocrx_word' id='word_1_105' title='bbox 3324 2716 3369 2765; x_wconf 83' lang='lat' dir='ltr'><strong>v</strong></span> <span class='ocrx_word' id='word_1_106' title='bbox 3388 2715 3428 2766; x_wconf 93' lang='grc' dir='ltr'>ο</span> <span class='ocrx_word' id='word_1_107' title='bbox 3449 2717 3494 2766; x_wconf 91' lang='lat' dir='ltr'>n</span> <span class='ocrx_word' id='word_1_108' title='bbox 3514 2715 3554 2767; x_wconf 97' lang='lat' dir='ltr'>e</span> <span class='ocrx_word' id='word_1_109' title='bbox 3571 2716 3641 2767; x_wconf 89' lang='lat' dir='ltr'>m</span> 
     </span>
     <span class='ocr_line' id='line_1_11' title="bbox 535 2814 3713 2906; baseline 0.001 -21"><span class='ocrx_word' id='word_1_110' title='bbox 535 2815 935 2905; x_wconf 90' lang='lat' dir='ltr'>episcopum</span> <span class='ocrx_word' id='word_1_111' title='bbox 989 2814 1534 2887; x_wconf 83' lang='lat' dir='ltr'>Gracoviensem.</span> <span class='ocrx_word' id='word_1_112' title='bbox 1588 2814 1909 2887; x_wconf 82' lang='lat' dir='ltr'>Confluat</span> <span class='ocrx_word' id='word_1_113' title='bbox 1959 2836 2115 2887; x_wconf 87' lang='lat' dir='ltr'>cum</span> <span class='ocrx_word' id='word_1_114' title='bbox 2169 2814 2751 2904; x_wconf 65' lang='lat' dir='ltr'>Mokrzesza,</span> <span class='ocrx_word' id='word_1_115' title='bbox 2804 2815 3154 2905; x_wconf 82' lang='lat' dir='ltr'>Zoraw,</span> <span class='ocrx_word' id='word_1_116' title='bbox 3208 2815 3713 2906; x_wconf 60' lang='lat' dir='ltr'>Zagora,-</span> 
     </span>
     <span class='ocr_line' id='line_1_12' title="bbox 538 2924 3767 3035; baseline 0.001 -28"><span class='ocrx_word' id='word_1_117' title='bbox 538 2935 838 3009; x_wconf 83' lang='lat' dir='ltr'>Malus</span> <span class='ocrx_word' id='word_1_118' title='bbox 857 2935 1080 3010; x_wconf 89' lang='lat' dir='ltr'>chie.</span> <span class='ocrx_word' id='word_1_119' title='bbox 1167 2936 1344 3007; x_wconf 75' lang='lat' dir='ltr'>item</span> <span class='ocrx_word' id='word_1_120' title='bbox 1416 2932 1686 3008; x_wconf 77' lang='lat' dir='ltr'>decima</span> <span class='ocrx_word' id='word_1_121' title='bbox 1755 2936 1963 3010; x_wconf 80' lang='lat' dir='ltr'>villae</span> <span class='ocrx_word' id='word_1_122' title='bbox 2035 2935 2391 3027; x_wconf 71' lang='lat' dir='ltr'>praefatae</span> <span class='ocrx_word' id='word_1_123' title='bbox 2461 2944 2616 3008; x_wconf 87' lang='lat' dir='ltr'>erat</span> <span class='ocrx_word' id='word_1_124' title='bbox 2670 2936 3016 3028; x_wconf 89' lang='lat' dir='ltr'>quondam</span> <span class='ocrx_word' id='word_1_125' title='bbox 3071 2937 3159 3009; x_wconf 92' lang='lat' dir='ltr'>de</span> <span class='ocrx_word' id='word_1_126' title='bbox 3210 2924 3641 3028; x_wconf 80' lang='lat' dir='ltr'>proprietate</span> <span class='ocrx_word' id='word_1_127' title='bbox 3756 3020 3767 3035; x_wconf 36' lang='grc' dir='ltr'>ι</span> 
     </span>
     <span class='ocr_line' id='line_1_13' title="bbox 537 3055 3641 3149; baseline 0 -19"><span class='ocrx_word' id='word_1_128' title='bbox 537 3056 870 3130; x_wconf 84' lang='lat' dir='ltr'>ecclesiae</span> <span class='ocrx_word' id='word_1_129' title='bbox 926 3058 998 3128; x_wconf 92' lang='lat' dir='ltr'>in</span> <span class='ocrx_word' id='word_1_130' title='bbox 1052 3057 1551 3149; x_wconf 87' lang='lat' dir='ltr'>erandza,</span> <span class='ocrx_word' id='word_1_131' title='bbox 1606 3055 1729 3130; x_wconf 90' lang='lat' dir='ltr'>sed</span> <span class='ocrx_word' id='word_1_132' title='bbox 1782 3058 2086 3131; x_wconf 87' lang='lat' dir='ltr'>cambita</span> <span class='ocrx_word' id='word_1_133' title='bbox 2139 3064 2249 3130; x_wconf 89' lang='lat' dir='ltr'>est</span> <span class='ocrx_word' id='word_1_134' title='bbox 2300 3080 2428 3148; x_wconf 90' lang='lat' dir='ltr'>pro</span> <span class='ocrx_word' id='word_1_135' title='bbox 2480 3058 2749 3131; x_wconf 87' lang='lat' dir='ltr'>decima</span> <span class='ocrx_word' id='word_1_136' title='bbox 2785 3058 2991 3130; x_wconf 86' lang='lat' dir='ltr'>villae</span> <span class='ocrx_word' id='word_1_137' title='bbox 3026 3057 3641 3148; x_wconf 82' lang='lat' dir='ltr'>Zaduszniky,</span> 
     </span>
     <span class='ocr_line' id='line_1_14' title="bbox 539 3178 2088 3270; baseline -0.001 -19"><span class='ocrx_word' id='word_1_138' title='bbox 539 3178 670 3251; x_wconf 86' lang='lat' dir='ltr'>sub</span> <span class='ocrx_word' id='word_1_139' title='bbox 721 3180 1055 3270; x_wconf 89' lang='lat' dir='ltr'>parochia</span> <span class='ocrx_word' id='word_1_140' title='bbox 1107 3178 1593 3260; x_wconf 88' lang='lat' dir='ltr'>erandze</span> <span class='ocrx_word' id='word_1_141' title='bbox 1645 3178 2088 3251; x_wconf 84' lang='lat' dir='ltr'>consistente.</span> 
     </span>
    </p>

    <p class='ocr_par' dir='ltr' id='par_1_4' title="bbox 537 3299 3643 4116">
     <span class='ocr_line' id='line_1_15' title="bbox 749 3299 3641 3391; baseline -0 -19"><span class='ocrx_word' id='word_1_142' title='bbox 749 3299 1203 3388; x_wconf 74' lang='lat' dir='ltr'>CquoLow,</span> <span class='ocrx_word' id='word_1_143' title='bbox 1258 3301 1586 3391; x_wconf 87' lang='lat' dir='ltr'>oppidum</span> <span class='ocrx_word' id='word_1_144' title='bbox 1639 3300 1906 3373; x_wconf 90' lang='lat' dir='ltr'>habens</span> <span class='ocrx_word' id='word_1_145' title='bbox 1958 3300 2029 3372; x_wconf 88' lang='lat' dir='ltr'>in</span> <span class='ocrx_word' id='word_1_146' title='bbox 2086 3321 2160 3372; x_wconf 89' lang='lat' dir='ltr'>se</span> <span class='ocrx_word' id='word_1_147' title='bbox 2216 3300 2573 3372; x_wconf 88' lang='lat' dir='ltr'>ecclesiam</span> <span class='ocrx_word' id='word_1_148' title='bbox 2628 3299 3117 3390; x_wconf 76' lang='lat' dir='ltr'>parochialem,</span> <span class='ocrx_word' id='word_1_149' title='bbox 3163 3299 3358 3373; x_wconf 88' lang='lat' dir='ltr'>cuius</span> <span class='ocrx_word' id='word_1_150' title='bbox 3393 3299 3641 3371; x_wconf 83' lang='lat' dir='ltr'>haeres</span> 
     </span>
     <span class='ocr_line' id='line_1_16' title="bbox 539 3419 3639 3512; baseline 0 -19"><span class='ocrx_word' id='word_1_151' title='bbox 539 3421 923 3493; x_wconf 90' lang='lat' dir='ltr'>Stanislaus</span> <span class='ocrx_word' id='word_1_152' title='bbox 976 3420 1665 3512; x_wconf 81' lang='lat' dir='ltr'>Cromolowsky</span> <span class='ocrx_word' id='word_1_153' title='bbox 1716 3422 1969 3503; x_wconf 85' lang='lat' dir='ltr'>nobilis</span> <span class='ocrx_word' id='word_1_154' title='bbox 2022 3421 2109 3493; x_wconf 88' lang='lat' dir='ltr'>de</span> <span class='ocrx_word' id='word_1_155' title='bbox 2162 3422 2376 3493; x_wconf 90' lang='lat' dir='ltr'>armis</span> <span class='ocrx_word' id='word_1_156' title='bbox 2431 3419 2980 3493; x_wconf 83' lang='lat' dir='ltr'>Griffonum.</span> <span class='ocrx_word' id='word_1_157' title='bbox 3034 3421 3115 3500; x_wconf 86' lang='lat' dir='ltr'>In</span> <span class='ocrx_word' id='word_1_158' title='bbox 3168 3442 3304 3511; x_wconf 91' lang='lat' dir='ltr'>quo</span> <span class='ocrx_word' id='word_1_159' title='bbox 3357 3426 3639 3511; x_wconf 87' lang='lat' dir='ltr'>praeter</span> 
     </span>
     <span class='ocr_line' id='line_1_17' title="bbox 539 3542 3643 3644; baseline 0.001 -31"><span class='ocrx_word' id='word_1_160' title='bbox 539 3543 713 3614; x_wconf 87' lang='lat' dir='ltr'>alios</span> <span class='ocrx_word' id='word_1_161' title='bbox 767 3543 1004 3615; x_wconf 90' lang='lat' dir='ltr'>laneos</span> <span class='ocrx_word' id='word_1_162' title='bbox 1059 3543 1298 3615; x_wconf 86' lang='lat' dir='ltr'>civiles</span> <span class='ocrx_word' id='word_1_163' title='bbox 1354 3543 1442 3616; x_wconf 90' lang='lat' dir='ltr'>ad</span> <span class='ocrx_word' id='word_1_164' title='bbox 1495 3542 1867 3616; x_wconf 76' lang='lat' dir='ltr'>haeredem</span> <span class='ocrx_word' id='word_1_165' title='bbox 1920 3543 2390 3644; x_wconf 82' lang='lat' dir='ltr'>pertinentes,</span> <span class='ocrx_word' id='word_1_166' title='bbox 2445 3549 2554 3615; x_wconf 85' lang='lat' dir='ltr'>est</span> <span class='ocrx_word' id='word_1_167' title='bbox 2604 3563 2783 3615; x_wconf 87' lang='lat' dir='ltr'>unus</span> <span class='ocrx_word' id='word_1_168' title='bbox 2828 3542 3111 3633; x_wconf 83' lang='lat' dir='ltr'>laneus,</span> <span class='ocrx_word' id='word_1_169' title='bbox 3166 3543 3284 3633; x_wconf 89' lang='lat' dir='ltr'>qui</span> <span class='ocrx_word' id='word_1_170' title='bbox 3337 3542 3643 3632; x_wconf 81' lang='lat' dir='ltr'>pertinet</span> 
     </span>
     <span class='ocr_line' id='line_1_18' title="bbox 541 3654 3643 3754; baseline -0 -19"><span class='ocrx_word' id='word_1_171' title='bbox 541 3662 630 3735; x_wconf 88' lang='lat' dir='ltr'>ad</span> <span class='ocrx_word' id='word_1_172' title='bbox 699 3663 1194 3753; x_wconf 79' lang='lat' dir='ltr'>proprietatem</span> <span class='ocrx_word' id='word_1_173' title='bbox 1266 3663 1669 3737; x_wconf 88' lang='lat' dir='ltr'>monasterii</span> <span class='ocrx_word' id='word_1_174' title='bbox 1739 3654 2238 3737; x_wconf 84' lang='lat' dir='ltr'>Msthoviensis</span> <span class='ocrx_word' id='word_1_175' title='bbox 2260 3718 2277 3753; x_wconf 96' lang='lat'>,</span> <span class='ocrx_word' id='word_1_176' title='bbox 2348 3670 2422 3735; x_wconf 88' lang='lat' dir='ltr'>et</span> <span class='ocrx_word' id='word_1_177' title='bbox 2434 3700 2445 3715; x_wconf 90' lang='lat'>·-</span> <span class='ocrx_word' id='word_1_178' title='bbox 2493 3663 2702 3736; x_wconf 88' lang='lat' dir='ltr'>solvit</span> <span class='ocrx_word' id='word_1_179' title='bbox 2771 3683 2903 3754; x_wconf 88' lang='lat' dir='ltr'>pro</span> <span class='ocrx_word' id='word_1_180' title='bbox 2953 3683 3165 3747; x_wconf 83' lang='lat' dir='ltr'>censu</span> <span class='ocrx_word' id='word_1_181' title='bbox 3219 3662 3643 3735; x_wconf 88' lang='lat' dir='ltr'>monasterio</span> 
     </span>
     <span class='ocr_line' id='line_1_19' title="bbox 540 3782 3642 3875; baseline 0 -20"><span class='ocrx_word' id='word_1_182' title='bbox 540 3804 750 3856; x_wconf 89' lang='lat' dir='ltr'>uuum</span> <span class='ocrx_word' id='word_1_183' title='bbox 804 3783 1142 3857; x_wconf 84' lang='lat' dir='ltr'>fertonem</span> <span class='ocrx_word' id='word_1_184' title='bbox 1162 3839 1179 3873; x_wconf 96' lang='lat'>,</span> <span class='ocrx_word' id='word_1_185' title='bbox 1234 3784 1569 3857; x_wconf 88' lang='lat' dir='ltr'>decimam</span> <span class='ocrx_word' id='word_1_186' title='bbox 1636 3805 1804 3858; x_wconf 86' lang='lat' dir='ltr'>vero</span> <span class='ocrx_word' id='word_1_187' title='bbox 1857 3783 1946 3857; x_wconf 91' lang='lat' dir='ltr'>de</span> <span class='ocrx_word' id='word_1_188' title='bbox 1999 3783 2240 3857; x_wconf 88' lang='lat' dir='ltr'>eodem</span> <span class='ocrx_word' id='word_1_189' title='bbox 2295 3783 2495 3856; x_wconf 90' lang='lat' dir='ltr'>laneo</span> <span class='ocrx_word' id='word_1_190' title='bbox 2552 3783 2762 3856; x_wconf 85' lang='lat' dir='ltr'>solvit</span> <span class='ocrx_word' id='word_1_191' title='bbox 2812 3783 3108 3875; x_wconf 87' lang='lat' dir='ltr'>plebano</span> <span class='ocrx_word' id='word_1_192' title='bbox 3161 3783 3234 3854; x_wconf 93' lang='lat' dir='ltr'>in</span> <span class='ocrx_word' id='word_1_193' title='bbox 3288 3782 3398 3854; x_wconf 89' lang='lat' dir='ltr'>Cr</span> <span class='ocrx_word' id='word_1_194' title='bbox 3417 3803 3458 3854; x_wconf 94' lang='lat' dir='ltr'>o</span> <span class='ocrx_word' id='word_1_195' title='bbox 3479 3804 3548 3854; x_wconf 90' lang='lat' dir='ltr'>m</span> <span class='ocrx_word' id='word_1_196' title='bbox 3566 3804 3642 3856; x_wconf 91' lang='lat' dir='ltr'>o-</span> 
     </span>
     <span class='ocr_line' id='line_1_20' title="bbox 538 3903 3642 3996; baseline 0.001 -22"><span class='ocrx_word' id='word_1_197' title='bbox 538 3904 624 3975; x_wconf 96' lang='lat' dir='ltr'>lo</span> <span class='ocrx_word' id='word_1_198' title='bbox 645 3927 724 3975; x_wconf 86' lang='lat' dir='ltr'>w.</span> <span class='ocrx_word' id='word_1_199' title='bbox 777 3905 953 3976; x_wconf 89' lang='lat' dir='ltr'>Item</span> <span class='ocrx_word' id='word_1_200' title='bbox 1009 3910 1117 3977; x_wconf 87' lang='lat' dir='ltr'>est</span> <span class='ocrx_word' id='word_1_201' title='bbox 1168 3906 1265 3978; x_wconf 93' lang='lat' dir='ltr'>ibi</span> <span class='ocrx_word' id='word_1_202' title='bbox 1319 3927 1456 3977; x_wconf 91' lang='lat' dir='ltr'>una</span> <span class='ocrx_word' id='word_1_203' title='bbox 1509 3905 1929 3994; x_wconf 85' lang='lat' dir='ltr'>hortulania‚</span> <span class='ocrx_word' id='word_1_204' title='bbox 1984 3905 2192 3976; x_wconf 88' lang='lat' dir='ltr'>etiam</span> <span class='ocrx_word' id='word_1_205' title='bbox 2248 3904 2336 3976; x_wconf 84' lang='lat' dir='ltr'>ad</span> <span class='ocrx_word' id='word_1_206' title='bbox 2389 3905 2887 3996; x_wconf 89' lang='lat' dir='ltr'>proprietatem</span> <span class='ocrx_word' id='word_1_207' title='bbox 2927 3904 3335 3976; x_wconf 89' lang='lat' dir='ltr'>monasterii</span> <span class='ocrx_word' id='word_1_208' title='bbox 3370 3903 3642 3977; x_wconf 88' lang='lat' dir='ltr'>Mstbo-</span> 
     </span>
     <span class='ocr_line' id='line_1_21' title="bbox 537 4024 3643 4116; baseline -0 -18"><span class='ocrx_word' id='word_1_209' title='bbox 537 4024 794 4098; x_wconf 58' lang='lat' dir='ltr'>viantis</span> <span class='ocrx_word' id='word_1_210' title='bbox 850 4030 1220 4115; x_wconf 71' lang='lat' dir='ltr'>pei-tinem,</span> <span class='ocrx_word' id='word_1_211' title='bbox 1273 4033 1346 4098; x_wconf 91' lang='lat' dir='ltr'>et</span> <span class='ocrx_word' id='word_1_212' title='bbox 1399 4026 1608 4100; x_wconf 87' lang='lat' dir='ltr'>solvit</span> <span class='ocrx_word' id='word_1_213' title='bbox 1658 4026 2079 4099; x_wconf 88' lang='lat' dir='ltr'>monasterio</span> <span class='ocrx_word' id='word_1_214' title='bbox 2132 4026 2596 4099; x_wconf 84' lang='lat' dir='ltr'>Msthoviensi</span> <span class='ocrx_word' id='word_1_215' title='bbox 2649 4033 2807 4098; x_wconf 80' lang='lat' dir='ltr'>octo</span> <span class='ocrx_word' id='word_1_216' title='bbox 2858 4046 3158 4116; x_wconf 79' lang='lat' dir='ltr'>grossos.</span> <span class='ocrx_word' id='word_1_217' title='bbox 3211 4025 3387 4097; x_wconf 90' lang='lat' dir='ltr'>Item</span> <span class='ocrx_word' id='word_1_218' title='bbox 3442 4044 3643 4116; x_wconf 90' lang='lat' dir='ltr'>prae-</span> 
     </span>
    </p>

    <p class='ocr_par' dir='ltr' id='par_1_5' title="bbox 177 4132 3646 4723">
     <span class='ocr_line' id='line_1_22' title="bbox 177 4132 3642 4292; baseline 0 -74"><span class='ocrx_word' id='word_1_219' title='bbox 177 4218 188 4230; x_wconf 75' lang='grc'>,,</span> <span class='ocrx_word' id='word_1_220' title='bbox 217 4132 340 4292; x_wconf 50' lang='grc' dir='ltr'>’ζ</span> <span class='ocrx_word' id='word_1_221' title='bbox 541 4146 810 4242; x_wconf 65' lang='lat' dir='ltr'>poeitae</span> <span class='ocrx_word' id='word_1_222' title='bbox 894 4158 962 4218; x_wconf 77' lang='lat' dir='ltr'>et</span> <span class='ocrx_word' id='word_1_223' title='bbox 1042 4155 1420 4220; x_wconf 80' lang='lat' dir='ltr'>conventus</span> <span class='ocrx_word' id='word_1_224' title='bbox 1499 4148 1906 4221; x_wconf 87' lang='lat' dir='ltr'>monasterii</span> <span class='ocrx_word' id='word_1_225' title='bbox 1985 4145 2490 4220; x_wconf 85' lang='lat' dir='ltr'>Msthoviensis</span> <span class='ocrx_word' id='word_1_226' title='bbox 2561 4148 2815 4219; x_wconf 87' lang='lat' dir='ltr'>habet.</span> <span class='ocrx_word' id='word_1_227' title='bbox 2849 4168 2976 4237; x_wconf 87' lang='lat' dir='ltr'>pro</span> <span class='ocrx_word' id='word_1_228' title='bbox 3056 4168 3196 4219; x_wconf 88' lang='lat' dir='ltr'>una</span> <span class='ocrx_word' id='word_1_229' title='bbox 3274 4146 3642 4219; x_wconf 86' lang='lat' dir='ltr'>medietate</span> 
     </span>
     <span class='ocr_line' id='line_1_23' title="bbox 177 4237 3646 4362; baseline -0.001 -20"><span class='ocrx_word' id='word_1_230' title='bbox 177 4237 243 4357; x_wconf 39' lang='grc' dir='ltr'>ΠΨ</span> <span class='ocrx_word' id='word_1_231' title='bbox 545 4270 1070 4362; x_wconf 65' lang='lat' dir='ltr'>iuspatrnnatue</span> <span class='ocrx_word' id='word_1_232' title='bbox 1139 4270 1227 4342; x_wconf 86' lang='lat' dir='ltr'>ad</span> <span class='ocrx_word' id='word_1_233' title='bbox 1302 4270 1883 4360; x_wconf 87' lang='lat' dir='ltr'>praesentandum</span> <span class='ocrx_word' id='word_1_234' title='bbox 1956 4270 2288 4342; x_wconf 86' lang='lat' dir='ltr'>ecclesiae</span> <span class='ocrx_word' id='word_1_235' title='bbox 2358 4269 2777 4361; x_wconf 88' lang='lat' dir='ltr'>parochialis</span> <span class='ocrx_word' id='word_1_236' title='bbox 2846 4270 2918 4340; x_wconf 88' lang='lat' dir='ltr'>in</span> <span class='ocrx_word' id='word_1_237' title='bbox 2983 4267 3237 4340; x_wconf 86' lang='lat' dir='ltr'>Grom</span> <span class='ocrx_word' id='word_1_238' title='bbox 3263 4269 3340 4339; x_wconf 94' lang='lat' dir='ltr'>ol</span> <span class='ocrx_word' id='word_1_239' title='bbox 3364 4290 3520 4358; x_wconf 86' lang='lat' dir='ltr'>ow,</span> <span class='ocrx_word' id='word_1_240' title='bbox 3574 4272 3646 4339; x_wconf 90' lang='lat' dir='ltr'>et</span> 
     </span>
     <span class='ocr_line' id='line_1_24' title="bbox 269 4389 3642 4482; baseline -0 -20"><span class='ocrx_word' id='word_1_241' title='bbox 269 4450 311 4462; x_wconf 89' lang='lat'>.-</span> <span class='ocrx_word' id='word_1_242' title='bbox 413 4475 417 4477; x_wconf 44' lang='grc'><strong>,</strong></span> <span class='ocrx_word' id='word_1_243' title='bbox 458 4439 470 4457; x_wconf 75' lang='grc'><strong>-</strong></span> <span class='ocrx_word' id='word_1_244' title='bbox 545 4390 822 4482; x_wconf 66' lang='lat' dir='ltr'>quoties</span> <span class='ocrx_word' id='word_1_245' title='bbox 882 4392 1171 4464; x_wconf 67' lang='lat' dir='ltr'>ecelesia</span> <span class='ocrx_word' id='word_1_246' title='bbox 1222 4390 1639 4482; x_wconf 88' lang='lat' dir='ltr'>parochialis</span> <span class='ocrx_word' id='word_1_247' title='bbox 1692 4390 1764 4461; x_wconf 93' lang='lat' dir='ltr'>in</span> <span class='ocrx_word' id='word_1_248' title='bbox 1820 4390 2330 4463; x_wconf 84' lang='lat' dir='ltr'>Gromolow</span> <span class='ocrx_word' id='word_1_249' title='bbox 2380 4396 2601 4478; x_wconf 82' lang='lat' dir='ltr'>vacat,</span> <span class='ocrx_word' id='word_1_250' title='bbox 2654 4391 2867 4462; x_wconf 89' lang='lat' dir='ltr'>toties</span> <span class='ocrx_word' id='word_1_251' title='bbox 2902 4389 3340 4480; x_wconf 85' lang='lat' dir='ltr'>praepositus</span> <span class='ocrx_word' id='word_1_252' title='bbox 3377 4394 3448 4460; x_wconf 92' lang='lat' dir='ltr'>et</span> <span class='ocrx_word' id='word_1_253' title='bbox 3482 4410 3642 4462; x_wconf 90' lang='lat' dir='ltr'>con-</span> 
     </span>
     <span class='ocr_line' id='line_1_25' title="bbox 518 4492 3643 4601; baseline -0 -18"><span class='ocrx_word' id='word_1_254' title='bbox 518 4514 793 4583; x_wconf 35' lang='lat' dir='ltr'>*ventus</span> <span class='ocrx_word' id='word_1_255' title='bbox 848 4513 1250 4584; x_wconf 91' lang='lat' dir='ltr'>monasterii</span> <span class='ocrx_word' id='word_1_256' title='bbox 1318 4511 1818 4584; x_wconf 84' lang='lat' dir='ltr'>Msthoviensis&#39;</span> <span class='ocrx_word' id='word_1_257' title='bbox 1851 4511 2153 4585; x_wconf 84' lang='lat' dir='ltr'>-babent</span> <span class='ocrx_word' id='word_1_258' title='bbox 2200 4492 2600 4587; x_wconf 70' lang='lat' dir='ltr'>facultatem</span> <span class='ocrx_word' id='word_1_259' title='bbox 2654 4515 2727 4581; x_wconf 91' lang='lat' dir='ltr'>et</span> <span class='ocrx_word' id='word_1_260' title='bbox 2776 4511 3113 4583; x_wconf 85' lang='lat' dir='ltr'>interesse</span> <span class='ocrx_word' id='word_1_261' title='bbox 3131 4564 3148 4599; x_wconf 93' lang='lat'>‚</span> <span class='ocrx_word' id='word_1_262' title='bbox 3200 4516 3283 4581; x_wconf 91' lang='lat' dir='ltr'>ut</span> <span class='ocrx_word' id='word_1_263' title='bbox 3336 4531 3462 4601; x_wconf 89' lang='lat' dir='ltr'>pro</span> <span class='ocrx_word' id='word_1_264' title='bbox 3516 4530 3643 4582; x_wconf 88' lang='lat' dir='ltr'>sua</span> 
     </span>
     <span class='ocr_line' id='line_1_26' title="bbox 543 4628 3641 4723; baseline -0.001 -21"><span class='ocrx_word' id='word_1_265' title='bbox 543 4632 911 4704; x_wconf 87' lang='lat' dir='ltr'>medietate</span> <span class='ocrx_word' id='word_1_266' title='bbox 965 4653 1330 4723; x_wconf 82' lang='lat' dir='ltr'>personam</span> <span class='ocrx_word' id='word_1_267' title='bbox 1383 4634 1704 4707; x_wconf 88' lang='lat' dir='ltr'>idoneam</span> <span class='ocrx_word' id='word_1_268' title='bbox 1756 4636 2206 4723; x_wconf 90' lang='lat' dir='ltr'>praesentent</span> <span class='ocrx_word' id='word_1_269' title='bbox 2259 4632 2585 4722; x_wconf 86' lang='lat' dir='ltr'>episcopo</span> <span class='ocrx_word' id='word_1_270' title='bbox 2639 4628 3082 4703; x_wconf 76' lang='lat' dir='ltr'>cracoviensi</span> <span class='ocrx_word' id='word_1_271' title='bbox 3127 4629 3641 4703; x_wconf 87' lang='lat' dir='ltr'>instituendam.</span> 
     </span>
    </p>

    <p class='ocr_par' dir='ltr' id='par_1_6' title="bbox 546 4748 3749 4969">
     <span class='ocr_line' id='line_1_27' title="bbox 751 4748 3644 4843; baseline -0 -22"><span class='ocrx_word' id='word_1_272' title='bbox 751 4751 1287 4843; x_wconf 72' lang='lat' dir='ltr'>Zi&#39;nuowrcza,</span> <span class='ocrx_word' id='word_1_273' title='bbox 1341 4753 1506 4826; x_wconf 86' lang='lat' dir='ltr'>villa</span> <span class='ocrx_word' id='word_1_274' title='bbox 1560 4754 1689 4824; x_wconf 86' lang='lat' dir='ltr'>sub</span> <span class='ocrx_word' id='word_1_275' title='bbox 1743 4754 2091 4843; x_wconf 87' lang='lat' dir='ltr'>parochia·</span> <span class='ocrx_word' id='word_1_276' title='bbox 2130 4753 2459 4825; x_wconf 87' lang='lat' dir='ltr'>ecclesiae</span> <span class='ocrx_word' id='word_1_277' title='bbox 2512 4751 2597 4825; x_wconf 88' lang='lat' dir='ltr'>de</span> <span class='ocrx_word' id='word_1_278' title='bbox 2651 4750 2836 4823; x_wconf 89' lang='lat' dir='ltr'>Kro</span> <span class='ocrx_word' id='word_1_279' title='bbox 2856 4771 2923 4821; x_wconf 92' lang='lat' dir='ltr'>m</span> <span class='ocrx_word' id='word_1_280' title='bbox 2944 4749 3088 4821; x_wconf 93' lang='lat' dir='ltr'>olo</span> <span class='ocrx_word' id='word_1_281' title='bbox 3110 4770 3172 4820; x_wconf 82' lang='lat' dir='ltr'><strong>w</strong></span> <span class='ocrx_word' id='word_1_282' title='bbox 3224 4750 3394 4838; x_wconf 91' lang='lat' dir='ltr'>sita,</span> <span class='ocrx_word' id='word_1_283' title='bbox 3448 4748 3644 4829; x_wconf 89' lang='lat' dir='ltr'>cuius</span> 
     </span>
     <span class='ocr_line' id='line_1_28' title="bbox 546 4870 3749 4969; baseline 0 -26"><span class='ocrx_word' id='word_1_284' title='bbox 546 4873 937 4963; x_wconf 88' lang='lat' dir='ltr'>proprietas</span> <span class='ocrx_word' id='word_1_285' title='bbox 991 4879 1062 4944; x_wconf 92' lang='lat' dir='ltr'>et</span> <span class='ocrx_word' id='word_1_286' title='bbox 1114 4874 1493 4947; x_wconf 91' lang='lat' dir='ltr'>dominium</span> <span class='ocrx_word' id='word_1_287' title='bbox 1548 4875 1638 4951; x_wconf 84' lang='lat' dir='ltr'>ad</span> <span class='ocrx_word' id='word_1_288' title='bbox 1690 4876 2188 4947; x_wconf 88' lang='lat' dir='ltr'>monasterium</span> <span class='ocrx_word' id='word_1_289' title='bbox 2242 4873 2722 4946; x_wconf 88' lang='lat' dir='ltr'>Msthoviense</span> <span class='ocrx_word' id='word_1_290' title='bbox 2778 4871 3098 4963; x_wconf 81' lang='lat' dir='ltr'>pertinet.</span> <span class='ocrx_word' id='word_1_291' title='bbox 3152 4870 3235 4942; x_wconf 94' lang='lat' dir='ltr'>In</span> <span class='ocrx_word' id='word_1_292' title='bbox 3289 4890 3425 4961; x_wconf 92' lang='lat' dir='ltr'>qua</span> <span class='ocrx_word' id='word_1_293' title='bbox 3477 4875 3643 4943; x_wconf 91' lang='lat' dir='ltr'>sunt</span> <span class='ocrx_word' id='word_1_294' title='bbox 3738 4959 3749 4969; x_wconf 87' lang='lat'>.</span> 
     </span>
    </p>
   </div>
   <div class='ocr_carea' id='block_1_3' title="bbox 549 4970 3927 5105">
    <p class='ocr_par' dir='ltr' id='par_1_7' title="bbox 549 4970 3927 5105">
     <span class='ocr_line' id='line_1_29' title="bbox 549 4970 3927 5105; baseline -0 -41"><span class='ocrx_word' id='word_1_295' title='bbox 549 5014 793 5066; x_wconf 87' lang='lat' dir='ltr'>novem</span> <span class='ocrx_word' id='word_1_296' title='bbox 846 4995 1049 5085; x_wconf 89' lang='lat' dir='ltr'>lanei,</span> <span class='ocrx_word' id='word_1_297' title='bbox 1103 5001 1177 5068; x_wconf 89' lang='lat' dir='ltr'>et</span> <span class='ocrx_word' id='word_1_298' title='bbox 1233 4995 1525 5085; x_wconf 90' lang='lat' dir='ltr'>quilibet</span> <span class='ocrx_word' id='word_1_299' title='bbox 1578 4996 1787 5068; x_wconf 86' lang='lat' dir='ltr'>solvit</span> <span class='ocrx_word' id='word_1_300' title='bbox 1839 5016 2051 5067; x_wconf 91' lang='lat' dir='ltr'>unum</span> <span class='ocrx_word' id='word_1_301' title='bbox 2085 4988 2446 5068; x_wconf 84' lang='lat' dir='ltr'>-fertonem</span> <span class='ocrx_word' id='word_1_302' title='bbox 2500 5015 2627 5086; x_wconf 92' lang='lat' dir='ltr'>pro</span> <span class='ocrx_word' id='word_1_303' title='bbox 2682 5014 2914 5083; x_wconf 86' lang='lat' dir='ltr'>censu,</span> <span class='ocrx_word' id='word_1_304' title='bbox 2966 4994 3133 5065; x_wconf 90' lang='lat' dir='ltr'>item</span> <span class='ocrx_word' id='word_1_305' title='bbox 3189 4992 3362 5064; x_wconf 88' lang='lat' dir='ltr'>duos</span> <span class='ocrx_word' id='word_1_306' title='bbox 3395 4991 3641 5084; x_wconf 82' lang='lat' dir='ltr'>gallos,</span> <span class='ocrx_word' id='word_1_307' title='bbox 3686 5076 3719 5105; x_wconf 22' lang='grc' dir='ltr'><em>Ἀ</em></span> <span class='ocrx_word' id='word_1_308' title='bbox 3754 5034 3777 5045; x_wconf 51' lang='grc' dir='ltr'><em>ι</em></span> <span class='ocrx_word' id='word_1_309' title='bbox 3840 4978 3849 4987; x_wconf 74' lang='grc'><strong><em>’</em></strong></span> <span class='ocrx_word' id='word_1_310' title='bbox 3922 4970 3927 4982; x_wconf 63' lang='grc'>’</span> 
     </span>
    </p>
   </div>
   <div class='ocr_carea' id='block_1_4' title="bbox 545 5114 3773 6635">
    <p class='ocr_par' dir='ltr' id='par_1_8' title="bbox 545 5114 3749 6061">
     <span class='ocr_line' id='line_1_30' title="bbox 546 5114 3638 5219; baseline 0 -33"><span class='ocrx_word' id='word_1_311' title='bbox 546 5116 792 5206; x_wconf 79' lang='lat' dir='ltr'>viginti</span> <span class='ocrx_word' id='word_1_312' title='bbox 846 5137 979 5188; x_wconf 89' lang='lat' dir='ltr'>ova</span> <span class='ocrx_word' id='word_1_313' title='bbox 1018 5116 1346 5205; x_wconf 88' lang='lat' dir='ltr'>-solvunt;</span> <span class='ocrx_word' id='word_1_314' title='bbox 1398 5117 1564 5188; x_wconf 91' lang='lat' dir='ltr'>item</span> <span class='ocrx_word' id='word_1_315' title='bbox 1618 5137 1857 5190; x_wconf 87' lang='lat' dir='ltr'>caseos</span> <span class='ocrx_word' id='word_1_316' title='bbox 1899 5138 2047 5188; x_wconf 82' lang='lat' dir='ltr'>non</span> <span class='ocrx_word' id='word_1_317' title='bbox 2102 5117 2293 5206; x_wconf 85' lang='lat' dir='ltr'>dant,</span> <span class='ocrx_word' id='word_1_318' title='bbox 2346 5117 2512 5189; x_wconf 90' lang='lat' dir='ltr'>item</span> <span class='ocrx_word' id='word_1_319' title='bbox 2550 5116 2727 5219; x_wconf 77' lang='lat' dir='ltr'>dant</span> <span class='ocrx_word' id='word_1_320' title='bbox 2755 5136 3028 5210; x_wconf 72' lang='lat' dir='ltr'>osazyep</span> <span class='ocrx_word' id='word_1_321' title='bbox 3046 5135 3191 5206; x_wconf 87' lang='lat' dir='ltr'>-per</span> <span class='ocrx_word' id='word_1_322' title='bbox 3227 5134 3349 5186; x_wconf 88' lang='lat' dir='ltr'>sex</span> <span class='ocrx_word' id='word_1_323' title='bbox 3389 5114 3638 5187; x_wconf 88' lang='lat' dir='ltr'>choros</span> 
     </span>
     <span class='ocr_line' id='line_1_31' title="bbox 547 5236 3642 5341; baseline 0.001 -35"><span class='ocrx_word' id='word_1_324' title='bbox 547 5257 843 5327; x_wconf 88' lang='lat' dir='ltr'>avenae,</span> <span class='ocrx_word' id='word_1_325' title='bbox 899 5239 1068 5309; x_wconf 90' lang='lat' dir='ltr'>item</span> <span class='ocrx_word' id='word_1_326' title='bbox 1140 5238 1433 5329; x_wconf 91' lang='lat' dir='ltr'>quilibet</span> <span class='ocrx_word' id='word_1_327' title='bbox 1501 5236 1588 5308; x_wconf 88' lang='lat' dir='ltr'>de</span> <span class='ocrx_word' id='word_1_328' title='bbox 1641 5237 1844 5310; x_wconf 90' lang='lat' dir='ltr'>laneo</span> <span class='ocrx_word' id='word_1_329' title='bbox 1896 5242 2176 5323; x_wconf 84' lang='lat' dir='ltr'>tenetur</span> <span class='ocrx_word' id='word_1_330' title='bbox 2244 5237 2565 5341; x_wconf 83' lang='lat' dir='ltr'>laborare</span> <span class='ocrx_word' id='word_1_331' title='bbox 2636 5236 2920 5328; x_wconf 86' lang='lat' dir='ltr'>proprio</span> <span class='ocrx_word' id='word_1_332' title='bbox 2974 5255 3184 5307; x_wconf 89' lang='lat' dir='ltr'>curru</span> <span class='ocrx_word' id='word_1_333' title='bbox 3236 5239 3359 5308; x_wconf 91' lang='lat' dir='ltr'>aut</span> <span class='ocrx_word' id='word_1_334' title='bbox 3408 5240 3642 5309; x_wconf 89' lang='lat' dir='ltr'>aratro</span> 
     </span>
     <span class='ocr_line' id='line_1_32' title="bbox 545 5357 3749 5454; baseline -0.001 -21"><span class='ocrx_word' id='word_1_335' title='bbox 545 5364 692 5433; x_wconf 82' lang='lat' dir='ltr'>tres</span> <span class='ocrx_word' id='word_1_336' title='bbox 746 5359 893 5430; x_wconf 85' lang='lat' dir='ltr'>dies</span> <span class='ocrx_word' id='word_1_337' title='bbox 946 5361 1018 5430; x_wconf 90' lang='lat' dir='ltr'>in</span> <span class='ocrx_word' id='word_1_338' title='bbox 1074 5381 1290 5449; x_wconf 88' lang='lat' dir='ltr'>anno,</span> <span class='ocrx_word' id='word_1_339' title='bbox 1346 5360 1514 5431; x_wconf 86' lang='lat' dir='ltr'>item</span> <span class='ocrx_word' id='word_1_340' title='bbox 1567 5359 1925 5450; x_wconf 88' lang='lat' dir='ltr'>praedium</span> <span class='ocrx_word' id='word_1_341' title='bbox 1979 5380 2119 5432; x_wconf 93' lang='lat' dir='ltr'>non</span> <span class='ocrx_word' id='word_1_342' title='bbox 2173 5365 2317 5449; x_wconf 91' lang='lat' dir='ltr'>est,</span> <span class='ocrx_word' id='word_1_343' title='bbox 2370 5360 2704 5432; x_wconf 90' lang='lat' dir='ltr'>tabernae</span> <span class='ocrx_word' id='word_1_344' title='bbox 2757 5378 2896 5431; x_wconf 93' lang='lat' dir='ltr'>non</span> <span class='ocrx_word' id='word_1_345' title='bbox 2951 5362 3147 5448; x_wconf 92' lang='lat' dir='ltr'>sunt,</span> <span class='ocrx_word' id='word_1_346' title='bbox 3199 5357 3641 5429; x_wconf 89' lang='lat' dir='ltr'>hortulaniae</span> <span class='ocrx_word' id='word_1_347' title='bbox 3698 5379 3749 5454; x_wconf 49' lang='lat' dir='ltr'><strong>j</strong></span> 
     </span>
     <span class='ocr_line' id='line_1_33' title="bbox 546 5466 3644 5572; baseline -0.001 -21"><span class='ocrx_word' id='word_1_348' title='bbox 546 5502 682 5552; x_wconf 91' lang='lat' dir='ltr'>non</span> <span class='ocrx_word' id='word_1_349' title='bbox 737 5489 899 5553; x_wconf 89' lang='lat' dir='ltr'>sunt</span> <span class='ocrx_word' id='word_1_350' title='bbox 917 5536 934 5571; x_wconf 96' lang='lat'>,</span> <span class='ocrx_word' id='word_1_351' title='bbox 987 5472 1454 5553; x_wconf 85' lang='lat' dir='ltr'>molendinum</span> <span class='ocrx_word' id='word_1_352' title='bbox 1506 5502 1645 5553; x_wconf 90' lang='lat' dir='ltr'>non</span> <span class='ocrx_word' id='word_1_353' title='bbox 1698 5486 1825 5553; x_wconf 87' lang='lat' dir='ltr'>est.</span> <span class='ocrx_word' id='word_1_354' title='bbox 1895 5470 2075 5553; x_wconf 89' lang='lat' dir='ltr'>Item</span> <span class='ocrx_word' id='word_1_355' title='bbox 2147 5480 2237 5554; x_wconf 90' lang='lat' dir='ltr'>de</span> <span class='ocrx_word' id='word_1_356' title='bbox 2287 5482 2483 5572; x_wconf 78' lang='lat' dir='ltr'>agris.</span> <span class='ocrx_word' id='word_1_357' title='bbox 2529 5481 2822 5555; x_wconf 85' lang='lat' dir='ltr'>solvitur</span> <span class='ocrx_word' id='word_1_358' title='bbox 2875 5466 3142 5553; x_wconf 87' lang='lat' dir='ltr'>decima</span> <span class='ocrx_word' id='word_1_359' title='bbox 3194 5477 3644 5568; x_wconf 85' lang='lat' dir='ltr'>manipularis</span> 
     </span>
     <span class='ocr_line' id='line_1_34' title="bbox 545 5599 3645 5693; baseline -0.001 -20"><span class='ocrx_word' id='word_1_360' title='bbox 545 5603 965 5674; x_wconf 89' lang='lat' dir='ltr'>monasterio</span> <span class='ocrx_word' id='word_1_361' title='bbox 1019 5602 1502 5693; x_wconf 86' lang='lat' dir='ltr'>Msthoviensi,</span> <span class='ocrx_word' id='word_1_362' title='bbox 1554 5607 1628 5674; x_wconf 91' lang='lat' dir='ltr'>et</span> <span class='ocrx_word' id='word_1_363' title='bbox 1676 5602 2028 5675; x_wconf 87' lang='lat' dir='ltr'>inducitur</span> <span class='ocrx_word' id='word_1_364' title='bbox 2079 5603 2151 5676; x_wconf 91' lang='lat' dir='ltr'>in</span> <span class='ocrx_word' id='word_1_365' title='bbox 2205 5603 2531 5676; x_wconf 88' lang='lat' dir='ltr'>horreum</span> <span class='ocrx_word' id='word_1_366' title='bbox 2584 5624 2627 5673; x_wconf 91' lang='lat' dir='ltr'>a</span> <span class='ocrx_word' id='word_1_367' title='bbox 2662 5601 2993 5674; x_wconf 88' lang='lat' dir='ltr'>coenobio</span> <span class='ocrx_word' id='word_1_368' title='bbox 3029 5599 3414 5690; x_wconf 82' lang='lat' dir='ltr'>locandum,</span> <span class='ocrx_word' id='word_1_369' title='bbox 3452 5599 3645 5671; x_wconf 88' lang='lat' dir='ltr'>cuius</span> 
     </span>
     <span class='ocr_line' id='line_1_35' title="bbox 546 5718 3643 5814; baseline -0.001 -19"><span class='ocrx_word' id='word_1_370' title='bbox 546 5723 743 5795; x_wconf 83' lang='lat' dir='ltr'>valor</span> <span class='ocrx_word' id='word_1_371' title='bbox 814 5725 1228 5796; x_wconf 85' lang='lat' dir='ltr'>aestimatur</span> <span class='ocrx_word' id='word_1_372' title='bbox 1299 5725 1387 5796; x_wconf 91' lang='lat' dir='ltr'>ad</span> <span class='ocrx_word' id='word_1_373' title='bbox 1442 5724 1677 5796; x_wconf 91' lang='lat' dir='ltr'>decem</span> <span class='ocrx_word' id='word_1_374' title='bbox 1730 5745 2021 5797; x_wconf 77' lang='lat' dir='ltr'>marcas,</span> <span class='ocrx_word' id='word_1_375' title='bbox 2092 5724 2375 5796; x_wconf 89' lang='lat' dir='ltr'>Donata</span> <span class='ocrx_word' id='word_1_376' title='bbox 2425 5745 2552 5814; x_wconf 91' lang='lat' dir='ltr'>per</span> <span class='ocrx_word' id='word_1_377' title='bbox 2601 5722 2969 5796; x_wconf 89' lang='lat' dir='ltr'>Ivonem</span> <span class='ocrx_word' id='word_1_378' title='bbox 3025 5721 3420 5814; x_wconf 87' lang='lat' dir='ltr'>episcopum</span> <span class='ocrx_word' id='word_1_379' title='bbox 3476 5718 3643 5794; x_wconf 85' lang='lat' dir='ltr'>Gra-</span> 
     </span>
     <span class='ocr_line' id='line_1_36' title="bbox 548 5841 3645 5937; baseline -0.002 -21"><span class='ocrx_word' id='word_1_380' title='bbox 548 5845 953 5935; x_wconf 88' lang='lat' dir='ltr'>coviensem,</span> <span class='ocrx_word' id='word_1_381' title='bbox 1009 5846 1095 5918; x_wconf 89' lang='lat' dir='ltr'>de</span> <span class='ocrx_word' id='word_1_382' title='bbox 1149 5866 1388 5919; x_wconf 89' lang='lat' dir='ltr'>mensa</span> <span class='ocrx_word' id='word_1_383' title='bbox 1438 5846 1836 5937; x_wconf 87' lang='lat' dir='ltr'>episcopali,</span> <span class='ocrx_word' id='word_1_384' title='bbox 1890 5846 2311 5918; x_wconf 89' lang='lat' dir='ltr'>monasterio</span> <span class='ocrx_word' id='word_1_385' title='bbox 2347 5844 2832 5918; x_wconf 87' lang='lat' dir='ltr'>Msthoviensi.</span> <span class='ocrx_word' id='word_1_386' title='bbox 2885 5843 3208 5916; x_wconf 80' lang='lat' dir='ltr'>Confluat</span> <span class='ocrx_word' id='word_1_387' title='bbox 3241 5864 3393 5915; x_wconf 91' lang='lat' dir='ltr'>cum</span> <span class='ocrx_word' id='word_1_388' title='bbox 3432 5841 3645 5914; x_wconf 87' lang='lat' dir='ltr'>villis:</span> 
     </span>
     <span class='ocr_line' id='line_1_37' title="bbox 548 5965 2273 6061; baseline 0.001 -25"><span class='ocrx_word' id='word_1_389' title='bbox 548 5965 991 6058; x_wconf 85' lang='lat' dir='ltr'>Dupycze,</span> <span class='ocrx_word' id='word_1_390' title='bbox 1046 5967 1576 6061; x_wconf 80' lang='lat' dir='ltr'>Cromolow,</span> <span class='ocrx_word' id='word_1_391' title='bbox 1631 5966 2273 6057; x_wconf 84' lang='lat' dir='ltr'>Zankowycze.</span> 
     </span>
    </p>

    <p class='ocr_par' dir='ltr' id='par_1_9' title="bbox 547 6085 3773 6567">
     <span class='ocr_line' id='line_1_38' title="bbox 752 6085 3645 6181; baseline -0.001 -22"><span class='ocrx_word' id='word_1_392' title='bbox 752 6087 1163 6178; x_wconf 67' lang='lat' dir='ltr'>Monam,</span> <span class='ocrx_word' id='word_1_393' title='bbox 1218 6090 1384 6162; x_wconf 87' lang='lat' dir='ltr'>villa</span> <span class='ocrx_word' id='word_1_394' title='bbox 1452 6088 1584 6163; x_wconf 76' lang='lat' dir='ltr'>sub·</span> <span class='ocrx_word' id='word_1_395' title='bbox 1651 6089 1985 6181; x_wconf 84' lang='lat' dir='ltr'>parochia</span> <span class='ocrx_word' id='word_1_396' title='bbox 2052 6087 2385 6160; x_wconf 89' lang='lat' dir='ltr'>ecclesiae</span> <span class='ocrx_word' id='word_1_397' title='bbox 2438 6088 2524 6159; x_wconf 88' lang='lat' dir='ltr'>de</span> <span class='ocrx_word' id='word_1_398' title='bbox 2578 6086 3086 6160; x_wconf 82' lang='lat' dir='ltr'>Cromolow</span> <span class='ocrx_word' id='word_1_399' title='bbox 3138 6085 3301 6173; x_wconf 89' lang='lat' dir='ltr'>sita,</span> <span class='ocrx_word' id='word_1_400' title='bbox 3363 6089 3435 6155; x_wconf 92' lang='lat' dir='ltr'>et</span> <span class='ocrx_word' id='word_1_401' title='bbox 3487 6100 3645 6174; x_wconf 78' lang='lat' dir='ltr'>pto-</span> 
     </span>
     <span class='ocr_line' id='line_1_39' title="bbox 548 6184 3646 6309; baseline -0.001 -29"><span class='ocrx_word' id='word_1_402' title='bbox 548 6184 808 6298; x_wconf 86' lang='lat' dir='ltr'>prietas</span> <span class='ocrx_word' id='word_1_403' title='bbox 863 6210 950 6281; x_wconf 87' lang='lat' dir='ltr'>ad</span> <span class='ocrx_word' id='word_1_404' title='bbox 1006 6211 1504 6285; x_wconf 85' lang='lat' dir='ltr'>monasterium</span> <span class='ocrx_word' id='word_1_405' title='bbox 1551 6208 2028 6309; x_wconf 70' lang='lat' dir='ltr'>Mathoviense</span> <span class='ocrx_word' id='word_1_406' title='bbox 2082 6209 2403 6300; x_wconf 90' lang='lat' dir='ltr'>pertinet.</span> <span class='ocrx_word' id='word_1_407' title='bbox 2455 6208 2533 6279; x_wconf 90' lang='lat' dir='ltr'>In</span> <span class='ocrx_word' id='word_1_408' title='bbox 2592 6229 2729 6297; x_wconf 90' lang='lat' dir='ltr'>qua</span> <span class='ocrx_word' id='word_1_409' title='bbox 2774 6213 2939 6278; x_wconf 91' lang='lat' dir='ltr'>sunt</span> <span class='ocrx_word' id='word_1_410' title='bbox 2975 6207 3210 6277; x_wconf 83' lang='lat' dir='ltr'>decem</span> <span class='ocrx_word' id='word_1_411' title='bbox 3248 6205 3427 6275; x_wconf 90' lang='lat' dir='ltr'>lanei</span> <span class='ocrx_word' id='word_1_412' title='bbox 3466 6206 3646 6277; x_wconf 58' lang='lat' dir='ltr'>m-</span> 
     </span>
     <span class='ocr_line' id='line_1_40' title="bbox 547 6313 3655 6427; baseline -0.001 -27"><span class='ocrx_word' id='word_1_413' title='bbox 547 6330 884 6420; x_wconf 80' lang='lat' dir='ltr'>thonaleS‚</span> <span class='ocrx_word' id='word_1_414' title='bbox 940 6338 1012 6401; x_wconf 90' lang='lat' dir='ltr'>et</span> <span class='ocrx_word' id='word_1_415' title='bbox 1065 6330 1362 6420; x_wconf 85' lang='lat' dir='ltr'>quilibet</span> <span class='ocrx_word' id='word_1_416' title='bbox 1383 6360 1390 6379; x_wconf 67' lang='lat'><em>¹</em></span> <span class='ocrx_word' id='word_1_417' title='bbox 1411 6350 1542 6424; x_wconf 77' lang='lat' dir='ltr'>pro</span> <span class='ocrx_word' id='word_1_418' title='bbox 1593 6314 1824 6407; x_wconf 72' lang='lat' dir='ltr'>annuo</span> <span class='ocrx_word' id='word_1_419' title='bbox 1876 6313 2086 6404; x_wconf 84' lang='lat' dir='ltr'>censu</span> <span class='ocrx_word' id='word_1_420' title='bbox 2140 6334 2295 6405; x_wconf 87' lang='lat' dir='ltr'>octo</span> <span class='ocrx_word' id='word_1_421' title='bbox 2349 6349 2651 6420; x_wconf 85' lang='lat' dir='ltr'>grossos,</span> <span class='ocrx_word' id='word_1_422' title='bbox 2705 6326 2917 6399; x_wconf 89' lang='lat' dir='ltr'>solvit</span> <span class='ocrx_word' id='word_1_423' title='bbox 2954 6326 3120 6398; x_wconf 90' lang='lat' dir='ltr'>item</span> <span class='ocrx_word' id='word_1_424' title='bbox 3176 6325 3352 6399; x_wconf 87' lang='lat' dir='ltr'>duos</span> <span class='ocrx_word' id='word_1_425' title='bbox 3398 6322 3655 6427; x_wconf 19' lang='lat' dir='ltr'>gallos,-</span> 
     </span>
     <span class='ocr_line' id='line_1_41' title="bbox 549 6396 3773 6567; baseline 0.001 -47"><span class='ocrx_word' id='word_1_426' title='bbox 549 6449 794 6543; x_wconf 83' lang='lat' dir='ltr'>viginti</span> <span class='ocrx_word' id='word_1_427' title='bbox 832 6473 984 6542; x_wconf 86' lang='lat' dir='ltr'>ova,</span> <span class='ocrx_word' id='word_1_428' title='bbox 1031 6452 1196 6524; x_wconf 88' lang='lat' dir='ltr'>item</span> <span class='ocrx_word' id='word_1_429' title='bbox 1233 6470 1508 6555; x_wconf 65' lang='lat' dir='ltr'>muyep</span> <span class='ocrx_word' id='word_1_430' title='bbox 1541 6450 1712 6527; x_wconf 87' lang='lat' dir='ltr'>dant</span> <span class='ocrx_word' id='word_1_431' title='bbox 1745 6453 2172 6533; x_wconf 79' lang='lat' dir='ltr'>monasterio</span> <span class='ocrx_word' id='word_1_432' title='bbox 2184 6462 2337 6567; x_wconf 46' lang='grc' dir='ltr'>ἰ’</span> <span class='ocrx_word' id='word_1_433' title='bbox 2370 6448 2496 6526; x_wconf 64' lang='lat' dir='ltr'>sei</span> <span class='ocrx_word' id='word_1_434' title='bbox 2531 6470 2730 6523; x_wconf 89' lang='lat' dir='ltr'>coros</span> <span class='ocrx_word' id='word_1_435' title='bbox 2767 6468 3069 6539; x_wconf 81' lang='lat' dir='ltr'>avenae;</span> <span class='ocrx_word' id='word_1_436' title='bbox 3118 6428 3291 6523; x_wconf 67' lang='lat' dir='ltr'>item</span> <span class='ocrx_word' id='word_1_437' title='bbox 3322 6396 3773 6561; x_wconf 40' lang='lat' dir='ltr'>worm?</span> 
     </span>
    </p>

    <p class='ocr_par' dir='ltr' id='par_1_10' title="bbox 1423 6560 3769 6635">
     <span class='ocr_line' id='line_1_42' title="bbox 1423 6560 3769 6635; baseline -0.015 -6"><span class='ocrx_word' id='word_1_438' title='bbox 1423 6624 1428 6629; x_wconf 95' lang='lat'>.</span> <span class='ocrx_word' id='word_1_439' title='bbox 2168 6566 2233 6635; x_wconf 55' lang='grc' dir='ltr'><strong><em>ξ</em></strong></span> <span class='ocrx_word' id='word_1_440' title='bbox 3520 6624 3529 6633; x_wconf 83' lang='lat'>.</span> <span class='ocrx_word' id='word_1_441' title='bbox 3578 6560 3769 6631; x_wconf 21' lang='lat' dir='ltr'>:sfgr-...⁵¹-</span> 
     </span>
    </p>
   </div>
   <div class='ocr_carea' id='block_1_5' title="bbox 2111 6634 2149 6663">
    <p class='ocr_par' dir='ltr' id='par_1_11' title="bbox 2111 6634 2149 6663">
     <span class='ocr_line' id='line_1_43' title="bbox 2111 6634 2149 6663; baseline 0 0"><span class='ocrx_word' id='word_1_442' title='bbox 2111 6634 2149 6663; x_wconf 60' lang='lat'>*-</span> 
     </span>
    </p>
   </div>
  </div>
 </body>
</html>
