4217 8059
293 1489 342 1563 92

291 1699 453 1789 episcopo
479 1695 708 1788 cracoviensi,
737 1714 825 1787 quae
851 1692 897 1767 ad
922 1714 984 1769 aex
1010 1713 1146 1767 marcas
1171 1692 1386 1766 aestimatur.
1420 1689 1582 1765 Gonfim
1607 1710 1685 1764 cum
1699 1678 1843 1764 ''eudem

290 1821 382 1893 villis
419 1820 509 1891 sicut
542 1824 579 1891 et
605 1817 834 1891 Noaszovv.
872 1814 1013 1891 Donata
1039 1838 1102 1908 per
1128 1815 1375 1888 Derslanm
1401 1814 1593 1907 palatinum
1627 1803 1842 1887 Sandombi·

164 1970 171 1979 ·
289 1962 416 2014 ensem.

346 2050 349 2055 ⁴
391 2061 590 2152 Pronnovv,
617 2058 701 2132 villa
727 2059 792 2132 sub
818 2058 984 2153 parocbia
1009 2056 1177 2131 eeclesiae
1194 2056 1238 2130 de
1256 2054 1522 2148 Wasanyov
1546 2056 1626 2148 sita,
1643 2055 1743 2129 cuius
1759 2074 1843 2148 pno-

150 2210 152 2217 ’
205 2240 214 2253 .
288 2185 420 2276 prietes
456 2182 500 2255 ad
536 2181 785 2254 monasterium
820 2179 865 2252 de
899 2179 1055 2252 Bnako
1090 2178 1251 2270 pertinet
1290 2178 1332 2250 Iu
1358 2198 1427 2270 qua
1461 2182 1544 2250 sunt
1569 2170 1723 2271 qininquc
1747 2177 1842 2250 lanei

288 2306 528 2394 emetbonum,
555 2307 591 2375 et
618 2302 766 2394 quilibet
791 2301 897 2375 solvit
921 2321 986 2391 pro
1013 2320 1129 2376 annuo
1156 2320 1260 2375 censu
1289 2298 1550 2393 quatuordecim
1577 2304 1728 2390 mattos,
1755 2299 1839 2371 itam

290 2449 356 2500 ova
391 2426 559 2517 triginta,
587 2426 671 2497 item
706 2423 817 2514 gallos
844 2422 946 2513 duos,
974 2423 1057 2495 item
1094 2441 1214 2495 caseos
1239 2421 1336 2497 duos.
1371 2421 1460 2494 item
1488 2421 1635 2512 quilibet
1659 2421 1704 2494 de
1728 2420 1839 2512 laneo,

178 2616 181 2621 .
287 2545 483 2638 incipiendo
510 2565 532 2617 a
556 2545 647 2619 festo
674 2544 707 2617 S.
734 2543 905 2617 Jobanuia
920 2543 979 2616 'ad
1002 2542 1131 2617 festum
1158 2542 1278 2616 Sancti
1303 2542 1487 2615 Michaelis
1504 2542 1592 2628 duos
1610 2542 1694 2633 dica,
1712 2541 1839 2615 abinde

286 2690 370 2741 vero
408 2668 444 2738 in
480 2666 622 2739 residua
657 2670 757 2757 parte
794 2664 876 2737 anni
910 2682 1016 2736 unum
1051 2663 1143 2736 diem
1178 2664 1214 2734 in
1241 2663 1451 2755 septimana,
1479 2664 1621 2755 proprio
1647 2682 1753 2735 curru
1778 2666 1842 2734 aut

287 2797 405 2862 aratro
433 2790 591 2862 laborare
609 2793 757 2862 tenetur.
784 2786 873 2859 Item
890 2805 955 2877 pro
973 2806 1106 2882 ocayqr,
1117 2805 1224 2857 unum
1243 2785 1387 2866 chorum
1401 2784 1519 2861 tultlci.
1543 2785 1634 2858 -item
1649 2780 1839 2881 powadova

276 2894 373 2984 ¹Item
400 2933 469 2982 non
506 2915 587 2982 sunt
621 2909 671 2981 ibi
706 2909 891 2997 tabernae,
917 2927 987 2978 non
1022 2911 1105 2979 sunt
1130 2905 1350 2980 hortulaniae
1376 2927 1446 2980 non
1473 2910 1555 2980 sunt
1581 2907 1742 2999 praedia,
1768 2925 1839 2980 uon

285 3038 339 3105 est
365 3032 606 3105 molendinum.
646 3030 734 3101 item
760 3028 804 3100 de
832 3027 990 3100 omnibns
1017 3028 1113 3119 agris
1140 3027 1288 3101 solvitur
1313 3031 1351 3101 et
1375 3028 1582 3101 conducitur
1606 3028 1744 3107 decima-
1765 3048 1838 3100 ma-

285 3154 454 3244 nipularis
490 3158 526 3225 et
560 3151 745 3242 canapalia,
771 3170 836 3241 pro
864 3150 1025 3241 episcopo
1052 3147 1283 3241 cracoviensi,
1310 3148 1408 3222 cuius
1434 3150 1534 3224 valor
1559 3150 1768 3224 aestimatur·
1790 3149 1841 3222 ad·

285 3278 436 3368 quinque
463 3294 607 3347 marcas.
642 3273 732 3345 Item
758 3271 909 3344 connum
934 3290 1011 3344 cum
1038 3270 1168 3343 eisdem
1194 3271 1305 3362 villis,
1332 3290 1409 3343 cum
1436 3251 1562 3364 quibua
1587 3277 1624 3344 et
1649 3271 1734 3367 villa
1759 3269 1834 3344 (Io-

254 3386 543 3470 ‘tbarscbin
569 3393 708 3467 Donata
733 3414 797 3484 per
823 3392 1068 3464 Derslaum
1094 3393 1287 3483 palatinum
1304 3391 1629 3466 Sandomiriensem.

222 3501 225 3505 ⁵
388 3518 662 3605 Snawoscuovv,
690 3514 773 3587 villa
799 3533 906 3604 snpra
933 3512 1287 3585 Scarbimiriam
1313 3498 1550 3604 aitababens
1575 3514 1755 3588 ecclesiam
1772 3534 1835 3609 pa

193 3715 212 3727 ,
284 3638 472 3711 rochialem
499 3638 608 3726 inse,
636 3620 724 3727 quae
750 3635 925 3725 quondam
952 3639 1029 3706 arat
1055 3633 1194 3725 lapidea
1220 3635 1364 3726 antiquo
1391 3655 1488 3708 more
1513 3635 1695 3728 fabricata,
1712 3636 1776 3709 md
1792 3656 1835 3710 ea

285 3765 482 3849 corruente,
504 3752 625 3849 'lignea
651 3755 941 3848 superaedificata
967 3760 1031 3827 est.
1066 3755 1107 3826 Iu
1135 3775 1203 3846 qua
1229 3757 1295 3827 snb
1322 3762 1437 3829 aetate
1463 3777 1541 3830 mea
1565 3758 1734 3849 plebanas
1760 3759 1835 3832 eiua

284 3880 506 3952 Nicolans
534 3879 577 3951 de
604 3878 753 3949 Parva
779 3876 966 3948 lianseh
993 3896 1082 3948 anno
1109 3876 1249 3948 Domini
1271 3879 1379 3968 1463,
1397 3879 1461 3951 sub
1480 3878 1834 3970 pontificatndolran·

283 4001 337 4070 nis
365 3998 695 4093 Grusczinsky,
723 3997 867 4070 aPetro
886 3997 1185 4090 Pothoczsky
1210 3996 1254 4069 da
1280 3990 1708 4093 familiaSrzenya-vva
1733 4000 1833 4073 iuno-

285 4125 403 4189 center
430 4120 579 4191 occissus
607 4124 669 4191 est
695 4117 791 4189 Haec
817 4117 902 4190 villa
928 4116 1101 4208 quondam
1127 4117 1175 4189 ad·
1198 4120 1446 4192 monasterium
1472 4120 1516 4192 dc
1542 4120 1698 4193 Busivo
1724 4123 1834 4213 perti·-

285 4239 400 4329 nebat,
424 4239 553 4311 donata
578 4240 689 4312 eidem
718 4259 780 4331 per
807 4238 1324 4330 slavos-chiummilitem,
1350 4245 1392 4313 nt
1425 4242 1740 4333 praescripsimus3·
1771 4243 1834 4316 aed

284 4358 449 4431 alienavit
475 4379 551 4431 eam
577 4361 824 4433 monasterium
850 4359 1029 4433 Baszense
1057 4380 1079 4432 a
1105 4380 1153 4452 se,
1180 4362 1343 4453 quoniam
1369 4338 1458 4454 regii
1484 4362 1622 4436 labores
1639 4382 1716 4436 mm
1733 4364 1834 4438 deso

283 4481 421 4572 labant,
448 4486 484 4552 et
518 4482 686 4555 cambivit
716 4502 792 4555 eam
819 4502 896 4554 cnm
922 4481 1086 4556 Janussio
1122 4480 1355 4575 Dlngoseb
1381 4484 1425 4556 de
1450 4483 1692 4578 Nyeskovv,
1719 4484 1834 4561 dando

284 4604 350 4676 sibi
386 4622 462 4675 eam
498 4623 575 4673 cnm
609 4603 710 4693 pleno
739 4602 832 4696 iure,
859 4604 946 4677 nihil
968 4605 1049 4678 sibi
1081 4605 1294 4680 reservando
1321 4610 1357 4678 et
1383 4624 1461 4679 cum
1487 4607 1771 4699 inrepatrouatua
1789 4614 1833 4681 ‘et

282 4747 359 4796 cnm
386 4725 461 4795 iure
489 4723 641 4793 decimae
666 4725 862 4816 praedialis,
888 4732 925 4798 et
950 4727 1084 4817 recepit
1110 4726 1177 4800 sibi
1203 4727 1288 4801 duas
1314 4727 1416 4801 villas
1442 4730 1654 4822 propinquas
1679 4736 1718 4804 et
1738 4730 1846 4803 nali·-

284 4866 364 4917 oros
390 4846 426 4915 in
451 4860 725 4932 recompensam,
751 4845 930 4917 videlicet:
957 4846 1137 4920 Sluzovv
1163 4853 1199 4920 et
1224 4848 1483 4942 Kostiram,
1510 4856 1547 4925 et
1572 4850 1651 4925 ideo
1678 4853 1833 4945 dmcmp

284 4966 379 5037 tione
407 4964 509 5036 villae
545 4962 851 5037 Slauoscbov
887 4968 1032 5060 omissa,
1060 4970 1105 5042 ad
1132 4969 1397 5062 descriptionem
1425 4948 1658 5065 praelatarum
1685 4975 1832 5049 duarum

284 5085 443 5157 villarum
471 5082 727 5155 descendemus.
753 5083 891 5157 Donata
915 5090 1124 5163 monasterio
1154 5111 1217 5182 per
1244 5091 1478 5166 Slavvosch
1505 5096 1659 5168 militem.

388 5204 575 5296 Snnszow,
599 5202 683 5277 villa
708 5223 772 5296 pro
799 5203 1105 5284 Slawoscbovv
1130 5213 1215 5286 villa
1233 5213 1436 5307 decambita,
1456 5217 1520 5290 snb
1538 5217 1705 5308 parocbia
1722 5218 1831 5290 eccle-
1885 5198 1894 5216 '

284 5330 356 5401 siae
383 5328 426 5399 do
454 5324 643 5419 Gnoyno
669 5326 749 5419 sita,
775 5328 872 5400 anina
899 5334 1093 5421 proprietas
1120 5334 1164 5406 ad
1189 5337 1437 5410 monasterium
1472 5338 1516 5411 de
1542 5338 1697 5412 Buslro
1721 5340 1832 5431 perti-

284 5457 352 5524 net.
378 5450 419 5520 ln
438 5470 516 5540 qua
550 5452 634 5521 sunt
666 5446 760 5521 buci
793 5450 1045 5545 ametbouales,
1073 5460 1109 5527 et
1136 5456 1281 5547 quilibet
1306 5458 1411 5531 solvit
1435 5479 1543 5532 unum
1568 5459 1739 5535 fertonem
1766 5482 1831 5553 pro

284 5593 398 5645 censu.
433 5570 522 5642 Item
549 5591 632 5661 ova,
658 5569 742 5642 item
769 5570 898 5663 gallos,
916 5560 1009 5645 'item
1036 5593 1164 5649 caseos.
1202 5572 1310 5652 Item*
1324 5580 1470 5672 quilibet
1497 5580 1541 5653 de
1565 5580 1667 5656 laneo
1692 5582 1835 5658 laborat·

282 5715 388 5767 nuum
426 5693 517 5764 diem
552 5691 589 5763 in
625 5693 836 5784 septimana,
870 5694 1012 5785 proprio
1049 5716 1152 5768 curru
1185 5705 1248 5772 aut
1274 5708 1402 5775 aratro.
1440 5702 1529 5775 Item
1554 5700 1735 5798 pomona
1761 5725 1831 5778 non

144 5800 149 5815 '
282 5817 453 5906 laborant,
479 5833 591 5905 neque
618 5834 735 5910 ossycp
761 5814 909 5889 solvunt.
935 5815 1023 5887 Item
1050 5837 1118 5889 non
1145 5823 1199 5890 est
1225 5821 1260 5891 iu
1287 5822 1408 5895 eadem
1434 5823 1519 5896 villa
1543 5824 1733 5917 praedium,
1760 5844 1830 5899 nou

283 5943 364 6011 sunt
390 5935 619 6026 lnortnlaniae,
647 5955 758 6026 neque
785 5937 964 6013 tabernae,
990 5936 1080 6011 Item
1106 5958 1224 6013 omues
1251 5944 1326 6032 agri
1353 5943 1456 6016 villae
1483 5944 1622 6018 solvunt
1647 5950 1684 6019 et
1701 5947 1830 6021 condu-

107 6144 112 6151 .
281 6067 364 6131 cnut
392 6059 558 6132 decimam
586 6056 783 6148 canapalem
820 6065 857 6130 et
882 6044 1133 6151 manipularem
1167 6080 1233 6155 pro
1259 6052 1402 6135 ecclesia
1428 6065 1463 6134 in
1491 6063 1699 6159 Gnoyno,
1725 6071 1831 6143 aesti·

127 6242 147 6285 μ
281 6186 411 6252 matam
429 6182 471 6252 ad
491 6202 549 6253 sex
568 6198 712 6251 marcas
740 6178 900 6255 Confluat
915 6200 994 6255 cum
1011 6176 1130 6255 villisz'
1143 6178 1360 6274 obothky‚
1379 6184 1562 6280 Kozina,
1578 6189 1830 6283 Bnrzllrovv‚

243 6294 487 6392 *Balycze
522 6303 609 6373 Item
637 6299 744 6373 habet
770 6300 1007 6377 molendinum
1032 6302 1071 6375 in
1090 6286 1236 6381 amine*
1263 6300 1488 6399 Szoduya,
1515 6310 1607 6400 quod
1633 6311 1739 6385 solvit
1763 6332 1829 6404 pro

975 6568 1042 6689 ab

1135 6692 1145 6711 q.

1222 6754 1234 6775 h
