4217 8059
430 1913 669 1989 Barcbeatb'
661 1934 698 1985 ιιι
720 1911 916 2006 Bocbnya.
935 1913 976 1983 ln
994 1911 1124 2005 oppido
1141 1913 1239 2002 regio
1256 1910 1491 2004 Bochnya,
1518 1914 1766 1985 monasterium
1793 1913 1903 1987 San-

323 2045 399 2108 ctae
412 2034 581 2124 Hedvigis
599 2034 642 2106 de
660 2033 930 2106 Stradomia
948 2034 1056 2105 habet
1070 2054 1210 2141 cepam
1220 2037 1430 2126 perpetuum
1443 2040 1596 2106 terreum
1610 2035 1685 2107 sive
1699 2033 1952 2124 lovealem,‘

324 2159 382 2248 qui
401 2153 581 2226 borcbrotb
598 2156 769 2246 vulgarit
753 2155 954 2229 theutonico
972 2162 1075 2227 vocat
1075 2176 1127 2246 ur,
1153 2175 1217 2246 pro
1236 2174 1305 2245 quo
1324 2154 1469 2245 singulis
1487 2155 1714 2227 hebdomadis
1732 2157 1879 2229 solvitur

205 2294 208 2299 ·
323 2299 392 2351 una
410 2298 584 2368 sexagena
601 2277 751 2348 latorum
769 2296 970 2369 grossorum
985 2256 1222 2366 Progensiffi,
1240 2280 1302 2348 aut
1319 2277 1394 2349 eius
1412 2276 1519 2366 valor,
1538 2276 1720 2366 sexaginta
1736 2296 1894 2367 grossos.

324 2400 360 2472 iu
379 2399 569 2490 quamlibet
587 2417 796 2489 sexagenam
814 2397 1057 2489 computando,
1076 2397 1120 2471 de
1102 2419 1207 2531 θιιιιιιο
1225 2399 1445 2488 praepositus
1464 2402 1501 2468 et
1518 2396 1645 2469 iratres
1663 2397 1696 2470 S.
1710 2397 1879 2489 Hedvigis

323 2520 522 2612 percipiunt
547 2519 696 2591 mediam
723 2538 874 2591 marcam
899 2519 1049 2590 latorum
1077 2474 1289 2609 grossorum,
1317 2525 1352 2590 et
1369 2518 1405 2589 in
1424 2540 1508 2590 usus
1534 2540 1615 2591 suos
1642 2518 1880 2610 beneplacitos
1902 2504 1911 2517 ’

221 2735 225 2742 ι
326 2647 433 2733 atque
461 2642 688 2713 necessitates
715 2642 970 2760 convertunt,
958 2644 1032 2721 tres
1049 2628 1204 2735 feriendis
1221 2660 1306 2714 vero
1323 2638 1483 2713 residuos
1501 2640 1552 2711 lat
1537 2645 1650 2712 torum
1668 2562 1929 2749 grossos&

325 2763 477 2855 percipit
502 2763 678 2853 Magistra
704 2761 887 2855 hosprtalrs
907 2724 947 2835 S
973 2742 1159 2879 Hedffl
1180 2783 1249 2835 non
1277 2760 1312 2832 in
1340 2761 1427 2853 alios
1455 2782 1547 2852 usus,
1556 2761 1641 2838 nisi
1668 2761 1703 2832 in
1731 2762 1904 2898 necessi?

323 2890 415 2957 tates
442 2904 638 2974 egenorum,
667 2883 872 2957 miserorum
900 2887 936 2955 et
961 2880 1211 2955 miserabilidm
1237 2900 1474 2975 personarum,
1502 2882 1538 2953 in
1566 2883 1689 2957 eodem
1711 2852 1900 2974 hospitalia

325 3007 461 3098 degent
452 3029 541 3096 mm,
577 3008 642 3079 sub
670 3006 787 3079 debito
815 3010 851 3078 et
877 3004 1110 3079 conscientiae
1137 3025 1221 3077 suae
1255 3023 1361 3078 onere
1386 3004 1525 3077 eosdem
1553 3025 1747 3076 coversura
1791 3003 1881 3083 Gen-

324 3150 400 3200 sum
427 3132 541 3199 autem
569 3126 763 3218 praefatum
790 3125 893 3199 unius
910 3144 1105 3216 sexagenas
1130 3126 1205 3198 sire
1230 3122 1409 3197 hartbrath
1427 3125 1577 3196 Michael
1597 3124 1683 3197 alias
1710 3125 1879 3197 Micha-

323 3251 398 3322 lek
425 3249 647 3341 praepositus
665 3248 954 3339 Myecboviensis,
981 3267 1045 3339 pro
1065 3247 1200 3321 duobus
1222 3247 1375 3319 millibus
1394 3267 1587 3319 marcarum
1614 3247 1763 3319 latorum
1779 3267 1879 3337 gros-

324 3392 442 3443 sorum
468 3370 696 3460 Progensium
723 3391 814 3441 anno
841 3368 981 3439 Domini
1011 3368 1112 3441 1400
1131 3421 1273 3439 ......
1300 3369 1393 3456 emit,
1421 3372 1458 3447 et
1483 3366 1640 3458 praefato
1668 3368 1878 3439 monasterio
1964 3421 1969 3434 .

324 3492 470 3564 Sanctae
498 3491 667 3581 Hedvigis
695 3490 808 3561 univit
834 3494 872 3561 et
898 3488 1146 3585 incorporavit,
1171 3509 1241 3561 non
1260 3490 1324 3561 sub
1342 3510 1406 3561 suo
1424 3489 1562 3561 nomine
1589 3489 1734 3589 autsui
1760 3509 1879 3561 mona-

325 3613 424 3685 sterit
450 3612 750 3703 MyecboviensiS,
766 3666 770 3673 .
787 3611 1028 3702 abruptionem
1056 3611 1131 3682 eius
1158 3617 1194 3682 et
1211 3610 1463 3682 'alienationem
1489 3610 1525 3682 in
1552 3630 1717 3701 processu
1743 3611 1879 3683 dierum

323 3735 468 3823 venitm,
495 3734 557 3806 sed
583 3735 648 3806 sub
675 3734 814 3804 nomine
841 3732 1026 3805 Elizabeth
1054 3731 1340 3804 Granowska
1366 3738 1450 3804 tunc
1467 3731 1634 3804 Poloniae
1660 3732 1812 3822 reginae,
1840 3738 1879 3803 ut
1933 3777 1935 3781 -

325 3856 472 3929 solidior
499 3855 700 3947 firmiorque
726 3876 791 3945 pro
809 3856 1021 3927 monasterio
1041 3854 1190 3926 Sanctae
1207 3853 1377 3943 Hedvigis
1396 3861 1431 3926 et
1450 3853 1633 3945 hospitalis
1661 3852 1879 3927 consisteret.

325 3978 475 4050 Ratione
511 3977 609 4049 cuius
645 3977 737 4049 filius
772 3997 856 4049 suus
882 3976 1060 4048 lohannes
1098 3976 1141 4047 de
1167 3975 1355 4067 Pylcza,
1391 3975 1602 4047 castellanus
1629 3974 1878 4064 Gracoviensis,

324 4099 409 4172 dicti
445 4120 567 4171 census
603 4098 670 4171 sibi
706 4098 919 4171 dotationem
953 4098 1157 4187 vendicans,
1194 4096 1343 4170 officium
1380 4097 1568 4186 magistrae
1603 4097 1638 4167 in
1666 4097 1912 4168 monasterio.

325 4221 508 4311 hospitalis
536 4220 640 4293 etiam
676 4221 743 4292 sibi
770 4221 952 4311 usurpavit
978 4226 1015 4291 et
1040 4221 1077 4290 in
1105 4240 1202 4292 suam
1229 4220 1338 4291 traxit
1369 4218 1608 4307 collationem,
1643 4217 1737 4307 quod
1764 4218 1879 4307 potius

325 4341 480 4444 debebat
503 4341 547 4413 ad
573 4342 811 4433 praepositum
837 4341 984 4413 Sanctae
1011 4340 1179 4433 Hedvigis
1206 4341 1417 4431 spectavisse
1443 4344 1480 4412 et
1505 4338 1724 4430 pertinuisse.

662 4709 927 4813 Peiuilepturn
958 4711 1166 4791 tabernae
1199 4711 1238 4789 ιιι
1270 4710 1550 4815 tupowyoae.

432 4947 506 5018 Noa
533 4947 710 5019 Martinus
736 4948 973 5038 praepositus,
1014 4948 1192 5020 lohannes
1220 4955 1355 5040 custos,
1396 4971 1529 5022 necnon
1567 4957 1663 5023 totus
1690 4959 1880 5023 conventus
1988 5009 2021 5029 ..

328 5069 531 5140 monasterii
557 5069 705 5140 Sanctae
732 5068 902 5160 Hedvigis
929 5071 964 5140 in
991 5077 1099 5161 ponte
1113 5072 1235 5160 regali
1261 5072 1348 5143 alias
1376 5071 1671 5163 Stradomya,
1707 5073 1880 5163 signitica-

327 5211 403 5261 mus
430 5190 602 5262 universis
629 5196 665 5260 et
691 5190 836 5280 singulis
864 5192 989 5280 quibus
1016 5192 1156 5281 expedit
1183 5200 1385 5281 praesentes
1413 5201 1551 5267 nostras
1588 5194 1726 5266 litteras
1763 5195 1879 5285 inspe-

327 5312 446 5383 cturis.
490 5311 580 5400 Quia
607 5311 784 5401 cupientes
810 5313 965 5384 bonaet
990 5312 1227 5402 possessiones
1254 5313 1357 5385 villae
1383 5320 1524 5387 nostrae
1550 5315 1574 5388 J
1584 5316 1818 5407 ugowicze
1845 5315 1880 5386 in

328 5453 410 5503 usus
437 5438 473 5504 et
499 5431 631 5504 fructus
659 5433 840 5504 uberiores
867 5439 1086 5523 convertere,
1113 5433 1301 5525 eademque
1329 5437 1421 5508 bona
1447 5443 1484 5508 et
1509 5437 1746 5527 possessiones
1774 5458 1881 5528 quan·

328 5559 403 5626 tum
429 5553 465 5625 in
494 5555 594 5626 nobis
621 5559 684 5645 est,
710 5554 859 5627 Domino
885 5562 1006 5628 nostro
1032 5555 1118 5627 Jssu
1146 5555 1285 5629 Christo
1314 5559 1462 5647 volente,
1490 5566 1526 5631 et
1552 5559 1662 5649 ipsius
1688 5559 1804 5649 gratia
1820 5580 1881 5630 an-

328 5682 458 5747 nuente
485 5676 654 5765 ampliare
680 5683 716 5748 et
742 5677 909 5765 dilatare,
946 5683 984 5748 ut
1010 5698 1053 5749 cx
1081 5679 1147 5750 boc
1174 5678 1362 5769 utilitates,
1390 5701 1477 5771 quae
1505 5702 1595 5752 nunc
1621 5681 1755 5753 rubetis
1782 5701 1881 5752 occu-

328 5802 466 5887 pantur,
494 5797 595 5870 nobis
613 5804 650 5869 et
669 5798 799 5869 nostris
827 5799 1084 5871 successoribus
1102 5801 1318 5891 proveniant,
1345 5809 1383 5873 et
1399 5804 1505 5874 etiam
1522 5804 1737 5893 temporibus
1754 5801 1881 5874 futuris

328 5924 496 6008 crescant,
524 5920 669 6010 proinde
697 5919 772 5990 viro
796 5919 968 5992 Stanislao
996 5920 1088 5991 dicto
1116 5920 1325 5995 Pndelko
1341 5931 1389 5996 »et
1416 5926 1488 5996 suis
1514 5924 1679 6014 legitimis
1705 5945 1880 5996 successo·

328 6039 435 6130 ribus,
462 6039 506 6111 de
532 6040 711 6111 uoluntate
737 6047 774 6111 et
800 6061 967 6112 consensu
995 6043 1204 6114 venerabilis
1231 6045 1266 6115 in
1290 6045 1430 6117 Christo
1458 6045 1570 6136 patris
1596 6044 1726 6117 domini
1747 6045 1880 6116 Nicolai

329 6162 538 6259 praepositi,
564 6166 729 6251 tanquam
756 6160 957 6251 principalis
983 6164 1096 6235 nostri
1122 6166 1280 6256 praelati,
1307 6167 1429 6256 suique
1462 6170 1651 6239 convorrtus
1679 6166 1880 6238 monasterii

329 6279 607 6370 Myechoviensis
633 6281 732 6355 adid
759 6282 943 6357 accedente
970 6285 1122 6375 speciali,
1149 6287 1330 6358 tabernam
1357 6295 1438 6359 aute
1457 6288 1584 6359 dictam
1603 6288 1721 6360 villam
1745 6287 1769 6360 J
1778 6310 1880 6378 ugo-

331 6399 486 6489 wicze,
523 6400 615 6495 circa¹
641 6406 786 6474 stratam
813 6402 985 6493 publicam
1013 6410 1049 6475 et
1076 6403 1166 6475 inira
1193 6406 1302 6495 ipsius
1329 6406 1433 6480 villae
1454 6406 1482 6478 ·J
1492 6408 1725 6497 ugouicze
1751 6408 1879 6481 limites
