4217 8059
3494 1470 3633 1541 159

547 1687 860 1756 magnas,
921 1668 1065 1738 sive
1103 1667 1675 1766 suspendendum,
1734 1670 1877 1740 sive
1928 1669 2016 1740 ad
2070 1669 2568 1759 decollandum,
2622 1677 3032 1761 caeteraque
3083 1691 3341 1761 genera
3388 1692 3644 1764 poena-

544 1808 699 1859 rum
755 1789 951 1859 iuxta
1002 1789 1255 1860 merita
1308 1808 1566 1878 poenas
1620 1789 2011 1879 infligendo,
2066 1790 2219 1861 inre
2271 1791 2671 1862 theutonico
2724 1791 3152 1882 iudicabunt,
3204 1812 3429 1882 neque
3481 1812 3641 1866 evo-

546 1909 941 1979 cationibus
995 1909 1550 1980 ministerialium
1606 1929 1726 1981 seu
1763 1908 2157 1980 officialium
2196 1911 2282 1981 ad
2320 1912 2781 2001 praesentiam
2821 1913 3287 2001 quorumlibet
3341 1913 3638 1986 iudicum

547 2028 748 2099 citari
802 2030 1243 2117 tenebuntur,
1298 2030 1431 2101 nisi
1483 2050 1612 2120 per
1661 2036 1972 2101 nostram
2043 2030 2350 2102 litteram
2423 2031 2646 2122 sigillo
2704 2032 3196 2123 consignatam,
3276 2035 3344 2103 in
3403 2039 3643 2105 nostra

548 2150 741 2219 curia
794 2150 1104 2238 evocati,
1177 2149 1263 2220 de
1314 2150 1829 2240 gratulantibus
1883 2149 2033 2220 iure
2107 2171 2232 2222 suo
2305 2152 2707 2222 theutonico
2778 2135 3333 2242 respondebunt;
3405 2173 3642 2225 omnes

548 2270 987 2341 habitatores
1040 2270 1552 2341 haereditatum
1609 2270 2136 2360 nominatarum,
2192 2271 2353 2342 dum
2409 2271 2679 2343 scolteti
2742 2272 3115 2343 eorundem
3172 2272 3242 2341 in
3296 2273 3647 2344 reddenda

553 2389 825 2460 iustitia
879 2390 1311 2480 negligentes
1364 2391 1628 2481 reperti
1679 2389 1938 2461 fuerint
1955 2446 1972 2480 ,
2023 2391 2184 2462 iur‘e
2230 2412 2394 2463 suae
2447 2391 2814 2467 locationis
2866 2393 3173 2463 existant
3225 2393 3644 2482 responsuri.

551 2510 630 2579 In
687 2508 884 2580 cuius
937 2511 1040 2580 rei
1093 2510 1585 2601 testimonium,
1639 2518 2069 2600 praesentem
2118 2512 2437 2601 paginam
2479 2511 2690 2602 sigilli
2743 2513 2968 2583 nostri
3019 2511 3394 2582 munimine
3446 2511 3645 2585 duxi-

552 2651 700 2701 mus
754 2631 1235 2704 roborandam.
1291 2630 1542 2701 Actum
1598 2629 1826 2702 Grac
1848 2632 2116 2702 oviae
2186 2621 2425 2702 indie
2478 2631 2990 2704 Purificationis
3027 2631 3339 2722 Virginis
3390 2630 3645 2721 glorie-

550 2771 667 2821 sae
723 2771 904 2822 anno
955 2751 1232 2823 Domini
1296 2753 1513 2823 1327.
1569 2751 2065 2823 Praesentibus
2103 2752 2456 2823 nobilibus
2511 2752 2719 2823 viris:
2794 2751 2859 2822 N
2880 2752 3214 2842 avogio
3267 2751 3645 2825 castellano

553 2871 1013 2961 Cracoviensi,
1052 2871 1581 2943 Thomislao
1618 2871 1928 2961 palatino
1966 2871 2527 2960 Sandomiriensi,
2565 2872 2936 2964 Spyczm
2961 2873 3099 2943 iro
3136 2869 3643 2964 Myschux'o

552 2991 777 3063 iudice
833 2992 1314 3082 Gracoviensi,
1395 2991 1457 3062 A
1478 2991 1669 3063 dam
1691 3014 1733 3063 o
1815 2991 2190 3063 castellano
2245 2992 2652 3075 Vislicensi,
2733 2995 2851 3063 Im
2872 3013 3051 3064 ram
3073 3014 3113 3063 o
3185 2994 3647 3083 subpincerna

552 3111 1009 3202 cracoviensi,
1064 3113 1339 3184 domino
1395 3113 1450 3182 P
1470 3119 1607 3183 etr
1628 3133 1669 3184 o
1722 3113 2124 3202 praeposito
2180 3111 2752 3203 Sandomiriensi,
2809 3112 3363 3185 vicecancellario
3416 3113 3646 3184 curiae

552 3236 853 3321 nostrae,
907 3239 979 3303 et
1031 3232 1185 3303 aliis
1239 3233 1477 3304 multis
1530 3232 1666 3304 fide
1719 3231 1967 3322 dignis.
2022 3232 2275 3303 Datum
2330 3253 2456 3323 per
2492 3253 2736 3304 manus
2783 3233 3098 3324 magistri
3152 3231 3394 3304 Fran
3417 3232 3646 3303 cisci

554 3353 931 3443 praepositi
985 3352 1392 3425 Vislicensis
1446 3358 1518 3424 et
1568 3353 1961 3425 cancellarii
2015 3341 2495 3424 Cracoviensis
2550 3359 2796 3443 quarto
2851 3373 3070 3425 nonas
3123 3351 3508 3423 Februarii.

762 3594 839 3666 ln
900 3594 1211 3667 nomine
1267 3592 1602 3666 Sanctae
1658 3599 1737 3666 et
1790 3592 2230 3666 individuae
2285 3589 2678 3665 Trinitatis
2735 3591 3406 3681 Ameanoniam
3465 3566 3677 3664 omni⁴

552 3715 744 3806 operi
797 3717 977 3787 bono
1033 3716 1209 3786 duae
1265 3715 1606 3787 debentur
1656 3714 2028 3803 mercedeS,
2081 3733 2221 3785 una
2273 3713 2676 3804 temporalis
2731 3718 2803 3785 et
2854 3713 2994 3785 alia
3047 3713 3440 3801 aeternalis,
3495 3712 3650 3785 ideo

555 3858 678 3907 nos
731 3836 1233 3907 Boleslaus
1287 3834 1472 3906 filius
1525 3834 2118 3906 Les-chkonis
2172 3834 2410 3906 divina
2462 3835 2905 3906 miseratione
2959 3833 3101 3905 dux
3156 3832 3528 3905 Gracoviae
3580 3839 3653 3905 et
3782 3890 3804 3904 .

554 3957 1047 4045 Sandomiriae,
1101 3961 1339 4026 notum
1391 3956 1680 4027 facimus
1737 3955 2090 4027 universis
2137 3959 2209 4025 et
2259 3955 2743 4045 praesentibus
2798 3955 3228 4026 declaramus
3249 4009 3266 4044 ,
3347 3955 3513 4043 quia
3563 3953 3654 4024 ob

553 4098 854 4149 amorem
909 4076 1354 4148 retributoris
1409 4077 1711 4148 omnium
1765 4066 2141 4165 bonorum,
2217 4082 2288 4147 et
2340 4076 2429 4147 ob
2496 4076 2862 4167 specialem
2935 4075 3243 4146 favorem
3298 4094 3657 4146 sacrosan-

557 4205 708 4270 ctae
762 4197 1119 4288 religionis
1172 4202 1552 4269 conventus
1588 4203 1661 4268 et
1694 4197 1991 4268 fratrum
2045 4197 2452 4269 monasterii
2506 4196 2592 4267 de
2645 4196 2725 4266 M
2739 4216 2773 4267 s
2791 4200 2824 4266 t
2839 4198 2888 4267 h
2909 4218 2949 4267 o
2967 4219 3066 4286 w,
3121 4195 3385 4267 ordinis
3420 4195 3655 4267 Sancti

557 4319 965 4414 Augustini,
1039 4339 1243 4418 quam
1315 4318 1644 4389 debemus
1714 4322 1787 4388 et
1831 4323 2156 4417 tenemur
2228 4317 2519 4407 diligere
2592 4323 2666 4387 et
2717 4315 2986 4405 favere,
3058 4315 3146 4386 de
3197 4336 3534 4387 consensu
3584 4320 3659 4389 et

556 4441 859 4511 unanimi
915 4439 1271 4510 voluntate
1324 4439 1663 4510 baronum
1717 4442 2111 4509 nostrorum
2167 4436 2495 4526 fidelium,
2576 4436 2820 4508 damus
2875 4443 2948 4508 et
3000 4435 3415 4508 conferimus
3471 4435 3537 4506 V
3560 4435 3660 4507 il-

556 4563 602 4632 h
623 4582 663 4632 e
682 4561 706 4630 l
725 4583 791 4631 m
810 4583 851 4631 o
907 4559 1304 4650 praeposito
1359 4558 1666 4631 eiusdem
1701 4558 2105 4630 monasterii
2140 4562 2215 4629 et
2234 4556 2585 4629 fratribus
2640 4557 2899 4629 ibidem
2940 4557 3093 4628 mo
3145 4556 3657 4644 famulantibus,

557 4680 830 4770 plenam
861 4770 868 4777 ,
900 4686 974 4752 et
1026 4685 1433 4771 perpetuam
1503 4683 1920 4769 potestatem
1941 4732 1960 4769 ,
2031 4683 2114 4751 ut
2164 4679 2237 4765 in
2291 4677 2533 4749 eadem
2603 4676 2772 4748 villa
2842 4677 2977 4749 ΜΒ
2995 4677 3151 4749 tho
3169 4699 3232 4749 w
3302 4676 3535 4749 locent
3588 4682 3683 4785 et·

557 4824 593 4870 c
614 4801 1003 4872 onstituant
1056 4801 1404 4870 civitatem
1459 4798 1610 4871 iure
1662 4799 2062 4897 theutonico
2082 4854 2100 4890 ,
2180 4799 2332 4870 iure
2387 4797 2711 4870 videlicet
2759 4797 2959 4869 Novo
3012 4796 3272 4868 forensi
3326 4792 3663 4873 dioecesis

564 4922 1171 5011 VratislaviensiS‚
1228 4925 1297 4991 et
1353 4920 1726 5010 disponant
1780 4940 1929 4992 eam
1984 4919 2093 4990 vel
2152 4920 2479 4992 ordinent
2514 4940 2639 5009 per
2677 4919 2907 4990 omnia
2943 4917 3314 4989 secundum
3372 4919 3500 5008 ius,
3555 4916 3663 4991 nl

573 5042 1132 5115 consvetudinem
1205 5041 1378 5112 iuris
1433 5041 1815 5113 theutonici
1836 5095 1853 5130 ‚
1932 5047 2006 5113 et
2058 5041 2485 5112 constituant
2535 5040 2604 5110 in
2642 5061 2744 5111 ea
2795 5043 3170 5129 perpetuo,
3224 5039 3454 5111 omnia
3506 5039 3662 5111 iura

561 5170 634 5234 et
684 5162 1043 5234 libertates
1099 5161 1335 5233 civiles
1388 5160 1883 5245 Noviforenses
1938 5159 2276 5231 dioecesis
2331 5159 2789 5250 supradictae.
2859 5159 3120 5231 Damus
3173 5160 3383 5231 etiam
3437 5159 3659 5231 eidem

559 5284 954 5374 praeposito
1009 5289 1082 5354 et
1118 5282 1505 5370 conventui,
1562 5281 1743 5373 quod
1781 5280 2159 5357 advocatus
2211 5280 2541 5373 ipsorum,
2596 5299 3090 5371 quemcumque
3141 5279 3275 5370 ipsi
3313 5280 3384 5350 in
3421 5277 3659 5351 eadem

563 5426 686 5476 sua
740 5405 1022 5476 civitate
1076 5403 1207 5476 Ms
1227 5404 1325 5474 th
1346 5424 1388 5474 o
1408 5425 1469 5474 w
1524 5401 2015 5475 constituerint
2067 5421 2197 5491 pro
2251 5422 2378 5472 sua
2433 5400 2811 5490 voluntate,
2864 5421 3021 5471 cum
3073 5399 3417 5473 iudicibus
3472 5401 3658 5490 ipso-

560 5547 731 5614 rum,
814 5496 1051 5596 omnes
1106 5508 1351 5611 causas
1370 5579 1387 5612 ,
1460 5544 1648 5625 quae.
1691 5523 1763 5592 in
1816 5522 2103 5594 civitate
2157 5526 2230 5592 et
2279 5521 2352 5592 in
2406 5521 2591 5592 villis
2663 5521 2970 5610 ipsorum
3044 5521 3403 5591 evenerint
3473 5521 3658 5593 inter

563 5667 723 5716 suos
777 5651 849 5716 et
902 5625 1313 5733 extraneos,
1391 5643 1784 5716 criminales
1838 5647 1912 5715 et
1963 5641 2354 5733 sangvinis,
2416 5643 2936 5732 qualescunque
2989 5640 3268 5730 fuerint,
3320 5641 3539 5713 libere
3590 5647 3664 5713 et

572 5766 759 5838 licite
814 5786 1086 5856 semper
1138 5764 1491 5852 iudicabit,
1546 5770 1616 5835 et
1667 5765 1800 5836 hoc
1834 5763 2207 5835 secundum
2266 5763 2374 5835 ius
2437 5765 3005 5853 suprascriptum,
3058 5761 3241 5834 unde
3294 5763 3351 5832 si
3392 5761 3665 5852 quando

575 5887 669 5957 de
725 5886 1069 5976 aliquibus
1123 5887 1388 5957 iuribus
1441 5885 1550 5957 vel
1606 5884 1945 5956 iudicibus
2016 5884 2223 5957 huius
2294 5884 2599 5955 civitatis
2651 5885 2739 5956 ab
2792 5883 3139 5974 aliquibus
3208 5882 3421 5954 fuerit
3470 5882 3670 5979 dubi*

561 6015 783 6079 tatum
805 6063 824 6097 ,
895 6007 984 6079 ad
1039 6007 1148 6078 ius
1200 5987 1677 6079 Noviforensis
1753 5984 2053 6074 civitatis
2109 6026 2154 6074 a
2206 6006 2678 6078 dubitantibus
2753 6010 3170 6076 recurratur.
3262 6003 3405 6074 Nos
3475 6003 3655 6075 enim

562 6130 850 6202 eandem
904 6129 1253 6201 civitatem
1309 6127 1617 6201 Msthu
1641 6150 1737 6214 u,
1793 6134 1865 6198 et
1921 6135 2192 6206 umues
2210 6126 2410 6198 villas
2466 6126 2689 6195 uidem
2742 6126 3139 6216 praeposito
3193 6123 3699 6205 Msthoviensin.

561 6252 1007 6341 pertinenteS,
1064 6251 1577 6340 quibuscunque
1637 6246 2027 6322 numinibus
2078 6245 2941 6338 nuncupent111,facimus
2993 6250 3328 6335 perpetuo
3381 6242 3669 6361 libere·

563 6378 634 6443 et
687 6380 1047 6462 exemptas
1085 6371 1173 6442 ab
1213 6370 1528 6442 omnibus
1564 6370 2026 6442 solutionibus
2057 6374 2138 6442 et
2170 6370 2670 6458 exactionibus,
2724 6371 2798 6439 et
2853 6365 3278 6459 quibuslibet
3326 6365 3661 6461 polluitis

2712 6864 2771 6909 d:
