4217 8059
285 1476 360 1552 406

282 1685 536 1776 Bocbuyam
562 1683 650 1771 sita3
677 1701 766 1773 quae
792 1681 857 1752 sub
883 1700 925 1751 eo
951 1684 1117 1770 tempore,
1144 1670 1225 1748 dom
1252 1674 1335 1749 uilla
1360 1673 1639 1747 Doluaaiu'ze
1665 1694 1730 1765 pro
1757 1694 1830 1745 mo-

281 1804 434 1876 nasterio
461 1802 732 1874 Wancboczensi
750 1801 964 1872 ¹donabatur
998 1805 1035 1871 et
1061 1799 1259 1887 emebatur,
1287 1816 1408 1868 nemus
1434 1793 1582 1868 erat·'··ad
1598 1794 1726 1867 >villam
1753 1794 1832 1866 Ilo-

281 1922 487 1995 luszicze
514 1923 710 2014 pertinens3
745 1921 807 1992 sed
834 1940 997 2011 processu
1024 1919 1191 2009 temporis
1217 1918 1289 1989 illic
1315 1916 1398 1988 villa
1423 1916 1635 2005 isoscele,
1662 1920 1699 1987 et
1726 1915 1833 1986 babet

282 2044 317 2114 iu
344 2062 382 2114 se
409 2044 532 2133 viginti
560 2062 664 2131 agros
690 2042 764 2112 sive
789 2042 909 2112 laneos
935 2040 1165 2128 indistinctos,
1193 2040 1251 2129 qni
1279 2056 1417 2109 censum
1440 2036 1581 2108 solvunt
1607 2036 1712 2125 rame,
1731 2036 1831 2106 iuxta

280 2164 511 2255 quantitatem
546 2139 727 2253 agrorum,
762 2168 800 2232 et
834 2161 1062 2232 aestimantur
1097 2159 1215 2231 decem
1251 2165 1287 2230 et
1322 2163 1420 2249 octo,
1447 2163 1485 2229 et
1511 2157 1655 2229 deberet
1682 2155 1828 2246 quilibet

284 2282 420 2356 soluere
447 2302 569 2354 novem
597 2287 738 2372 scottos,
766 2282 848 2352 item
877 2301 945 2352 ova
968 2280 1134 2370 triginta,
1161 2280 1243 2351 item
1270 2278 1381 2368 gallos
1409 2282 1576 2368 quatuor,
1602 2277 1683 2347 item
1711 2296 1831 2346 caseos

237 2461 239 2465 .
281 2402 377 2494 duos,
404 2403 487 2474 ilem
514 2401 652 2473 labores
680 2399 814 2493 aliquos
842 2421 910 2471 non
936 2399 1078 2490 iaciunt,
1104 2399 1166 2473 sed
1192 2418 1257 2490 pro
1284 2399 1461 2471 laboribus
1487 2418 1606 2469 omnes
1632 2402 1705 2468 tres
1722 2394 1830 2467 ferto-

280 2542 342 2595 nes
369 2520 459 2595 anno
484 2522 642 2614 ¹quolibet
667 2521 816 2623 solvunt.
843 2521 931 2592 Item
952 2518 1136 2615 powobom
1164 2539 1231 2592 non
1259 2519 1410 2609 iaciunt3
1434 2520 1675 2614 item·.oaazpep
1692 2516 1830 2587 solvont

278 2643 340 2713 sed
366 2640 576 2733 indistincte,
603 2641 740 2733 quaudo
767 2642 863 2713 venit
880 2641 1007 2731 abbas,
1034 2641 1174 2712 aut-'soi
1200 2641 1342 2712 nuntius
1369 2638 1550 2718 imvillam.
1576 2638 1664 2710 item
1682 2638 1831 2709 taberna
1957 2723 1960 2726 .

278 2768 349 2833 nub
375 2762 585 2852 monasterii,
612 2761 743 2832 babens
770 2781 884 2851 agros,
910 2781 998 2851 quae
1025 2760 1131 2832 solvit
1157 2780 1221 2851 pro
1243 2778 1352 2831 censu
1379 2778 1483 2830 unam
1510 2776 1726 2848 sexagenam,
1743 2759 1828 2828 item

278 2880 479 2972 hortulani,
501 2881 583 2953 item
619 2879 798 2972 praedium
831 2879 1031 2952 coenobiale
1066 2901 1134 2952 non
1170 2883 1226 2950 est
1251 2880 1287 2950 in
1314 2878 1397 2951 villa
1423 2879 1561 2968 eadem3
1588 2877 1654 2949 luil-
1682 2877 1830 2968 quidem,

278 3000 339 3074 sed
362 3001 515 3075 locatum
542 3005 596 3072 eat
621 2980 868 3073 cmetbouibos.
904 2999 991 3072 Item
1024 3000 1185 3071 scoltetia
1210 3006 1285 3089 est,
1310 3001 1443 3071 babens
1469 2998 1556 3071 duos
1582 2999 1718 3087 laneos,
1745 2998 1828 3068 item

278 3140 380 3193 uuam
399 3122 589 3213 tabernam,
615 3122 698 3193 itam
725 3140 830 3201 nuum
858 3118 1101 3209 molendinum,
1128 3126 1165 3191 et
1187 3121 1308 3216 ‚omnia
1325 3121 1456 3192 babent
1473 3140 1586 3210 agros,
1603 3126 1639 3190 et
1657 3119 1702 3190 de
1719 3118 1829 3188 omni-

203 3265 207 3273 ·
277 3242 343 3313 bus
369 3242 464 3332 agris
490 3240 534 3314 ad
561 3240 743 3313 scultetum
779 3230 1051 3331 pertinedtibus,
1079 3222 1227 3312 solvitur
1253 3241 1396 3311 decima·
1411 3241 1636 3332 manipularis
1662 3237 1833 3317 molestae,

277 3362 406 3434 ibidem
433 3363 468 3433 in
495 3360 720 3433 Olobawa
746 3360 835 3434 Item
863 3381 982 3452 omnes
1009 3362 1084 3452 agri
1113 3361 1215 3432 villae
1233 3362 1374 3433 solvunt
1392 3368 1428 3431 et
1445 3360 1639 3433 conducunt
1659 3328 1828 3433 namsia

278 3482 528 3572 manipularem
555 3487 592 3554 et
618 3481 818 3572 canapalem
854 3500 918 3572 pro
945 3472 1047 3552 altari
1075 3481 1279 3553 Sanctorum
1307 3481 1400 3553 Petri
1427 3488 1465 3554 et
1493 3478 1591 3552 Pauli
1618 3482 1653 3551 in
1681 3479 1828 3556 eeclesia

277 3603 399 3673 maiori
427 3600 659 3692 cracoviensi,
686 3608 722 3673 et
749 3600 848 3673 valor
873 3602 949 3675 eius
975 3602 1181 3674 aestimatur
1207 3601 1251 3674 ad
1277 3608 1357 3674 octo
1382 3621 1527 3674 marcas.
1546 3601 1645 3673 item
1674 3600 1836 3672 cmetbo.

277 3741 339 3792 nes
366 3720 469 3793 villae
503 3720 683 3814 praelatae
717 3740 781 3812 pro
817 3722 909 3793 omni
944 3723 1152 3795 necessitate
1186 3723 1406 3813 monasterii,
1432 3722 1485 3794 sal
1510 3727 1676 3795 tenentur
1701 3721 1829 3793 ducere

277 3841 428 3931 propriis
455 3842 614 3913 curribus
641 3862 663 3912 a
690 3841 905 3932 Bocbnya
932 3862 1041 3933 usque
1068 3841 1365 3915 Wislieziam.
1400 3840 1562 3916 (londoni
1588 3862 1664 3915 cum
1691 3841 1828 3913 Doln-
1861 3918 1866 3925 ,

263 3961 473 4057 ,εοὴίοιᾳ
501 3960 774 4053 Wisanicue,
801 3960 973 4035 Gurow.

382 4078 641 4173 Gousnnrow,
669 4081 751 4153 villa
772 4083 838 4153 sub
855 4084 1021 4185 parocbia
1038 4083 1082 4155 de
1100 4081 1170 4154 Mu
1180 4085 1353 4176 ysabel<
1380 4085 1458 4175 sita,
1476 4104 1540 4176 per
1557 4082 1825 4155 Boleslaum

278 4198 495 4275 Pudic'um
523 4203 644 4275 duoem
668 4209 705 4275 et
723 4204 943 4285 monarcham
961 4202 1135 4294 Poloniae,
1153 4226 1218 4295 pro
1236 4206 1351 4277 anima
1368 4207 1478 4296 patris
1496 4206 1549 4276 sui
1569 4204 1776 4278 Leatlrou
1787 4206 1827 4275 is

274 4312 488 4394 'umescerio
515 4322 559 4395 de
586 4321 934 4394 Waucboc·zslro
961 4324 1100 4415 donata,
1127 4325 1172 4396 ad
1198 4325 1321 4398 dorios
1348 4324 1437 4397 Mel
1464 4330 1500 4397 et
1526 4323 1737 4417 Paczyua
1762 4344 1827 4415 po

276 4443 352 4524 aila¹
378 4442 418 4514 In
446 4462 514 4534 qua
541 4450 623 4515 sunt
642 4443 740 4515 lanei
767 4443 1011 4534 cmetbooales‚
1037 4451 1074 4515 et
1100 4446 1246 4536 quilibet
1272 4446 1377 4518 solvit
1395 4501 1402 4517 .
1421 4501 1429 4516 .
1448 4501 1455 4516 .
1474 4500 1501 4538 .,
1528 4448 1609 4517 item
1637 4464 1713 4536 ora,
1740 4445 1825 4517 mm

274 4561 405 4653 gallos,
431 4563 514 4635 item
542 4582 679 4655 caseos,
706 4563 788 4636 item
815 4563 936 4655 labor3
962 4565 1044 4637 item
1075 4565 1242 4660 paruolo,
1270 4568 1353 4639 item
1380 4586 1535 4662 omzqep,
1562 4567 1645 4638 item
1672 4566 1823 4638 taberna

274 4702 343 4755 una
369 4684 501 4756 babens
527 4704 639 4776 agros,
666 4690 703 4756 et
728 4684 833 4757 solvit
851 4740 859 4755 .
878 4739 885 4755 .
904 4740 930 4776 .,
957 4687 1040 4757 item
1068 4687 1296 4779 hortulaniae,
1314 4687 1397 4760 item
1416 4687 1595 4780 praedium
1614 4686 1825 4778 coenobiale,

274 4803 357 4875 item
384 4793 627 4878 molendinum.
661 4790 747 4876 Item
775 4826 893 4877 omnes
920 4808 996 4897 agri
1024 4806 1129 4879 villae
1155 4809 1293 4880 solvont
1320 4808 1494 4881 decimam.
1513 4807 1761 4898 manipularem
1787 4811 1826 4878 et

274 4925 483 5017 canapalem,
510 4932 546 4998 et
572 4926 769 5000 conducunt
795 4946 859 5018 pro
886 4926 1097 5000 monasterio
1123 4926 1406 5020 Waucboczeosi,
1433 4936 1470 5001 et
1496 4930 1595 5001 valor
1620 4928 1702 5000 eiua
1718 4927 1824 4998 aesti-

274 5050 389 5116 matur
415 5046 458 5116 ad
486 5045 633 5137 triginta
658 5036 802 5120 marcas.
838 5049 926 5121 item
954 5050 1114 5122 scoltetia
1139 5057 1194 5122 est
1217 5051 1298 5141 ibi,
1313 5070 1403 5142 quoe
1429 5050 1535 5122 babet
1554 5104 1667 5121 .....
1692 5044 1823 5121 Villam

274 5164 364 5235 bana
399 5165 467 5236 iam
501 5186 568 5237 non
605 5167 711 5240 babet
746 5170 992 5242 monasterium
1028 5169 1324 5264 Waucbocueose,
1360 5171 1420 5243 sed
1456 5171 1623 5263 oppidum·
1655 5168 1827 5241 Radom-

272 5284 365 5356 illam
393 5284 499 5358 babet
524 5286 560 5357 in
587 5307 650 5359 sua
676 5289 901 5380 proprietate,
928 5291 1179 5382 ignoraturos
1207 5312 1274 5384 qua
1300 5312 1414 5365 causa.
1449 5291 1610 5364 mutuat
1635 5287 1739 5363 cum.
1758 5344 1765 5360 .
1785 5343 1822 5359 ..

380 5404 658 5501 Nrsznowuczu,
685 5407 767 5481 villa
793 5410 858 5482 sub
884 5413 1049 5501 parocbia
1075 5412 1118 5484 de
1137 5469 1145 5485 .
1164 5469 1171 5485 .
1191 5468 1197 5484 .
1217 5468 1250 5484 ..
1277 5414 1356 5506 sita,
1384 5421 1420 5487 et
1447 5434 1510 5506 per
1535 5412 1714 5485 Nicolaum
1742 5409 1822 5481 lla·
1932 5396 1935 5401 ’

273 5526 379 5615 pbal
407 5527 649 5645 cancellarium
676 5530 773 5602 ducis
800 5530 1059 5605 Lestkonis
1086 5533 1190 5605 Albi
1219 5536 1430 5608 monasterio
1457 5533 1728 5607 Wancboczeusi
1756 5532 1820 5604 do·

271 5652 362 5718 nata.
389 5647 428 5718 In
455 5670 524 5740 qua
550 5624 632 5723 sunt
657 5651 748 5724 lanei
775 5653 1018 5744 emetbonalea,
1045 5661 1082 5726 et
1108 5655 1253 5747 quilibet
1279 5657 1383 5729 solvit
1409 5711 1488 5747 ...‚
1515 5656 1596 5728 item
1625 5674 1708 5744 ova,
1735 5655 1819 5726 ilem

271 5766 400 5858 gallos,
428 5770 510 5842 item
547 5792 684 5862 caseos,
720 5774 802 5845 item
829 5774 939 5864 labor,
966 5775 1049 5846 item
1075 5774 1238 5870 pemmo,
1265 5779 1346 5850 item
1374 5798 1528 5874 esayas,
1554 5777 1637 5849 item
1653 5777 1819 5867 taberne,

271 5887 352 5958 item
387 5889 581 5981 hortulani,
609 5893 691 5970 item
728 5893 926 5985 praedium,
953 5895 1034 5967 item
1071 5897 1313 5970 molendinum.
1352 5899 1438 5970 item
1466 5919 1585 5970 omues
1611 5898 1686 5990 agri
1715 5897 1820 5968 villae

138 6028 143 6033 ·
270 6006 410 6081 sdrout
436 6016 473 6082 et
499 6011 694 6083 conducunt
720 6013 885 6086 decimam
922 6012 1172 6109 manipularem
1201 6026 1237 6091 et
1264 6019 1461 6110 canapalem
1489 6040 1553 6112 pro
1572 6075 1580 6090 .
1599 6074 1633 6090 ..
1659 6016 1820 6091 (lonbnat

270 6130 511 6203 ...Alienata
536 6152 558 6203 a
584 6136 803 6226 monasterio,
830 6143 866 6208 et
892 6137 1045 6211 nescitur
1072 6139 1290 6212 alienationis
1317 6161 1429 6212 causa.

366 6250 580 6355 sammon,
602 6252 686 6327 villa
712 6256 776 6327 sub
802 6258 968 6347 parocbia
994 6259 1059 6331 de.
1078 6315 1086 6330 .
1106 6315 1113 6330 .
1131 6261 1209 6351 sita,
1227 6267 1263 6332 et
1280 6282 1343 6352 per
1360 6261 1682 6353 butbogneum
1709 6263 1818 6337 lilium

271 6360 524 6459 Pyllrrouis
537 6468 539 6473 Ι
544 6377 759 6473 monasterio
773 6376 1043 6453 Wancbotzeusi
1061 6380 1198 6453 donata.
1217 6381 1257 6453 ln
1277 6402 1344 6473 qun
1363 6388 1444 6455 suot
1461 6384 1552 6456 lanei
1571 6385 1807 6457 cmetbonalea
1827 6426 1836 6436 ·
