<?xml version="1.0" encoding="UTF-8"?>
<!DOCTYPE html PUBLIC "-//W3C//DTD XHTML 1.0 Transitional//EN"
    "http://www.w3.org/TR/xhtml1/DTD/xhtml1-transitional.dtd">
<html xmlns="http://www.w3.org/1999/xhtml" xml:lang="en" lang="en">
 <head>
  <title>
</title>
<meta http-equiv="Content-Type" content="text/html;charset=utf-8" />
  <meta name='ocr-system' content='tesseract 3.04.00' />
  <meta name='ocr-capabilities' content='ocr_page ocr_carea ocr_par ocr_line ocrx_word'/>
</head>
<body>
  <div class='ocr_page' id='page_1' title='image "./joannisdugoszse02dugoog_0363.png"; bbox 0 0 4217 8059; ppageno 0'>
   <div class='ocr_carea' id='block_1_1' title="bbox 803 1190 1037 1473">
    <p class='ocr_par' dir='ltr' id='par_1_1' title="bbox 803 1190 1037 1473">
     <span class='ocr_line' id='line_1_1' title="bbox 803 1190 1000 1277; baseline 0.03 -6"><span class='ocrx_word' id='word_1_1' title='bbox 803 1190 807 1201; x_wconf 87' lang='lat'>&#39;</span> <span class='ocrx_word' id='word_1_2' title='bbox 933 1200 1000 1277; x_wconf 68' lang='lat' dir='ltr'>--at</span> 
     </span>
     <span class='ocr_line' id='line_1_2' title="bbox 907 1290 1037 1473; baseline -0.015 0"><span class='ocrx_word' id='word_1_3' title='bbox 907 1290 1037 1473; x_wconf 54' lang='grc' dir='ltr'>Ὗ·</span> 
     </span>
    </p>
   </div>
   <div class='ocr_carea' id='block_1_2' title="bbox 261 1703 1932 2279">
    <p class='ocr_par' dir='ltr' id='par_1_2' title="bbox 261 1703 1932 2279">
     <span class='ocr_line' id='line_1_3' title="bbox 264 1703 1814 1796; baseline 0.003 -23"><span class='ocrx_word' id='word_1_4' title='bbox 264 1703 369 1774; x_wconf 89' lang='lat' dir='ltr'>solvit</span> <span class='ocrx_word' id='word_1_5' title='bbox 395 1703 541 1794; x_wconf 83' lang='lat' dir='ltr'>quilibet</span> <span class='ocrx_word' id='word_1_6' title='bbox 567 1724 669 1775; x_wconf 89' lang='lat' dir='ltr'>unam</span> <span class='ocrx_word' id='word_1_7' title='bbox 689 1703 847 1793; x_wconf 84' lang='lat' dir='ltr'>siliginis,</span> <span class='ocrx_word' id='word_1_8' title='bbox 873 1710 910 1776; x_wconf 93' lang='lat' dir='ltr'>et</span> <span class='ocrx_word' id='word_1_9' title='bbox 936 1703 1023 1776; x_wconf 88' lang='lat' dir='ltr'>duas</span> <span class='ocrx_word' id='word_1_10' title='bbox 1041 1723 1172 1776; x_wconf 85' lang='lat' dir='ltr'>arenae</span> <span class='ocrx_word' id='word_1_11' title='bbox 1190 1719 1369 1777; x_wconf 81' lang='lat' dir='ltr'>mensuras</span> <span class='ocrx_word' id='word_1_12' title='bbox 1389 1704 1578 1795; x_wconf 83' lang='lat' dir='ltr'>-confertas,</span> <span class='ocrx_word' id='word_1_13' title='bbox 1604 1711 1640 1777; x_wconf 91' lang='lat' dir='ltr'>et</span> <span class='ocrx_word' id='word_1_14' title='bbox 1666 1712 1814 1796; x_wconf 88' lang='lat' dir='ltr'>quatuor</span> 
     </span>
     <span class='ocr_line' id='line_1_4' title="bbox 261 1802 1932 1919; baseline 0.002 -24"><span class='ocrx_word' id='word_1_15' title='bbox 261 1845 403 1915; x_wconf 88' lang='lat' dir='ltr'>grossos</span> <span class='ocrx_word' id='word_1_16' title='bbox 430 1802 760 1919; x_wconf 68' lang='lat' dir='ltr'>ratione⁸opruwaa</span> <span class='ocrx_word' id='word_1_17' title='bbox 806 1824 894 1897; x_wconf 90' lang='lat' dir='ltr'>Item</span> <span class='ocrx_word' id='word_1_18' title='bbox 922 1825 1086 1897; x_wconf 87' lang='lat' dir='ltr'>scoltetia</span> <span class='ocrx_word' id='word_1_19' title='bbox 1114 1831 1169 1897; x_wconf 90' lang='lat' dir='ltr'>est</span> <span class='ocrx_word' id='word_1_20' title='bbox 1194 1825 1262 1915; x_wconf 90' lang='lat' dir='ltr'>ibi,</span> <span class='ocrx_word' id='word_1_21' title='bbox 1294 1810 1519 1919; x_wconf 76' lang='lat' dir='ltr'>qoao&#39;bobet</span> <span class='ocrx_word' id='word_1_22' title='bbox 1544 1847 1649 1898; x_wconf 90' lang='lat' dir='ltr'>unum</span> <span class='ocrx_word' id='word_1_23' title='bbox 1678 1827 1814 1899; x_wconf 91' lang='lat' dir='ltr'>laneum</span> <span class='ocrx_word' id='word_1_24' title='bbox 1926 1860 1932 1873; x_wconf 55' lang='lat'>*</span> 
     </span>
     <span class='ocr_line' id='line_1_5' title="bbox 262 1942 1812 2036; baseline 0.003 -22"><span class='ocrx_word' id='word_1_25' title='bbox 262 1945 409 2017; x_wconf 92' lang='lat' dir='ltr'>liberum</span> <span class='ocrx_word' id='word_1_26' title='bbox 437 1952 474 2015; x_wconf 92' lang='lat' dir='ltr'>et</span> <span class='ocrx_word' id='word_1_27' title='bbox 500 1947 678 2035; x_wconf 89' lang='lat' dir='ltr'>proprium</span> <span class='ocrx_word' id='word_1_28' title='bbox 715 1945 957 2017; x_wconf 83' lang='lat' dir='ltr'>molendinum.</span> <span class='ocrx_word' id='word_1_29' title='bbox 1001 1945 1089 2019; x_wconf 88' lang='lat' dir='ltr'>Item</span> <span class='ocrx_word' id='word_1_30' title='bbox 1120 1944 1306 2036; x_wconf 84' lang='lat' dir='ltr'>tabernae,</span> <span class='ocrx_word' id='word_1_31' title='bbox 1342 1947 1426 2019; x_wconf 88' lang='lat' dir='ltr'>item</span> <span class='ocrx_word' id='word_1_32' title='bbox 1452 1946 1681 2019; x_wconf 88' lang='lat' dir='ltr'>hortulaniae.</span> <span class='ocrx_word' id='word_1_33' title='bbox 1726 1942 1812 2019; x_wconf 84' lang='lat' dir='ltr'>Item</span> 
     </span>
     <span class='ocr_line' id='line_1_6' title="bbox 263 2041 1811 2165; baseline 0.002 -29"><span class='ocrx_word' id='word_1_34' title='bbox 263 2087 382 2137; x_wconf 79' lang='lat' dir='ltr'>oannes</span> <span class='ocrx_word' id='word_1_35' title='bbox 409 2067 484 2156; x_wconf 87' lang='lat' dir='ltr'>agri</span> <span class='ocrx_word' id='word_1_36' title='bbox 513 2066 615 2138; x_wconf 84' lang='lat' dir='ltr'>villae</span> <span class='ocrx_word' id='word_1_37' title='bbox 642 2068 782 2138; x_wconf 83' lang='lat' dir='ltr'>solvunt</span> <span class='ocrx_word' id='word_1_38' title='bbox 808 2073 844 2138; x_wconf 88' lang='lat' dir='ltr'>et</span> <span class='ocrx_word' id='word_1_39' title='bbox 870 2041 1067 2139; x_wconf 81' lang='lat' dir='ltr'>conducunt</span> <span class='ocrx_word' id='word_1_40' title='bbox 1093 2064 1260 2165; x_wconf 76' lang='lat' dir='ltr'>decimam</span> <span class='ocrx_word' id='word_1_41' title='bbox 1287 2068 1535 2157; x_wconf 79' lang='lat' dir='ltr'>manipularem</span> <span class='ocrx_word' id='word_1_42' title='bbox 1558 2074 1594 2138; x_wconf 93' lang='lat' dir='ltr'>et</span> <span class='ocrx_word' id='word_1_43' title='bbox 1612 2067 1811 2158; x_wconf 87' lang='lat' dir='ltr'>canapalem</span> 
     </span>
     <span class='ocr_line' id='line_1_7' title="bbox 263 2186 1812 2279; baseline 0.003 -23"><span class='ocrx_word' id='word_1_44' title='bbox 263 2208 326 2277; x_wconf 90' lang='lat' dir='ltr'>pro</span> <span class='ocrx_word' id='word_1_45' title='bbox 354 2188 565 2259; x_wconf 88' lang='lat' dir='ltr'>monasterio</span> <span class='ocrx_word' id='word_1_46' title='bbox 593 2188 914 2277; x_wconf 88' lang='lat' dir='ltr'>sanctimonialium,</span> <span class='ocrx_word' id='word_1_47' title='bbox 951 2193 991 2260; x_wconf 87' lang='lat' dir='ltr'>et</span> <span class='ocrx_word' id='word_1_48' title='bbox 1017 2186 1116 2261; x_wconf 80' lang='lat' dir='ltr'>¹valor</span> <span class='ocrx_word' id='word_1_49' title='bbox 1142 2188 1217 2259; x_wconf 86' lang='lat' dir='ltr'>eins</span> <span class='ocrx_word' id='word_1_50' title='bbox 1243 2188 1448 2259; x_wconf 87' lang='lat' dir='ltr'>aestimatur</span> <span class='ocrx_word' id='word_1_51' title='bbox 1473 2188 1517 2261; x_wconf 89' lang='lat' dir='ltr'>ad</span> <span class='ocrx_word' id='word_1_52' title='bbox 1545 2189 1696 2279; x_wconf 88' lang='lat' dir='ltr'>quinque</span> <span class='ocrx_word' id='word_1_53' title='bbox 1722 2208 1812 2260; x_wconf 88' lang='lat' dir='ltr'>mar·</span> 
     </span>
    </p>
   </div>
   <div class='ocr_carea' id='block_1_3' title="bbox 1700 1499 1810 1607">
    <p class='ocr_par' dir='ltr' id='par_1_3' title="bbox 1700 1499 1810 1607">
     <span class='ocr_line' id='line_1_8' title="bbox 1700 1499 1810 1607; baseline 0 -35"><span class='ocrx_word' id='word_1_54' title='bbox 1700 1562 1708 1607; x_wconf 6' lang='lat' dir='ltr'>A.</span> <span class='ocrx_word' id='word_1_55' title='bbox 1737 1499 1810 1573; x_wconf 76' lang='lat' dir='ltr'>asc</span> 
     </span>
    </p>
   </div>
   <div class='ocr_carea' id='block_1_4' title="bbox 263 2308 1944 2400">
    <p class='ocr_par' dir='ltr' id='par_1_4' title="bbox 263 2308 1944 2400">
     <span class='ocr_line' id='line_1_9' title="bbox 263 2308 1944 2400; baseline 0.002 -22"><span class='ocrx_word' id='word_1_56' title='bbox 263 2329 331 2396; x_wconf 87' lang='lat' dir='ltr'>cas,</span> <span class='ocrx_word' id='word_1_57' title='bbox 358 2315 497 2397; x_wconf 92' lang='lat' dir='ltr'>praeter</span> <span class='ocrx_word' id='word_1_58' title='bbox 523 2308 610 2379; x_wconf 88' lang='lat' dir='ltr'>duos</span> <span class='ocrx_word' id='word_1_59' title='bbox 638 2308 765 2398; x_wconf 90' lang='lat' dir='ltr'>laneos,</span> <span class='ocrx_word' id='word_1_60' title='bbox 793 2309 836 2380; x_wconf 92' lang='lat' dir='ltr'>de</span> <span class='ocrx_word' id='word_1_61' title='bbox 860 2310 984 2400; x_wconf 88' lang='lat' dir='ltr'>quibus</span> <span class='ocrx_word' id='word_1_62' title='bbox 1011 2309 1159 2382; x_wconf 86' lang='lat' dir='ltr'>solvitur</span> <span class='ocrx_word' id='word_1_63' title='bbox 1186 2309 1351 2380; x_wconf 89' lang='lat' dir='ltr'>ecclesiae</span> <span class='ocrx_word' id='word_1_64' title='bbox 1369 2316 1405 2381; x_wconf 91' lang='lat' dir='ltr'>et</span> <span class='ocrx_word' id='word_1_65' title='bbox 1423 2309 1608 2400; x_wconf 77' lang='lat' dir='ltr'>plebano</span> <span class='ocrx_word' id='word_1_66' title='bbox 1599 2330 1634 2382; x_wconf 91' lang='grc' dir='ltr'>ιιι</span> <span class='ocrx_word' id='word_1_67' title='bbox 1662 2309 1811 2381; x_wconf 76' lang='lat' dir='ltr'>Lance·</span> <span class='ocrx_word' id='word_1_68' title='bbox 1941 2376 1944 2381; x_wconf 90' lang='lat'>.</span> 
     </span>
    </p>
   </div>
   <div class='ocr_carea' id='block_1_5' title="bbox 154 2427 1881 3129">
    <p class='ocr_par' dir='ltr' id='par_1_5' title="bbox 262 2427 776 2501">
     <span class='ocr_line' id='line_1_10' title="bbox 262 2427 776 2501; baseline 0.002 -2"><span class='ocrx_word' id='word_1_69' title='bbox 262 2429 353 2499; x_wconf 87' lang='lat' dir='ltr'>sko</span> <span class='ocrx_word' id='word_1_70' title='bbox 380 2427 541 2501; x_wconf 83' lang='lat' dir='ltr'>Gontiuat</span> <span class='ocrx_word' id='word_1_71' title='bbox 525 2436 643 2501; x_wconf 91' lang='lat' dir='ltr'>tcum</span> <span class='ocrx_word' id='word_1_72' title='bbox 662 2484 776 2500; x_wconf 92' lang='grc'><strong>.....</strong></span> 
     </span>
    </p>

    <p class='ocr_par' dir='ltr' id='par_1_6' title="bbox 154 2549 1881 3129">
     <span class='ocr_line' id='line_1_11' title="bbox 366 2549 1812 2642; baseline 0.002 -23.002"><span class='ocrx_word' id='word_1_73' title='bbox 366 2549 665 2641; x_wconf 73' lang='lat' dir='ltr'>Masunowrczm</span> <span class='ocrx_word' id='word_1_74' title='bbox 692 2551 776 2623; x_wconf 85' lang='lat' dir='ltr'>villa</span> <span class='ocrx_word' id='word_1_75' title='bbox 802 2552 866 2622; x_wconf 90' lang='lat' dir='ltr'>sub</span> <span class='ocrx_word' id='word_1_76' title='bbox 894 2551 1059 2641; x_wconf 90' lang='lat' dir='ltr'>parocbia</span> <span class='ocrx_word' id='word_1_77' title='bbox 1085 2550 1128 2621; x_wconf 92' lang='lat' dir='ltr'>de</span> <span class='ocrx_word' id='word_1_78' title='bbox 1154 2549 1398 2621; x_wconf 88' lang='lat' dir='ltr'>Lanczsko</span> <span class='ocrx_word' id='word_1_79' title='bbox 1424 2550 1507 2639; x_wconf 87' lang='lat' dir='ltr'>sita,</span> <span class='ocrx_word' id='word_1_80' title='bbox 1534 2551 1630 2622; x_wconf 89' lang='lat' dir='ltr'>ouius</span> <span class='ocrx_word' id='word_1_81' title='bbox 1656 2552 1812 2642; x_wconf 88' lang='lat' dir='ltr'>proprie·</span> 
     </span>
     <span class='ocr_line' id='line_1_12' title="bbox 262 2652 1881 2762; baseline 0.002 -21"><span class='ocrx_word' id='word_1_82' title='bbox 262 2677 317 2741; x_wconf 90' lang='lat' dir='ltr'>tas</span> <span class='ocrx_word' id='word_1_83' title='bbox 344 2659 494 2761; x_wconf 74' lang='lat' dir='ltr'>pertinet</span> <span class='ocrx_word' id='word_1_84' title='bbox 521 2670 565 2741; x_wconf 91' lang='lat' dir='ltr'>ad</span> <span class='ocrx_word' id='word_1_85' title='bbox 593 2672 795 2743; x_wconf 88' lang='lat' dir='ltr'>coenobium</span> <span class='ocrx_word' id='word_1_86' title='bbox 823 2671 1137 2743; x_wconf 76' lang='lat' dir='ltr'>sanctimonialium</span> <span class='ocrx_word' id='word_1_87' title='bbox 1164 2669 1459 2743; x_wconf 86' lang='lat' dir='ltr'>Sandeczensium.</span> <span class='ocrx_word' id='word_1_88' title='bbox 1486 2670 1527 2741; x_wconf 90' lang='lat' dir='ltr'>Iu</span> <span class='ocrx_word' id='word_1_89' title='bbox 1554 2691 1623 2762; x_wconf 90' lang='lat' dir='ltr'>qua</span> <span class='ocrx_word' id='word_1_90' title='bbox 1649 2678 1730 2744; x_wconf 88' lang='lat' dir='ltr'>sunt</span> <span class='ocrx_word' id='word_1_91' title='bbox 1757 2690 1812 2744; x_wconf 85' lang='lat' dir='ltr'>se·</span> <span class='ocrx_word' id='word_1_92' title='bbox 1875 2652 1881 2663; x_wconf 49' lang='lat'><em>⁶</em></span> 
     </span>
     <span class='ocr_line' id='line_1_13' title="bbox 171 2790 1811 2882; baseline 0.001 -20"><span class='ocrx_word' id='word_1_93' title='bbox 171 2796 174 2802; x_wconf 86' lang='lat'>&#39;</span> <span class='ocrx_word' id='word_1_94' title='bbox 264 2791 373 2863; x_wconf 85' lang='lat' dir='ltr'>decim</span> <span class='ocrx_word' id='word_1_95' title='bbox 401 2792 492 2864; x_wconf 89' lang='lat' dir='ltr'>lanei</span> <span class='ocrx_word' id='word_1_96' title='bbox 519 2792 763 2882; x_wconf 83' lang='lat' dir='ltr'>cmethonales,</span> <span class='ocrx_word' id='word_1_97' title='bbox 790 2798 826 2864; x_wconf 90' lang='lat' dir='ltr'>et</span> <span class='ocrx_word' id='word_1_98' title='bbox 852 2792 958 2864; x_wconf 87' lang='lat' dir='ltr'>solvit</span> <span class='ocrx_word' id='word_1_99' title='bbox 983 2792 1131 2882; x_wconf 89' lang='lat' dir='ltr'>quilibet</span> <span class='ocrx_word' id='word_1_100' title='bbox 1158 2813 1222 2882; x_wconf 93' lang='lat' dir='ltr'>pro</span> <span class='ocrx_word' id='word_1_101' title='bbox 1249 2812 1354 2864; x_wconf 89' lang='lat' dir='ltr'>censu</span> <span class='ocrx_word' id='word_1_102' title='bbox 1381 2812 1486 2863; x_wconf 90' lang='lat' dir='ltr'>unum</span> <span class='ocrx_word' id='word_1_103' title='bbox 1513 2790 1700 2882; x_wconf 84' lang='lat' dir='ltr'>fertonem,</span> <span class='ocrx_word' id='word_1_104' title='bbox 1728 2794 1811 2864; x_wconf 89' lang='lat' dir='ltr'>item</span> 
     </span>
     <span class='ocr_line' id='line_1_14' title="bbox 264 2910 1812 3007; baseline 0.001 -23"><span class='ocrx_word' id='word_1_105' title='bbox 264 2935 367 2985; x_wconf 89' lang='lat' dir='ltr'>unum</span> <span class='ocrx_word' id='word_1_106' title='bbox 394 2913 534 3003; x_wconf 86' lang='lat' dir='ltr'>gallum,</span> <span class='ocrx_word' id='word_1_107' title='bbox 560 2914 643 2985; x_wconf 91' lang='lat' dir='ltr'>item</span> <span class='ocrx_word' id='word_1_108' title='bbox 671 2914 757 2985; x_wconf 88' lang='lat' dir='ltr'>duos</span> <span class='ocrx_word' id='word_1_109' title='bbox 784 2934 913 3003; x_wconf 90' lang='lat' dir='ltr'>caseos,</span> <span class='ocrx_word' id='word_1_110' title='bbox 941 2914 1023 2986; x_wconf 90' lang='lat' dir='ltr'>item</span> <span class='ocrx_word' id='word_1_111' title='bbox 1051 2912 1174 3003; x_wconf 74' lang='lat' dir='ltr'>alginti</span> <span class='ocrx_word' id='word_1_112' title='bbox 1201 2934 1276 2984; x_wconf 91' lang='lat' dir='ltr'>ova.</span> <span class='ocrx_word' id='word_1_113' title='bbox 1312 2912 1399 2984; x_wconf 90' lang='lat' dir='ltr'>Item</span> <span class='ocrx_word' id='word_1_114' title='bbox 1427 2933 1530 2984; x_wconf 86' lang='lat' dir='ltr'>unam</span> <span class='ocrx_word' id='word_1_115' title='bbox 1551 2910 1736 3007; x_wconf 78' lang='lat' dir='ltr'>powabom</span> <span class='ocrx_word' id='word_1_116' title='bbox 1762 2913 1812 2985; x_wconf 85' lang='lat' dir='ltr'>la-</span> 
     </span>
     <span class='ocr_line' id='line_1_15' title="bbox 154 3017 1812 3129; baseline -0.001 -22"><span class='ocrx_word' id='word_1_117' title='bbox 154 3017 159 3026; x_wconf 62' lang='grc'><strong>’</strong></span> <span class='ocrx_word' id='word_1_118' title='bbox 263 3036 391 3107; x_wconf 89' lang='lat' dir='ltr'>borant</span> <span class='ocrx_word' id='word_1_119' title='bbox 417 3056 480 3126; x_wconf 94' lang='lat' dir='ltr'>pro</span> <span class='ocrx_word' id='word_1_120' title='bbox 508 3055 605 3125; x_wconf 87' lang='lat' dir='ltr'>vere,</span> <span class='ocrx_word' id='word_1_121' title='bbox 643 3035 788 3107; x_wconf 90' lang='lat' dir='ltr'>alteram</span> <span class='ocrx_word' id='word_1_122' title='bbox 824 3056 888 3124; x_wconf 86' lang='lat' dir='ltr'>pro</span> <span class='ocrx_word' id='word_1_123' title='bbox 917 3036 1048 3126; x_wconf 88' lang='lat' dir='ltr'>hyeme.</span> <span class='ocrx_word' id='word_1_124' title='bbox 1093 3034 1186 3105; x_wconf 85' lang='lat' dir='ltr'>item</span> <span class='ocrx_word' id='word_1_125' title='bbox 1208 3034 1344 3105; x_wconf 88' lang='lat' dir='ltr'>ratione</span> <span class='ocrx_word' id='word_1_126' title='bbox 1370 3055 1508 3129; x_wconf 75' lang='lat' dir='ltr'>oaozyep</span> <span class='ocrx_word' id='word_1_127' title='bbox 1535 3033 1641 3105; x_wconf 87' lang='lat' dir='ltr'>solvit</span> <span class='ocrx_word' id='word_1_128' title='bbox 1667 3034 1812 3124; x_wconf 86' lang='lat' dir='ltr'>quilibet</span> 
     </span>
    </p>
   </div>
   <div class='ocr_carea' id='block_1_6' title="bbox 164 3136 2009 3247">
    <p class='ocr_par' dir='ltr' id='par_1_7' title="bbox 164 3136 2009 3247">
     <span class='ocr_line' id='line_1_16' title="bbox 164 3136 2009 3247; baseline -0.006 -19"><span class='ocrx_word' id='word_1_129' title='bbox 164 3174 171 3188; x_wconf 86' lang='lat'><em>·</em></span> <span class='ocrx_word' id='word_1_130' title='bbox 264 3176 367 3227; x_wconf 89' lang='lat' dir='ltr'>unam</span> <span class='ocrx_word' id='word_1_131' title='bbox 394 3156 551 3247; x_wconf 82' lang='lat' dir='ltr'>siliginis,</span> <span class='ocrx_word' id='word_1_132' title='bbox 579 3163 615 3229; x_wconf 92' lang='lat' dir='ltr'>et</span> <span class='ocrx_word' id='word_1_133' title='bbox 642 3157 727 3227; x_wconf 91' lang='lat' dir='ltr'>duas</span> <span class='ocrx_word' id='word_1_134' title='bbox 747 3178 878 3228; x_wconf 87' lang='lat' dir='ltr'>arenae</span> <span class='ocrx_word' id='word_1_135' title='bbox 898 3154 1078 3228; x_wconf 88' lang='lat' dir='ltr'>nlensuras</span> <span class='ocrx_word' id='word_1_136' title='bbox 1106 3153 1288 3245; x_wconf 83' lang='lat' dir='ltr'>confertas,</span> <span class='ocrx_word' id='word_1_137' title='bbox 1316 3161 1352 3228; x_wconf 90' lang='lat' dir='ltr'>et</span> <span class='ocrx_word' id='word_1_138' title='bbox 1370 3160 1520 3246; x_wconf 87' lang='lat' dir='ltr'>quatuor</span> <span class='ocrx_word' id='word_1_139' title='bbox 1545 3174 1696 3244; x_wconf 89' lang='lat' dir='ltr'>grossos.</span> <span class='ocrx_word' id='word_1_140' title='bbox 1724 3154 1811 3227; x_wconf 88' lang='lat' dir='ltr'>Item</span> <span class='ocrx_word' id='word_1_141' title='bbox 1857 3142 1881 3167; x_wconf 72' lang='lat'><strong>⁵</strong></span> <span class='ocrx_word' id='word_1_142' title='bbox 1946 3136 2009 3217; x_wconf 67' lang='lat'>‘³5</span> 
     </span>
    </p>
   </div>
   <div class='ocr_carea' id='block_1_7' title="bbox 263 3270 1819 3489">
    <p class='ocr_par' dir='ltr' id='par_1_8' title="bbox 263 3270 1819 3489">
     <span class='ocr_line' id='line_1_17' title="bbox 263 3270 1819 3369; baseline 0 -22"><span class='ocrx_word' id='word_1_143' title='bbox 263 3277 411 3349; x_wconf 88' lang='lat' dir='ltr'>taberna</span> <span class='ocrx_word' id='word_1_144' title='bbox 437 3280 491 3348; x_wconf 74' lang='lat' dir='ltr'>e‘st</span> <span class='ocrx_word' id='word_1_145' title='bbox 518 3279 649 3350; x_wconf 90' lang='lat' dir='ltr'>babens</span> <span class='ocrx_word' id='word_1_146' title='bbox 675 3299 796 3369; x_wconf 87' lang='lat' dir='ltr'>agros,</span> <span class='ocrx_word' id='word_1_147' title='bbox 823 3285 859 3350; x_wconf 91' lang='lat' dir='ltr'>et</span> <span class='ocrx_word' id='word_1_148' title='bbox 886 3279 990 3349; x_wconf 88' lang='lat' dir='ltr'>solvit</span> <span class='ocrx_word' id='word_1_149' title='bbox 1016 3298 1079 3367; x_wconf 92' lang='lat' dir='ltr'>pro</span> <span class='ocrx_word' id='word_1_150' title='bbox 1107 3296 1212 3347; x_wconf 87' lang='lat' dir='ltr'>censu</span> <span class='ocrx_word' id='word_1_151' title='bbox 1236 3270 1311 3347; x_wconf 86' lang='lat' dir='ltr'>&#39;tres</span> <span class='ocrx_word' id='word_1_152' title='bbox 1337 3275 1498 3347; x_wconf 84' lang='lat' dir='ltr'>fertones.</span> <span class='ocrx_word' id='word_1_153' title='bbox 1539 3274 1625 3346; x_wconf 91' lang='lat' dir='ltr'>Item</span> <span class='ocrx_word' id='word_1_154' title='bbox 1652 3276 1819 3348; x_wconf 85' lang='lat' dir='ltr'>scoltetia.</span> 
     </span>
     <span class='ocr_line' id='line_1_18' title="bbox 264 3396 1811 3489; baseline -0.001 -19"><span class='ocrx_word' id='word_1_155' title='bbox 264 3419 332 3470; x_wconf 89' lang='lat' dir='ltr'>non</span> <span class='ocrx_word' id='word_1_156' title='bbox 359 3405 422 3470; x_wconf 89' lang='lat' dir='ltr'>est.</span> <span class='ocrx_word' id='word_1_157' title='bbox 450 3398 536 3472; x_wconf 91' lang='lat' dir='ltr'>Item</span> <span class='ocrx_word' id='word_1_158' title='bbox 565 3400 784 3470; x_wconf 83' lang='lat' dir='ltr'>hortulanIae</span> <span class='ocrx_word' id='word_1_159' title='bbox 811 3420 880 3470; x_wconf 91' lang='lat' dir='ltr'>non</span> <span class='ocrx_word' id='word_1_160' title='bbox 906 3405 996 3489; x_wconf 81' lang='lat' dir='ltr'>sunt,</span> <span class='ocrx_word' id='word_1_161' title='bbox 1023 3399 1106 3469; x_wconf 89' lang='lat' dir='ltr'>item</span> <span class='ocrx_word' id='word_1_162' title='bbox 1133 3397 1322 3487; x_wconf 87' lang='lat' dir='ltr'>praedium.</span> <span class='ocrx_word' id='word_1_163' title='bbox 1358 3396 1446 3468; x_wconf 85' lang='lat' dir='ltr'>Item</span> <span class='ocrx_word' id='word_1_164' title='bbox 1472 3417 1592 3469; x_wconf 86' lang='lat' dir='ltr'>omues</span> <span class='ocrx_word' id='word_1_165' title='bbox 1617 3398 1693 3487; x_wconf 85' lang='lat' dir='ltr'>agri</span> <span class='ocrx_word' id='word_1_166' title='bbox 1721 3417 1811 3469; x_wconf 89' lang='lat' dir='ltr'>eme·</span> 
     </span>
    </p>
   </div>
   <div class='ocr_carea' id='block_1_8' title="bbox 126 3518 1812 3625">
    <p class='ocr_par' dir='ltr' id='par_1_9' title="bbox 126 3518 1812 3625">
     <span class='ocr_line' id='line_1_19' title="bbox 126 3518 1812 3625; baseline -0.001 -33"><span class='ocrx_word' id='word_1_167' title='bbox 126 3616 133 3625; x_wconf 30' lang='grc'><strong><em>,</em></strong></span> <span class='ocrx_word' id='word_1_168' title='bbox 263 3520 422 3592; x_wconf 87' lang='lat' dir='ltr'>thonales</span> <span class='ocrx_word' id='word_1_169' title='bbox 449 3525 484 3590; x_wconf 93' lang='lat' dir='ltr'>et</span> <span class='ocrx_word' id='word_1_170' title='bbox 510 3522 676 3593; x_wconf 88' lang='lat' dir='ltr'>tabernae</span> <span class='ocrx_word' id='word_1_171' title='bbox 712 3521 851 3593; x_wconf 89' lang='lat' dir='ltr'>solvunt</span> <span class='ocrx_word' id='word_1_172' title='bbox 877 3527 912 3593; x_wconf 91' lang='lat' dir='ltr'>et</span> <span class='ocrx_word' id='word_1_173' title='bbox 938 3520 1139 3592; x_wconf 88' lang='lat' dir='ltr'>conducunt</span> <span class='ocrx_word' id='word_1_174' title='bbox 1170 3518 1337 3590; x_wconf 85' lang='lat' dir='ltr'>decimam</span> <span class='ocrx_word' id='word_1_175' title='bbox 1372 3518 1683 3611; x_wconf 82' lang='lat' dir='ltr'>manipularem-et</span> <span class='ocrx_word' id='word_1_176' title='bbox 1709 3538 1812 3591; x_wconf 89' lang='lat' dir='ltr'>cana·</span> 
     </span>
    </p>
   </div>
   <div class='ocr_carea' id='block_1_9' title="bbox 246 3639 1914 6161">
    <p class='ocr_par' dir='ltr' id='par_1_10' title="bbox 263 3639 1811 3855">
     <span class='ocr_line' id='line_1_20' title="bbox 263 3639 1811 3750; baseline -0.001 -36"><span class='ocrx_word' id='word_1_177' title='bbox 263 3641 374 3732; x_wconf 86' lang='lat' dir='ltr'>palem</span> <span class='ocrx_word' id='word_1_178' title='bbox 402 3663 466 3732; x_wconf 92' lang='lat' dir='ltr'>pro</span> <span class='ocrx_word' id='word_1_179' title='bbox 493 3643 654 3733; x_wconf 85' lang='lat' dir='ltr'>epIscopo</span> <span class='ocrx_word' id='word_1_180' title='bbox 682 3641 920 3750; x_wconf 75' lang='lat' dir='ltr'>cracoviensi,</span> <span class='ocrx_word' id='word_1_181' title='bbox 956 3650 992 3712; x_wconf 89' lang='lat' dir='ltr'>et</span> <span class='ocrx_word' id='word_1_182' title='bbox 1019 3642 1116 3712; x_wconf 89' lang='lat' dir='ltr'>valor</span> <span class='ocrx_word' id='word_1_183' title='bbox 1143 3641 1217 3711; x_wconf 89' lang='lat' dir='ltr'>eius</span> <span class='ocrx_word' id='word_1_184' title='bbox 1243 3642 1449 3712; x_wconf 89' lang='lat' dir='ltr'>aestimatur</span> <span class='ocrx_word' id='word_1_185' title='bbox 1479 3639 1523 3712; x_wconf 89' lang='lat' dir='ltr'>ad</span> <span class='ocrx_word' id='word_1_186' title='bbox 1551 3640 1811 3730; x_wconf 89' lang='lat' dir='ltr'>quatuordecim</span> 
     </span>
     <span class='ocr_line' id='line_1_21' title="bbox 264 3762 995 3855; baseline 0.001 -23"><span class='ocrx_word' id='word_1_187' title='bbox 264 3783 408 3834; x_wconf 89' lang='lat' dir='ltr'>marcas.</span> <span class='ocrx_word' id='word_1_188' title='bbox 435 3762 594 3835; x_wconf 82' lang='lat' dir='ltr'>Confluat</span> <span class='ocrx_word' id='word_1_189' title='bbox 621 3785 696 3835; x_wconf 88' lang='lat' dir='ltr'>curn</span> <span class='ocrx_word' id='word_1_190' title='bbox 717 3818 857 3833; x_wconf 93' lang='grc'><strong>......</strong></span> <span class='ocrx_word' id='word_1_191' title='bbox 932 3841 938 3855; x_wconf 53' lang='grc'>,</span> <span class='ocrx_word' id='word_1_192' title='bbox 990 3790 995 3797; x_wconf 93' lang='grc'>·</span> 
     </span>
    </p>

    <p class='ocr_par' dir='ltr' id='par_1_11' title="bbox 246 3883 1914 6161">
     <span class='ocr_line' id='line_1_22' title="bbox 367 3883 1812 3975; baseline 0 -21"><span class='ocrx_word' id='word_1_193' title='bbox 367 3884 596 3974; x_wconf 73' lang='lat' dir='ltr'>Successori,</span> <span class='ocrx_word' id='word_1_194' title='bbox 632 3885 715 3956; x_wconf 87' lang='lat' dir='ltr'>villa</span> <span class='ocrx_word' id='word_1_195' title='bbox 750 3885 814 3957; x_wconf 90' lang='lat' dir='ltr'>sub</span> <span class='ocrx_word' id='word_1_196' title='bbox 851 3884 1019 3975; x_wconf 86' lang='lat' dir='ltr'>parocbia</span> <span class='ocrx_word' id='word_1_197' title='bbox 1054 3883 1219 3955; x_wconf 78' lang='lat' dir='ltr'>scelestae</span> <span class='ocrx_word' id='word_1_198' title='bbox 1246 3883 1289 3955; x_wconf 92' lang='lat' dir='ltr'>de</span> <span class='ocrx_word' id='word_1_199' title='bbox 1316 3883 1559 3955; x_wconf 87' lang='lat' dir='ltr'>Lanczslro</span> <span class='ocrx_word' id='word_1_200' title='bbox 1593 3885 1679 3972; x_wconf 86' lang='lat' dir='ltr'>sita,</span> <span class='ocrx_word' id='word_1_201' title='bbox 1716 3885 1812 3955; x_wconf 85' lang='lat' dir='ltr'>cuins</span> 
     </span>
     <span class='ocr_line' id='line_1_23' title="bbox 262 4004 1811 4109; baseline 0 -33"><span class='ocrx_word' id='word_1_202' title='bbox 262 4006 458 4096; x_wconf 78' lang='lat' dir='ltr'>proprietas</span> <span class='ocrx_word' id='word_1_203' title='bbox 485 4006 530 4078; x_wconf 90' lang='lat' dir='ltr'>ad</span> <span class='ocrx_word' id='word_1_204' title='bbox 557 4007 833 4109; x_wconf 78' lang='lat' dir='ltr'>sanctImoniales</span> <span class='ocrx_word' id='word_1_205' title='bbox 869 4007 1031 4095; x_wconf 90' lang='lat' dir='ltr'>pertinet.</span> <span class='ocrx_word' id='word_1_206' title='bbox 1067 4005 1107 4075; x_wconf 96' lang='lat' dir='ltr'>In</span> <span class='ocrx_word' id='word_1_207' title='bbox 1135 4026 1203 4096; x_wconf 90' lang='lat' dir='ltr'>qua</span> <span class='ocrx_word' id='word_1_208' title='bbox 1230 4010 1312 4078; x_wconf 87' lang='lat' dir='ltr'>sunt</span> <span class='ocrx_word' id='word_1_209' title='bbox 1338 4009 1496 4095; x_wconf 82' lang='lat' dir='ltr'>quatuor</span> <span class='ocrx_word' id='word_1_210' title='bbox 1531 4004 1621 4076; x_wconf 88' lang='lat' dir='ltr'>lanei</span> <span class='ocrx_word' id='word_1_211' title='bbox 1658 4006 1811 4077; x_wconf 92' lang='lat' dir='ltr'>cmetbo·</span> 
     </span>
     <span class='ocr_line' id='line_1_24' title="bbox 263 4127 1811 4225; baseline -0.001 -26"><span class='ocrx_word' id='word_1_212' title='bbox 263 4128 368 4217; x_wconf 91' lang='lat' dir='ltr'>nalos,</span> <span class='ocrx_word' id='word_1_213' title='bbox 396 4149 540 4218; x_wconf 92' lang='lat' dir='ltr'>quorum</span> <span class='ocrx_word' id='word_1_214' title='bbox 567 4133 639 4199; x_wconf 90' lang='lat' dir='ltr'>tres</span> <span class='ocrx_word' id='word_1_215' title='bbox 667 4129 807 4200; x_wconf 88' lang='lat' dir='ltr'>solvunt</span> <span class='ocrx_word' id='word_1_216' title='bbox 834 4149 896 4218; x_wconf 93' lang='lat' dir='ltr'>per</span> <span class='ocrx_word' id='word_1_217' title='bbox 923 4128 1046 4217; x_wconf 81' lang='lat' dir='ltr'>viginti</span> <span class='ocrx_word' id='word_1_218' title='bbox 1074 4134 1225 4215; x_wconf 87' lang='lat' dir='ltr'>scottos,</span> <span class='ocrx_word' id='word_1_219' title='bbox 1253 4132 1395 4225; x_wconf 83' lang='lat' dir='ltr'>quartus</span> <span class='ocrx_word' id='word_1_220' title='bbox 1422 4133 1536 4197; x_wconf 85' lang='lat' dir='ltr'>antem</span> <span class='ocrx_word' id='word_1_221' title='bbox 1564 4127 1669 4197; x_wconf 85' lang='lat' dir='ltr'>solvit</span> <span class='ocrx_word' id='word_1_222' title='bbox 1693 4127 1811 4198; x_wconf 88' lang='lat' dir='ltr'>decern</span> 
     </span>
     <span class='ocr_line' id='line_1_25' title="bbox 263 4238 1893 4341; baseline -0.004 -18"><span class='ocrx_word' id='word_1_223' title='bbox 263 4254 404 4338; x_wconf 86' lang='lat' dir='ltr'>scottos,</span> <span class='ocrx_word' id='word_1_224' title='bbox 432 4252 514 4320; x_wconf 91' lang='lat' dir='ltr'>item</span> <span class='ocrx_word' id='word_1_225' title='bbox 542 4272 645 4322; x_wconf 89' lang='lat' dir='ltr'>unum</span> <span class='ocrx_word' id='word_1_226' title='bbox 673 4249 812 4341; x_wconf 84' lang='lat' dir='ltr'>gallum,</span> <span class='ocrx_word' id='word_1_227' title='bbox 839 4250 920 4320; x_wconf 93' lang='lat' dir='ltr'>item</span> <span class='ocrx_word' id='word_1_228' title='bbox 948 4248 1034 4319; x_wconf 90' lang='lat' dir='ltr'>dnos</span> <span class='ocrx_word' id='word_1_229' title='bbox 1062 4268 1189 4336; x_wconf 88' lang='lat' dir='ltr'>caseos,</span> <span class='ocrx_word' id='word_1_230' title='bbox 1218 4248 1300 4319; x_wconf 90' lang='lat' dir='ltr'>item</span> <span class='ocrx_word' id='word_1_231' title='bbox 1330 4248 1451 4336; x_wconf 85' lang='lat' dir='ltr'>viginti</span> <span class='ocrx_word' id='word_1_232' title='bbox 1479 4267 1564 4335; x_wconf 90' lang='lat' dir='ltr'>ova;</span> <span class='ocrx_word' id='word_1_233' title='bbox 1591 4248 1673 4318; x_wconf 88' lang='lat' dir='ltr'>item</span> <span class='ocrx_word' id='word_1_234' title='bbox 1694 4268 1812 4341; x_wconf 80' lang='lat' dir='ltr'>powo·</span> <span class='ocrx_word' id='word_1_235' title='bbox 1888 4238 1893 4252; x_wconf 87' lang='lat'>&#39;</span> 
     </span>
     <span class='ocr_line' id='line_1_26' title="bbox 263 4364 1875 4473; baseline -0.001 -32"><span class='ocrx_word' id='word_1_236' title='bbox 263 4368 342 4473; x_wconf 74' lang='lat' dir='ltr'>darn</span> <span class='ocrx_word' id='word_1_237' title='bbox 362 4364 436 4442; x_wconf 85' lang='lat' dir='ltr'>¹non</span> <span class='ocrx_word' id='word_1_238' title='bbox 464 4371 642 4459; x_wconf 89' lang='lat' dir='ltr'>laborant,</span> <span class='ocrx_word' id='word_1_239' title='bbox 670 4393 780 4461; x_wconf 91' lang='lat' dir='ltr'>neque</span> <span class='ocrx_word' id='word_1_240' title='bbox 807 4392 871 4460; x_wconf 91' lang='lat' dir='ltr'>pro</span> <span class='ocrx_word' id='word_1_241' title='bbox 899 4371 1178 4461; x_wconf 83' lang='lat' dir='ltr'>hyeme,·neque</span> <span class='ocrx_word' id='word_1_242' title='bbox 1206 4390 1269 4458; x_wconf 93' lang='lat' dir='ltr'>pro</span> <span class='ocrx_word' id='word_1_243' title='bbox 1296 4372 1439 4441; x_wconf 81' lang='lat' dir='ltr'>aestate.</span> <span class='ocrx_word' id='word_1_244' title='bbox 1467 4368 1553 4439; x_wconf 91' lang='lat' dir='ltr'>Item</span> <span class='ocrx_word' id='word_1_245' title='bbox 1583 4367 1730 4457; x_wconf 89' lang='lat' dir='ltr'>quilibet</span> <span class='ocrx_word' id='word_1_246' title='bbox 1756 4386 1812 4440; x_wconf 89' lang='lat' dir='ltr'>ra·</span> <span class='ocrx_word' id='word_1_247' title='bbox 1871 4422 1875 4439; x_wconf 83' lang='lat'>.</span> 
     </span>
     <span class='ocr_line' id='line_1_27' title="bbox 246 4487 1810 4586; baseline -0.001 -25"><span class='ocrx_word' id='word_1_248' title='bbox 246 4490 355 4564; x_wconf 88' lang='lat' dir='ltr'>:tione</span> <span class='ocrx_word' id='word_1_249' title='bbox 378 4512 518 4586; x_wconf 77' lang='lat' dir='ltr'>osazyep</span> <span class='ocrx_word' id='word_1_250' title='bbox 546 4492 650 4563; x_wconf 89' lang='lat' dir='ltr'>solvlt</span> <span class='ocrx_word' id='word_1_251' title='bbox 684 4512 786 4563; x_wconf 91' lang='lat' dir='ltr'>unam</span> <span class='ocrx_word' id='word_1_252' title='bbox 814 4491 980 4581; x_wconf 80' lang='lat' dir='ltr'>siliginis,</span> <span class='ocrx_word' id='word_1_253' title='bbox 1016 4499 1051 4561; x_wconf 93' lang='lat' dir='ltr'>et</span> <span class='ocrx_word' id='word_1_254' title='bbox 1079 4490 1166 4561; x_wconf 91' lang='lat' dir='ltr'>duas</span> <span class='ocrx_word' id='word_1_255' title='bbox 1192 4510 1322 4561; x_wconf 89' lang='lat' dir='ltr'>avenae</span> <span class='ocrx_word' id='word_1_256' title='bbox 1348 4509 1529 4560; x_wconf 87' lang='lat' dir='ltr'>mensuras</span> <span class='ocrx_word' id='word_1_257' title='bbox 1555 4487 1746 4578; x_wconf 86' lang='lat' dir='ltr'>confertas,</span> <span class='ocrx_word' id='word_1_258' title='bbox 1773 4495 1810 4560; x_wconf 88' lang='lat' dir='ltr'>et</span> 
     </span>
     <span class='ocr_line' id='line_1_28' title="bbox 252 4609 1811 4704; baseline -0.003 -19"><span class='ocrx_word' id='word_1_259' title='bbox 252 4617 413 4704; x_wconf 84' lang='lat' dir='ltr'>&#39;quatuor</span> <span class='ocrx_word' id='word_1_260' title='bbox 437 4635 589 4704; x_wconf 88' lang='lat' dir='ltr'>grossos.</span> <span class='ocrx_word' id='word_1_261' title='bbox 616 4613 703 4685; x_wconf 85' lang='lat' dir='ltr'>Item</span> <span class='ocrx_word' id='word_1_262' title='bbox 730 4614 891 4686; x_wconf 81' lang='lat' dir='ltr'>scoltetIa</span> <span class='ocrx_word' id='word_1_263' title='bbox 918 4619 980 4703; x_wconf 86' lang='lat' dir='ltr'>est,</span> <span class='ocrx_word' id='word_1_264' title='bbox 1008 4619 1045 4684; x_wconf 87' lang='lat' dir='ltr'>et</span> <span class='ocrx_word' id='word_1_265' title='bbox 1063 4612 1169 4683; x_wconf 91' lang='lat' dir='ltr'>babet</span> <span class='ocrx_word' id='word_1_266' title='bbox 1187 4611 1274 4682; x_wconf 90' lang='lat' dir='ltr'>duos</span> <span class='ocrx_word' id='word_1_267' title='bbox 1301 4610 1422 4682; x_wconf 85' lang='lat' dir='ltr'>laneos</span> <span class='ocrx_word' id='word_1_268' title='bbox 1447 4609 1586 4700; x_wconf 88' lang='lat' dir='ltr'>liberos,</span> <span class='ocrx_word' id='word_1_269' title='bbox 1613 4616 1649 4680; x_wconf 92' lang='lat' dir='ltr'>et</span> <span class='ocrx_word' id='word_1_270' title='bbox 1676 4615 1811 4681; x_wconf 78' lang='lat' dir='ltr'>sextum</span> 
     </span>
     <span class='ocr_line' id='line_1_29' title="bbox 263 4731 1812 4824; baseline -0.003 -18"><span class='ocrx_word' id='word_1_271' title='bbox 263 4735 442 4807; x_wconf 90' lang='lat' dir='ltr'>denarium</span> <span class='ocrx_word' id='word_1_272' title='bbox 469 4736 513 4807; x_wconf 91' lang='lat' dir='ltr'>de</span> <span class='ocrx_word' id='word_1_273' title='bbox 531 4756 654 4824; x_wconf 92' lang='lat' dir='ltr'>censu·;</span> <span class='ocrx_word' id='word_1_274' title='bbox 682 4737 764 4807; x_wconf 91' lang='lat' dir='ltr'>item</span> <span class='ocrx_word' id='word_1_275' title='bbox 792 4736 948 4824; x_wconf 88' lang='lat' dir='ltr'>taberna,</span> <span class='ocrx_word' id='word_1_276' title='bbox 975 4735 1056 4805; x_wconf 90' lang='lat' dir='ltr'>item</span> <span class='ocrx_word' id='word_1_277' title='bbox 1084 4733 1270 4804; x_wconf 87' lang='lat' dir='ltr'>hortulani.</span> <span class='ocrx_word' id='word_1_278' title='bbox 1297 4732 1383 4802; x_wconf 85' lang='lat' dir='ltr'>Item</span> <span class='ocrx_word' id='word_1_279' title='bbox 1411 4751 1529 4803; x_wconf 91' lang='lat' dir='ltr'>omnes</span> <span class='ocrx_word' id='word_1_280' title='bbox 1556 4732 1632 4821; x_wconf 88' lang='lat' dir='ltr'>agri</span> <span class='ocrx_word' id='word_1_281' title='bbox 1659 4731 1812 4802; x_wconf 88' lang='lat' dir='ltr'>cmetbo·</span> 
     </span>
     <span class='ocr_line' id='line_1_30' title="bbox 264 4851 1812 4942; baseline -0.003 -15"><span class='ocrx_word' id='word_1_282' title='bbox 264 4856 360 4928; x_wconf 87' lang='lat' dir='ltr'>nales</span> <span class='ocrx_word' id='word_1_283' title='bbox 387 4864 423 4929; x_wconf 93' lang='lat' dir='ltr'>et</span> <span class='ocrx_word' id='word_1_284' title='bbox 450 4856 659 4928; x_wconf 90' lang='lat' dir='ltr'>scoltetiales</span> <span class='ocrx_word' id='word_1_285' title='bbox 695 4858 834 4929; x_wconf 85' lang='lat' dir='ltr'>solvunt</span> <span class='ocrx_word' id='word_1_286' title='bbox 867 4864 903 4928; x_wconf 91' lang='lat' dir='ltr'>et</span> <span class='ocrx_word' id='word_1_287' title='bbox 930 4855 1126 4927; x_wconf 86' lang='lat' dir='ltr'>conducunt</span> <span class='ocrx_word' id='word_1_288' title='bbox 1162 4854 1328 4925; x_wconf 88' lang='lat' dir='ltr'>decimam</span> <span class='ocrx_word' id='word_1_289' title='bbox 1365 4851 1614 4942; x_wconf 81' lang='lat' dir='ltr'>manIpularem</span> <span class='ocrx_word' id='word_1_290' title='bbox 1649 4857 1686 4923; x_wconf 88' lang='lat' dir='ltr'>et</span> <span class='ocrx_word' id='word_1_291' title='bbox 1711 4870 1812 4923; x_wconf 87' lang='lat' dir='ltr'>cana-</span> 
     </span>
     <span class='ocr_line' id='line_1_31' title="bbox 263 4975 1813 5068; baseline -0.004 -19"><span class='ocrx_word' id='word_1_292' title='bbox 263 4979 374 5068; x_wconf 91' lang='lat' dir='ltr'>palem</span> <span class='ocrx_word' id='word_1_293' title='bbox 403 5000 465 5068; x_wconf 93' lang='lat' dir='ltr'>pro</span> <span class='ocrx_word' id='word_1_294' title='bbox 493 4980 694 5068; x_wconf 84' lang='lat' dir='ltr'>epIscopatu</span> <span class='ocrx_word' id='word_1_295' title='bbox 713 4976 944 5066; x_wconf 84' lang='lat' dir='ltr'>Gracoviensi,</span> <span class='ocrx_word' id='word_1_296' title='bbox 972 4984 1009 5048; x_wconf 92' lang='lat' dir='ltr'>et</span> <span class='ocrx_word' id='word_1_297' title='bbox 1027 4976 1125 5049; x_wconf 82' lang='lat' dir='ltr'>valor</span> <span class='ocrx_word' id='word_1_298' title='bbox 1143 4978 1217 5047; x_wconf 91' lang='lat' dir='ltr'>eius</span> <span class='ocrx_word' id='word_1_299' title='bbox 1235 4976 1439 5046; x_wconf 89' lang='lat' dir='ltr'>aestimatur</span> <span class='ocrx_word' id='word_1_300' title='bbox 1457 4975 1501 5046; x_wconf 94' lang='lat' dir='ltr'>ad</span> <span class='ocrx_word' id='word_1_301' title='bbox 1519 4977 1651 5064; x_wconf 85' lang='lat' dir='ltr'>septem</span> <span class='ocrx_word' id='word_1_302' title='bbox 1669 4993 1813 5045; x_wconf 88' lang='lat' dir='ltr'>marcas.</span> 
     </span>
     <span class='ocr_line' id='line_1_32' title="bbox 264 5101 1686 5193; baseline -0.008 -22"><span class='ocrx_word' id='word_1_303' title='bbox 264 5101 424 5173; x_wconf 78' lang='lat' dir='ltr'>Continet</span> <span class='ocrx_word' id='word_1_304' title='bbox 450 5122 526 5172; x_wconf 85' lang='lat' dir='ltr'>curn</span> <span class='ocrx_word' id='word_1_305' title='bbox 547 5155 688 5172; x_wconf 90' lang='grc'><strong>......</strong></span> <span class='ocrx_word' id='word_1_306' title='bbox 1640 5108 1645 5115; x_wconf 93' lang='grc'><em>·</em></span> <span class='ocrx_word' id='word_1_307' title='bbox 1682 5186 1686 5193; x_wconf 27' lang='grc' dir='ltr'>Ι</span> 
     </span>
     <span class='ocr_line' id='line_1_33' title="bbox 258 5217 1813 5312; baseline -0.003 -20"><span class='ocrx_word' id='word_1_308' title='bbox 258 5287 263 5302; x_wconf 83' lang='grc'><strong><em>,</em></strong></span> <span class='ocrx_word' id='word_1_309' title='bbox 366 5221 626 5312; x_wconf 79' lang='lat' dir='ltr'>Sanusnezra,</span> <span class='ocrx_word' id='word_1_310' title='bbox 654 5222 737 5293; x_wconf 86' lang='lat' dir='ltr'>villa</span> <span class='ocrx_word' id='word_1_311' title='bbox 763 5222 828 5292; x_wconf 91' lang='lat' dir='ltr'>sub</span> <span class='ocrx_word' id='word_1_312' title='bbox 855 5221 1024 5311; x_wconf 83' lang='lat' dir='ltr'>parochia.</span> <span class='ocrx_word' id='word_1_313' title='bbox 1048 5220 1214 5291; x_wconf 90' lang='lat' dir='ltr'>ecclesiae</span> <span class='ocrx_word' id='word_1_314' title='bbox 1242 5219 1285 5290; x_wconf 91' lang='lat' dir='ltr'>de</span> <span class='ocrx_word' id='word_1_315' title='bbox 1306 5273 1446 5289; x_wconf 92' lang='grc'><strong>......</strong></span> <span class='ocrx_word' id='word_1_316' title='bbox 1464 5219 1542 5289; x_wconf 89' lang='lat' dir='ltr'>sita.</span> <span class='ocrx_word' id='word_1_317' title='bbox 1569 5217 1608 5288; x_wconf 94' lang='lat' dir='ltr'>In</span> <span class='ocrx_word' id='word_1_318' title='bbox 1637 5238 1706 5308; x_wconf 89' lang='lat' dir='ltr'>qua</span> <span class='ocrx_word' id='word_1_319' title='bbox 1732 5223 1813 5288; x_wconf 90' lang='lat' dir='ltr'>sunt</span> 
     </span>
     <span class='ocr_line' id='line_1_34' title="bbox 263 5320 1811 5433; baseline -0.001 -22"><span class='ocrx_word' id='word_1_320' title='bbox 263 5343 354 5414; x_wconf 91' lang='lat' dir='ltr'>lanei</span> <span class='ocrx_word' id='word_1_321' title='bbox 382 5344 632 5433; x_wconf 76' lang='lat' dir='ltr'>auctionales,</span> <span class='ocrx_word' id='word_1_322' title='bbox 658 5349 695 5414; x_wconf 93' lang='lat' dir='ltr'>et</span> <span class='ocrx_word' id='word_1_323' title='bbox 721 5341 869 5433; x_wconf 86' lang='lat' dir='ltr'>quilibet</span> <span class='ocrx_word' id='word_1_324' title='bbox 896 5341 1002 5413; x_wconf 84' lang='lat' dir='ltr'>solvit</span> <span class='ocrx_word' id='word_1_325' title='bbox 1026 5361 1090 5430; x_wconf 90' lang='lat' dir='ltr'>pro</span> <span class='ocrx_word' id='word_1_326' title='bbox 1118 5361 1223 5411; x_wconf 89' lang='lat' dir='ltr'>ceusu</span> <span class='ocrx_word' id='word_1_327' title='bbox 1251 5360 1354 5411; x_wconf 87' lang='lat' dir='ltr'>unum</span> <span class='ocrx_word' id='word_1_328' title='bbox 1381 5340 1570 5429; x_wconf 81' lang='lat' dir='ltr'>fertonem,</span> <span class='ocrx_word' id='word_1_329' title='bbox 1589 5340 1679 5410; x_wconf 84' lang='lat' dir='ltr'>item</span> <span class='ocrx_word' id='word_1_330' title='bbox 1706 5320 1811 5409; x_wconf 84' lang='lat' dir='ltr'>unum</span> 
     </span>
     <span class='ocr_line' id='line_1_35' title="bbox 261 5458 1812 5554; baseline -0.004 -20"><span class='ocrx_word' id='word_1_331' title='bbox 261 5464 410 5553; x_wconf 83' lang='lat' dir='ltr'>gallum,</span> <span class='ocrx_word' id='word_1_332' title='bbox 438 5466 520 5536; x_wconf 90' lang='lat' dir='ltr'>item</span> <span class='ocrx_word' id='word_1_333' title='bbox 548 5466 635 5536; x_wconf 91' lang='lat' dir='ltr'>duos</span> <span class='ocrx_word' id='word_1_334' title='bbox 662 5485 799 5554; x_wconf 85' lang='lat' dir='ltr'>caseos,</span> <span class='ocrx_word' id='word_1_335' title='bbox 836 5465 918 5535; x_wconf 91' lang='lat' dir='ltr'>item</span> <span class='ocrx_word' id='word_1_336' title='bbox 947 5463 1071 5554; x_wconf 86' lang='lat' dir='ltr'>viginti</span> <span class='ocrx_word' id='word_1_337' title='bbox 1099 5484 1173 5532; x_wconf 91' lang='lat' dir='ltr'>ova.</span> <span class='ocrx_word' id='word_1_338' title='bbox 1200 5461 1402 5552; x_wconf 79' lang='lat' dir='ltr'>Proprietas</span> <span class='ocrx_word' id='word_1_339' title='bbox 1430 5459 1742 5551; x_wconf 86' lang='lat' dir='ltr'>sanctimonialium</span> <span class='ocrx_word' id='word_1_340' title='bbox 1770 5458 1812 5529; x_wconf 93' lang='lat' dir='ltr'>de</span> 
     </span>
     <span class='ocr_line' id='line_1_36' title="bbox 263 5580 1813 5680; baseline -0.003 -25"><span class='ocrx_word' id='word_1_341' title='bbox 263 5584 469 5676; x_wconf 83' lang='lat' dir='ltr'>Antiqua</span> <span class='ocrx_word' id='word_1_342' title='bbox 494 5586 708 5659; x_wconf 84' lang='lat' dir='ltr'>Sandeez.</span> <span class='ocrx_word' id='word_1_343' title='bbox 737 5587 822 5656; x_wconf 89' lang='lat' dir='ltr'>Item</span> <span class='ocrx_word' id='word_1_344' title='bbox 843 5583 1027 5680; x_wconf 73' lang='lat' dir='ltr'>parabam</span> <span class='ocrx_word' id='word_1_345' title='bbox 1046 5605 1115 5654; x_wconf 93' lang='lat' dir='ltr'>non</span> <span class='ocrx_word' id='word_1_346' title='bbox 1134 5584 1303 5671; x_wconf 87' lang='lat' dir='ltr'>laborant,</span> <span class='ocrx_word' id='word_1_347' title='bbox 1331 5603 1441 5673; x_wconf 90' lang='lat' dir='ltr'>neque</span> <span class='ocrx_word' id='word_1_348' title='bbox 1459 5601 1523 5673; x_wconf 92' lang='lat' dir='ltr'>pro</span> <span class='ocrx_word' id='word_1_349' title='bbox 1542 5580 1675 5670; x_wconf 89' lang='lat' dir='ltr'>hyeme,</span> <span class='ocrx_word' id='word_1_350' title='bbox 1701 5599 1813 5670; x_wconf 88' lang='lat' dir='ltr'>neque</span> 
     </span>
     <span class='ocr_line' id='line_1_37' title="bbox 264 5699 1858 5801; baseline -0.004 -24"><span class='ocrx_word' id='word_1_351' title='bbox 264 5729 327 5797; x_wconf 91' lang='lat' dir='ltr'>pro</span> <span class='ocrx_word' id='word_1_352' title='bbox 355 5714 497 5780; x_wconf 87' lang='lat' dir='ltr'>aestate.</span> <span class='ocrx_word' id='word_1_353' title='bbox 524 5709 612 5781; x_wconf 87' lang='lat' dir='ltr'>Item</span> <span class='ocrx_word' id='word_1_354' title='bbox 640 5706 786 5798; x_wconf 85' lang='lat' dir='ltr'>quilibet</span> <span class='ocrx_word' id='word_1_355' title='bbox 803 5707 940 5777; x_wconf 77' lang='lat' dir='ltr'>rollone</span> <span class='ocrx_word' id='word_1_356' title='bbox 960 5726 1075 5800; x_wconf 74' lang='lat' dir='ltr'>osczqr</span> <span class='ocrx_word' id='word_1_357' title='bbox 1093 5705 1198 5777; x_wconf 89' lang='lat' dir='ltr'>solvit</span> <span class='ocrx_word' id='word_1_358' title='bbox 1216 5724 1317 5776; x_wconf 90' lang='lat' dir='ltr'>unam</span> <span class='ocrx_word' id='word_1_359' title='bbox 1336 5703 1495 5792; x_wconf 83' lang='lat' dir='ltr'>siliginis,</span> <span class='ocrx_word' id='word_1_360' title='bbox 1522 5705 1557 5771; x_wconf 92' lang='lat' dir='ltr'>et</span> <span class='ocrx_word' id='word_1_361' title='bbox 1541 5699 1663 5771; x_wconf 89' lang='lat' dir='ltr'>tduas</span> <span class='ocrx_word' id='word_1_362' title='bbox 1681 5720 1828 5801; x_wconf 78' lang='lat' dir='ltr'>avenae</span> <span class='ocrx_word' id='word_1_363' title='bbox 1856 5751 1858 5754; x_wconf 25' lang='grc' dir='ltr'><em>ψ</em></span> 
     </span>
     <span class='ocr_line' id='line_1_38' title="bbox 264 5822 1827 5920; baseline -0.004 -23"><span class='ocrx_word' id='word_1_364' title='bbox 264 5848 443 5901; x_wconf 86' lang='lat' dir='ltr'>mensuras</span> <span class='ocrx_word' id='word_1_365' title='bbox 470 5828 651 5920; x_wconf 82' lang='lat' dir='ltr'>confertas,</span> <span class='ocrx_word' id='word_1_366' title='bbox 677 5835 715 5901; x_wconf 91' lang='lat' dir='ltr'>et</span> <span class='ocrx_word' id='word_1_367' title='bbox 740 5832 890 5919; x_wconf 89' lang='lat' dir='ltr'>quatuor</span> <span class='ocrx_word' id='word_1_368' title='bbox 915 5848 1063 5916; x_wconf 88' lang='lat' dir='ltr'>grossos</span> <span class='ocrx_word' id='word_1_369' title='bbox 1101 5826 1189 5898; x_wconf 88' lang='lat' dir='ltr'>Item</span> <span class='ocrx_word' id='word_1_370' title='bbox 1217 5825 1375 5896; x_wconf 87' lang='lat' dir='ltr'>scoltetia</span> <span class='ocrx_word' id='word_1_371' title='bbox 1402 5846 1470 5896; x_wconf 95' lang='lat' dir='ltr'>non</span> <span class='ocrx_word' id='word_1_372' title='bbox 1498 5830 1552 5894; x_wconf 90' lang='lat' dir='ltr'>est</span> <span class='ocrx_word' id='word_1_373' title='bbox 1580 5823 1615 5892; x_wconf 91' lang='lat' dir='ltr'>iu</span> <span class='ocrx_word' id='word_1_374' title='bbox 1642 5822 1725 5893; x_wconf 89' lang='lat' dir='ltr'>villa</span> <span class='ocrx_word' id='word_1_375' title='bbox 1749 5826 1827 5903; x_wconf 52' lang='lat' dir='ltr'>aff,</span> 
     </span>
     <span class='ocr_line' id='line_1_39' title="bbox 263 5918 1813 6067; baseline -0.003 -47"><span class='ocrx_word' id='word_1_376' title='bbox 263 5949 358 6040; x_wconf 90' lang='lat' dir='ltr'>dem,</span> <span class='ocrx_word' id='word_1_377' title='bbox 395 5971 506 6043; x_wconf 91' lang='lat' dir='ltr'>neque</span> <span class='ocrx_word' id='word_1_378' title='bbox 531 5950 696 6041; x_wconf 81' lang='lat' dir='ltr'>taberna,</span> <span class='ocrx_word' id='word_1_379' title='bbox 731 5971 842 6041; x_wconf 94' lang='lat' dir='ltr'>neque</span> <span class='ocrx_word' id='word_1_380' title='bbox 870 5949 1078 6020; x_wconf 82' lang='lat' dir='ltr'>hortulanis.</span> <span class='ocrx_word' id='word_1_381' title='bbox 1114 5949 1202 6020; x_wconf 89' lang='lat' dir='ltr'>Item</span> <span class='ocrx_word' id='word_1_382' title='bbox 1229 5967 1348 6019; x_wconf 89' lang='lat' dir='ltr'>omnes</span> <span class='ocrx_word' id='word_1_383' title='bbox 1375 5947 1451 6037; x_wconf 84' lang='lat' dir='ltr'>agri</span> <span class='ocrx_word' id='word_1_384' title='bbox 1479 5945 1582 6016; x_wconf 89' lang='lat' dir='ltr'>villae</span> <span class='ocrx_word' id='word_1_385' title='bbox 1609 5918 1813 6067; x_wconf 66' lang='lat' dir='ltr'>solvunt&#39;dt</span> 
     </span>
     <span class='ocr_line' id='line_1_40' title="bbox 262 6014 1914 6161; baseline -0.005 -20"><span class='ocrx_word' id='word_1_386' title='bbox 262 6071 458 6142; x_wconf 84' lang='lat' dir='ltr'>conducunt</span> <span class='ocrx_word' id='word_1_387' title='bbox 483 6071 651 6143; x_wconf 80' lang='lat' dir='ltr'>decianam</span> <span class='ocrx_word' id='word_1_388' title='bbox 678 6071 925 6161; x_wconf 88' lang='lat' dir='ltr'>manipularem</span> <span class='ocrx_word' id='word_1_389' title='bbox 954 6076 991 6140; x_wconf 90' lang='lat' dir='ltr'>et</span> <span class='ocrx_word' id='word_1_390' title='bbox 1017 6071 1216 6158; x_wconf 90' lang='lat' dir='ltr'>canapalem</span> <span class='ocrx_word' id='word_1_391' title='bbox 1245 6090 1308 6159; x_wconf 91' lang='lat' dir='ltr'>pro</span> <span class='ocrx_word' id='word_1_392' title='bbox 1327 6068 1489 6158; x_wconf 88' lang='lat' dir='ltr'>episcopo</span> <span class='ocrx_word' id='word_1_393' title='bbox 1516 6054 1748 6151; x_wconf 69' lang='lat' dir='ltr'>Gracovienle</span> <span class='ocrx_word' id='word_1_394' title='bbox 1763 6014 1813 6134; x_wconf 75' lang='lat' dir='ltr'>et</span> <span class='ocrx_word' id='word_1_395' title='bbox 1910 6072 1914 6077; x_wconf 85' lang='lat'>&#39;</span> 
     </span>
    </p>
   </div>
   <div class='ocr_carea' id='block_1_10' title="bbox 262 6160 1963 6290">
    <p class='ocr_par' dir='ltr' id='par_1_12' title="bbox 262 6160 1963 6290">
     <span class='ocr_line' id='line_1_41' title="bbox 262 6160 1963 6290; baseline -0.006 -27"><span class='ocrx_word' id='word_1_396' title='bbox 262 6193 360 6264; x_wconf 88' lang='lat' dir='ltr'>valor</span> <span class='ocrx_word' id='word_1_397' title='bbox 387 6195 462 6265; x_wconf 90' lang='lat' dir='ltr'>eius</span> <span class='ocrx_word' id='word_1_398' title='bbox 489 6194 693 6265; x_wconf 89' lang='lat' dir='ltr'>aestimatur</span> <span class='ocrx_word' id='word_1_399' title='bbox 717 6194 763 6290; x_wconf 86' lang='lat' dir='ltr'>ad</span> <span class='ocrx_word' id='word_1_400' title='bbox 790 6198 937 6284; x_wconf 90' lang='lat' dir='ltr'>quatuor</span> <span class='ocrx_word' id='word_1_401' title='bbox 973 6210 1115 6261; x_wconf 87' lang='lat' dir='ltr'>marcas.</span> <span class='ocrx_word' id='word_1_402' title='bbox 1153 6190 1239 6259; x_wconf 90' lang='lat' dir='ltr'>Item</span> <span class='ocrx_word' id='word_1_403' title='bbox 1277 6211 1345 6260; x_wconf 90' lang='lat' dir='ltr'>non</span> <span class='ocrx_word' id='word_1_404' title='bbox 1372 6196 1427 6259; x_wconf 91' lang='lat' dir='ltr'>est</span> <span class='ocrx_word' id='word_1_405' title='bbox 1454 6187 1671 6278; x_wconf 90' lang='lat' dir='ltr'>praedium</span> <span class='ocrx_word' id='word_1_406' title='bbox 1662 6206 1697 6255; x_wconf 94' lang='grc' dir='ltr'>ιιι</span> <span class='ocrx_word' id='word_1_407' title='bbox 1724 6160 1824 6255; x_wconf 84' lang='lat' dir='ltr'>villa</span> <span class='ocrx_word' id='word_1_408' title='bbox 1953 6276 1963 6287; x_wconf 36' lang='grc' dir='ltr'>ι</span> 
     </span>
    </p>
   </div>
   <div class='ocr_carea' id='block_1_11' title="bbox 261 6300 1794 6406">
    <p class='ocr_par' dir='ltr' id='par_1_13' title="bbox 261 6300 1794 6406">
     <span class='ocr_line' id='line_1_42' title="bbox 261 6300 1794 6406; baseline -0.006 -21"><span class='ocrx_word' id='word_1_409' title='bbox 261 6314 429 6406; x_wconf 72' lang='lat' dir='ltr'>praelata,</span> <span class='ocrx_word' id='word_1_410' title='bbox 457 6317 540 6386; x_wconf 91' lang='lat' dir='ltr'>item</span> <span class='ocrx_word' id='word_1_411' title='bbox 568 6336 678 6405; x_wconf 92' lang='lat' dir='ltr'>neque</span> <span class='ocrx_word' id='word_1_412' title='bbox 705 6315 946 6386; x_wconf 88' lang='lat' dir='ltr'>molendinum.</span> <span class='ocrx_word' id='word_1_413' title='bbox 973 6312 1134 6385; x_wconf 78' lang='lat' dir='ltr'>Confluat</span> <span class='ocrx_word' id='word_1_414' title='bbox 1161 6331 1236 6379; x_wconf 87' lang='grc' dir='ltr'>ιιιιιι</span> <span class='ocrx_word' id='word_1_415' title='bbox 1263 6308 1500 6379; x_wconf 87' lang='lat' dir='ltr'>Olschaua.</span> <span class='ocrx_word' id='word_1_416' title='bbox 1773 6300 1794 6383; x_wconf 67' lang='lat'>⁰,</span> 
     </span>
    </p>
   </div>
   <div class='ocr_carea' id='block_1_12' title="bbox 362 6424 1813 6533">
    <p class='ocr_par' dir='ltr' id='par_1_14' title="bbox 362 6424 1813 6533">
     <span class='ocr_line' id='line_1_43' title="bbox 362 6424 1813 6533; baseline -0.005 -25.981"><span class='ocrx_word' id='word_1_417' title='bbox 362 6424 689 6524; x_wconf 73' lang='lat' dir='ltr'>Oauormt&#39;ucznn,</span> <span class='ocrx_word' id='word_1_418' title='bbox 724 6435 808 6507; x_wconf 84' lang='lat' dir='ltr'>villa</span> <span class='ocrx_word' id='word_1_419' title='bbox 835 6436 898 6507; x_wconf 89' lang='lat' dir='ltr'>sub</span> <span class='ocrx_word' id='word_1_420' title='bbox 925 6434 1091 6524; x_wconf 87' lang='lat' dir='ltr'>parochia</span> <span class='ocrx_word' id='word_1_421' title='bbox 1117 6432 1161 6503; x_wconf 92' lang='lat' dir='ltr'>de</span> <span class='ocrx_word' id='word_1_422' title='bbox 1187 6428 1552 6533; x_wconf 60' lang='grc' dir='ltr'>ιιιιιιιιιιιψιιιί</span> <span class='ocrx_word' id='word_1_423' title='bbox 1551 6428 1637 6499; x_wconf 85' lang='grc' dir='ltr'>ἰιι</span> <span class='ocrx_word' id='word_1_424' title='bbox 1631 6446 1705 6519; x_wconf 78' lang='lat' dir='ltr'>&#39;qua</span> <span class='ocrx_word' id='word_1_425' title='bbox 1721 6432 1813 6525; x_wconf 52' lang='grc' dir='ltr'><strong><em>ἡ</em></strong></span> 
     </span>
    </p>
   </div>
   <div class='ocr_carea' id='block_1_13' title="bbox 505 6730 1448 6841">
    <p class='ocr_par' dir='ltr' id='par_1_15' title="bbox 505 6730 1448 6841">
     <span class='ocr_line' id='line_1_44' title="bbox 505 6730 1448 6841; baseline -0.003 -55"><span class='ocrx_word' id='word_1_426' title='bbox 505 6794 530 6841; x_wconf 44' lang='lat'>⁸</span> <span class='ocrx_word' id='word_1_427' title='bbox 671 6798 673 6803; x_wconf 28' lang='grc' dir='ltr'>Ι</span> <span class='ocrx_word' id='word_1_428' title='bbox 1408 6730 1448 6783; x_wconf 64' lang='lat'>0</span> 
     </span>
    </p>
   </div>
   <div class='ocr_carea' id='block_1_14' title="bbox 0 0 2115 8052">
    <p class='ocr_par' dir='ltr' id='par_1_16' title="bbox 0 0 2115 8052">
     <span class='ocr_line' id='line_1_45' title="bbox 0 0 2115 8052; baseline 0 0"><span class='ocrx_word' id='word_1_429' title='bbox 0 0 2115 8052; x_wconf 95' lang='lat' dir='ltr'> </span> 
     </span>
    </p>
   </div>
  </div>
 </body>
</html>
