4217 8059
276 1485 357 1557 314

270 1683 360 1782 qnae
397 1687 502 1760 solvit
537 1706 600 1775 pro
623 1701 734 1755 censu
765 1680 919 1753 mediam
956 1694 1117 1752 marcam.
1157 1677 1245 1751 llam
1272 1676 1494 1749 hartulauiae
1519 1696 1589 1748 uon
1618 1682 1717 1766 sunt,
1743 1676 1831 1748 item

270 1809 452 1901 praedinrh
468 1824 548 1877 ¹non
570 1811 639 1875 est
679 1803 767 1874 ltem
795 1807 934 1889 serunt,
961 1804 1110 1888 metunt,
1137 1804 1173 1871 et
1198 1797 1395 1871 conducunt
1420 1796 1596 1868 frumenta
1622 1798 1657 1869 in
1685 1795 1830 1887 praedio

270 1928 444 2021 coenobii,
481 1946 545 2018 pro
583 1944 664 1996 vore
700 1930 737 1995 et
772 1923 905 2014 hyeme.
945 1921 1032 1992 Item
1069 1920 1137 1992 dno
1165 1919 1362 1992 molendina
1398 1918 1602 1990 monasterii
1627 1917 1663 1989 in
1690 1916 1831 1989 flumine

217 2088 220 2094 ·
270 2050 467 2136 Saarna,
494 2045 659 2118 habentia
677 2064 796 2134 agros,
824 2062 971 2132 qnorum
994 2050 1101 2119 unum
1119 2040 1312 2113 consistens
1339 2038 1490 2128 invilla,
1518 2038 1623 2111 solvit
1639 2058 1704 2128 pro
1715 2058 1830 2113 ‚censu

269 2177 343 2241 tres
369 2183 518 2256 mareas,
544 2165 639 2237 aliud
666 2163 771 2236 solvit
798 2182 899 2233 unam
927 2182 1145 2252 sexagenam.
1186 2161 1271 2232 Item
1298 2180 1417 2232 omnes
1444 2159 1520 2250 agri
1546 2160 1766 2231 emethonnm
1793 2163 1831 2230 et

269 2291 493 2369 tabernarum
524 2286 710 2386 solvebant
736 2284 903 2355 decimam
931 2282 1199 2372 manipularem,
1231 2286 1267 2353 et
1293 2300 1356 2371 per
1383 2275 1533 2371 quatuor
1560 2281 1700 2370 ierngas
1725 2300 1832 2351 cana·-

272 2409 404 2500 palem,
431 2407 660 2480 scholastriae
687 2403 959 2476 Sandomirierrsi
987 2403 1088 2474 annis
1114 2402 1253 2490 multis3
1278 2401 1340 2473 sed
1368 2400 1514 2472 ecclesia
1540 2400 1574 2473 S.
1600 2400 1763 2473 Mauricii
1788 2388 1834 2472 ex'

272 2526 573 2608 Zawichodth
601 2526 637 2598 irr
665 2526 826 2597 Borow
853 2523 1040 2614 translata,
1068 2522 1253 2594 Lnthlro
1281 2521 1324 2593 de
1346 2520 1535 2612 'Tolrary
1561 2519 1834 2593 scoltetnsSau·

273 2648 512 2739 domiriensis,
543 2647 691 2719 donavit
725 2666 800 2717 eam
837 2644 1023 2716 donatione
1061 2649 1230 2735 perpetuu
1264 2643 1430 2715 ecclesiae
1461 2643 1497 2713 in
1525 2641 1702 2732 Boron,
1729 2660 1834 2733 quarn

276 2770 509 2852 donationem·
531 2765 764 2850 lobannis
798 2763 1064 2837 Luthkonis
1104 2764 1286 2855 episcopus
1317 2762 1558 2837 cracoviensis
1588 2763 1633 2834 de
1661 2764 1836 2835 canmnsu

272 2888 415 2981 capituli
452 2908 542 2961 auno
583 2887 679 2959 1465
708 2854 944 2974 confirmavit,
979 2885 1077 2958 cuius
1108 2885 1262 2957 decimae
1298 2883 1399 2957 valor.
1432 2884 1638 2957 aestimatur
1673 2884 1718 2956 ad
1750 2891 1832 2956 octo
1884 2942 1889 2951 .

276 3028 431 3098 marcas;
458 3008 493 3083 in
512 3007 695 3099 aliqualem
723 3012 838 3101 tamen
866 3024 1127 3096 recompensam
1153 3004 1298 3076 ecclesia
1325 3005 1362 3076 in
1379 3004 1572 3077 Borowa
1592 3002 1696 3077 'dedit
1722 3004 1837 3087 scola,

278 3131 386 3229 striae
414 3128 590 3201 decimam.
630 3128 718 3231 ltem
746 3126 890 3199 ecclesia
916 3126 1024 3198 babet
1050 3124 1106 3205 ibi,
1127 3124 1276 3197 medinm
1303 3126 1442 3209 laneum
1469 3125 1633 3215 liberum,
1666 3124 1837 3199 romaum

172 3304 177 3310 -
274 3270 338 3341 per
355 3249 643 3322 sanctimoniales
683 3249 939 3321 contratrum
959 3246 1050 3320 villis
1069 3236 1836 3337 ildzechowicz'e‚Sczecin,'00ho—

275 3370 373 3462 dua,
399 3370 589 3443 Ostrow.
1767 3424 1775 3437 .

274 3524 276 3529 ·
378 3491 658 3563 Posrnuznrezs
673 3488 763 3561 alias
782 3489 951 3561 Patren
963 3511 1028 3580 gy,
1055 3488 1139 3560 villa
1158 3489 1222 3562 snb
1241 3489 1406 3578 parochia
1423 3489 1591 3561 ecclesiae
1607 3489 1652 3561 de
1672 3489 1837 3585 Bor-ov

278 3614 378 3684 iuxta
395 3610 522 3701 lacrrm,
549 3611 585 3682 in
602 3630 705 3700 quem
723 3609 848 3681 durius
874 3609 1308 3699 Szannaexeneratur,
1335 3609 1414 3698 sita,
1432 3614 1468 3680 et
1485 3629 1548 3698 per
1566 3609 1838 3701 Boleslaum

278 3853 395 3924 Sancti
423 3851 587 3925 Andreae
613 3838 752 3922 donata.
792 3850 831 3922 ln
851 3872 921 3943 qua
947 3857 1032 3923 suut
1046 3855 1120 3925 tres
1146 3850 1239 3923 larrei
1265 3851 1513 3941 emetbonnles,
1540 3856 1577 3923 et
1596 3851 1744 3945 quilibet
1759 3826 1835 3924 del-

278 3974 330 4044 rit
356 3994 420 4062 pro
449 3990 554 4043 censu
588 3982 703 4043 annno
739 3991 844 4042 unum
875 3971 1063 4062 fertonem,
1098 3968 1244 4063 triginta
1279 3993 1362 4062 ova,
1396 3970 1485 4045 duda
1519 3968 1648 4062 gallos,
1684 3978 1837 4064 anrmr
1942 4035 1945 4041 .

280 4115 380 4165 coros
407 4113 557 4182 avenae,
583 4098 655 4165 tres
682 4092 840 4184 siliginis.
879 4093 967 4165 Item
993 4110 1063 4166 non
1081 4099 1164 4166 sunt
1191 4091 1241 4165 ihi
1259 4093 1439 4183 tabernae,
1467 4102 1578 4185 n'eqne
1605 4092 1839 4166 hortulardaa

279 4214 365 4285 Item
393 4214 592 4287 emethones
619 4194 691 4305 pro'
710 4213 792 4286 'vere
818 4221 855 4286 et
872 4214 995 4306 hyeme
1022 4221 1151 4305 serunt
1178 4204 1295 4305 arant,
1322 4221 1456 4287 metunt
1483 4222 1521 4287 et
1538 4214 1746 4288 conducunt·
1760 4215 1838 4288 nra

279 4342 395 4407 menta
429 4335 465 4407 irr
501 4334 643 4427 praedio
680 4335 846 4409 coenobii.
891 4336 977 4407 Item
1009 4357 1079 4408 nnn
1099 4335 1243 4420 est-ibi
1278 4335 1484 4427 praedium·
1509 4336 1595 4408 llam
1633 4322 1853 4443 emethones·

279 4476 398 4528 omnes
425 4456 469 4529 de
496 4457 568 4549 suis
594 4457 689 4548 agris
716 4456 855 4529 solvunt
881 4455 1048 4529 decimam
1081 4456 1352 4547 manipularem,
1378 4464 1415 4529 et
1430 4478 1494 4548 per
1520 4463 1670 4548 quatuor
1696 4458 1839 4549 ierugrrs

280 4577 499 4668 canapalem,
526 4566 758 4651 scholastriae
780 4577 1071 4666 Sandomiriensi,
1106 4584 1143 4650 et
1169 4578 1299 4651 ducunt
1330 4598 1405 4650 eam
1433 4579 1591 4670 propriis·
1612 4578 1773 4653 curribus
1799 4580 1839 4651 ilr

281 4698 444 4769 horreum
471 4718 493 4770 a
519 4693 726 4781 scholastico
753 4698 955 4788 locandum,
990 4704 1027 4770 et
1054 4700 1153 4771 valor
1179 4700 1255 4795 eins
1281 4701 1486 4774 aestimatur
1512 4701 1556 4773 ad
1582 4708 1674 4773 tres*
1691 4720 1840 4773 marcas.

229 4909 235 4919 ἱ
279 4816 441 4891 Gontinat
465 4837 542 4891 cnm
569 4819 661 4892 villis
687 4796 969 4910 Popow'icna,
997 4820 1174 4909 Boron,
1201 4808 1464 4911 Komorzi'n,
1491 4820 1715 4893 chodza
1829 4860 1832 4865 ·

384 4937 559 5026 Ossaea,
586 4938 669 5010 villa
687 4941 750 5011 snb
769 4939 935 5042 parochia
953 4940 1120 5011 ecclesiae
1139 4940 1181 5012 de
1200 4940 1460 5031 Bardaetta,
1487 4962 1550 5032 per
1569 4941 1629 5012 Bo
1641 4941 1840 5041 leslauar

283 5058 503 5130 Pudicam
539 5060 748 5130 monasterio
775 5061 892 5132 Sancti
920 5061 1083 5133 Andreae
1110 5061 1258 5151 donata,
1286 5061 1331 5133 ad
1358 5064 1455 5133 cuius
1483 5063 1731 5153 proprietatem
1758 5080 1841 5154 per·

285 5154 384 5249 ridor.
412 5178 452 5248 ln
471 5200 539 5268 qna
568 5186 650 5252 sunt
677 5184 796 5251 noveni
826 5181 916 5253 lanei
944 5183 1196 5273 cnretlronales‚
1224 5193 1260 5256 ct
1278 5185 1424 5276 quilibet
1451 5184 1495 5255 de
1513 5183 1614 5255 lar'reo
1640 5184 1746 5256 solvit
1764 5204 1841 5275 pro

283 5321 388 5371 censu
416 5321 530 5371 annuo
558 5320 661 5371 unum
689 5301 874 5392 fertonem,
902 5300 1046 5395 triginta
1074 5304 1153 5395 oia,
1182 5305 1268 5378 duos
1294 5306 1421 5397 gallos,
1449 5307 1532 5378 item
1559 5313 1710 5398 quatuor
1737 5326 1841 5379 coros
1907 5364 1911 5375 .

195 5455 201 5461 ·
282 5442 426 5511 avenae,
461 5428 535 5493 tres
562 5421 722 5510 siliginis:
762 5423 847 5497 ltem
875 5433 929 5495 est
956 5425 1003 5497 ibi
1031 5447 1101 5497 nna
1126 5426 1274 5499 taberna
1300 5427 1431 5499 hahens
1458 5449 1581 5519 agros,
1618 5448 1707 5519 qnae
1733 5428 1842 5503 solvit

282 5563 346 5632 pro
374 5564 479 5615 censu
506 5595 647 5612 ......
684 5543 771 5614 ltem
807 5544 1026 5618 hortulaniae
1051 5569 1120 5619 non
1149 5553 1239 5619 sunt
1266 5548 1353 5620 Item
1380 5548 1614 5621 molendinum
1641 5570 1747 5620 unum
1774 5549 1840 5621 ha-

284 5666 371 5735 bens
398 5685 519 5754 agros,
555 5664 645 5755 qnod
675 5664 779 5736 solvit
815 5686 879 5755 pro
906 5670 1012 5738 censu
1039 5674 1204 5741 metretas
1235 5669 1322 5742 duas
1350 5671 1501 5743 omniurn
1528 5654 1841 5763 emolimentprnm,

283 5806 346 5875 pro
364 5785 574 5856 monasterio
592 5785 739 5857 fratrum
758 5786 928 5858 minorum
951 5787 987 5859 in
1014 5787 1328 5880 chichostlr,
1356 5790 1400 5862 ad
1419 5811 1565 5881 qnorum
1584 5789 1838 5881 proprietatem

284 5927 351 5977 una
377 5929 453 5979 cum
481 5905 614 5996 piscina
640 5907 800 5996 pertinet.
841 5908 928 5980 lterrr
961 5909 1138 6001 praedium
1167 5919 1326 5983 nonest.
1367 5911 1453 5983 llam
1485 5932 1604 5982 omnes
1625 5896 1706 6001 ‘agri
1733 5910 1841 5982 villae
1957 5942 1960 5946 ·

284 6027 424 6099 solvunt
450 6027 617 6099 decimam
638 6028 907 6119 manipularem
932 6040 968 6103 et
985 6052 1048 6122 per
1067 6039 1217 6123 quatuor
1234 6033 1373 6122 ierngss
1391 6032 1590 6122 carrapalem
1610 6031 1840 6106 scholastriae

284 6148 568 6240 Sandomiriensi,
596 6156 632 6222 et
650 6149 781 6223 ducunt
799 6171 875 6223 eam
894 6153 1093 6224 emethones
1112 6153 1264 6244 propriis
1282 6152 1440 6225 curribus
1460 6154 1494 6225 in
1514 6154 1677 6225 horreum
1696 6173 1717 6224 a
1734 6153 1839 6225 scho-

284 6267 406 6339 lastico
432 6269 632 6362 locandum,
659 6277 695 6343 et
721 6271 819 6343 valor
846 6272 920 6343 eins
947 6273 1151 6344 aestimatur
1178 6272 1222 6343 ad
1249 6271 1366 6344 decern
1394 6293 1536 6346 marcas.
1572 6273 1733 6345 Oonlinat
1757 6294 1845 6345 curn

285 6386 376 6461 uillis
403 6389 646 6486 Pstrangy,
674 6393 854 6484 Boron,
881 6393 1080 6465 Kosszin
1108 6399 1144 6464 et
1171 6385 1298 6485 oppido
1325 6393 1632 6476 Zawichosth.
