4217 8059
1733 1516 1809 1598 ”i

266 1750 379 1820 agros,
406 1750 495 1819 quae
522 1749 586 1819 pro
614 1750 719 1809 censu
745 1750 859 1802 annuo
879 1731 983 1803 solvit
999 1730 1086 1801 duas
1104 1749 1237 1801 marcas
1256 1738 1292 1802 et
1310 1750 1414 1803 uuum
1439 1729 1599 1822 lapidem¹
1616 1731 1699 1822 sepi.
1725 1730 1812 1804 Item

265 1851 299 1921 in
328 1850 448 1921 eadem
476 1850 557 1921 uilla
583 1857 664 1922 suut
691 1857 840 1940 quatuor
855 1848 1086 1922 bortulauiae
1111 1850 1280 1922 babentes
1308 1870 1420 1940 agros,
1446 1858 1483 1922 et
1510 1851 1684 1942 quaelibet
1709 1851 1842 1924 solvit·

266 1992 329 2062 pro
357 1989 471 2041 annuo
498 1990 602 2042 censu
628 1991 743 2042 unum·
761 1969 940 2059 fertonem,
967 1977 1005 2042 et
1031 1970 1179 2061 quilibet
1204 1971 1411 2043 hortulanus
1433 1973 1468 2042 in
1487 1973 1687 2062 septimana-
1706 1988 1812 2044 uuum

266 2092 355 2163 diem
384 2090 521 2189 laborat
547 2091 717 2181 pedester.
763 2090 849 2162 Item
878 2098 1051 2180 tenentur,-
1077 2098 1148 2163 tam
1176 2091 1376 2163 emetlnoues
1403 2112 1504 2182 quam
1532 2093 1750 2180 tabemator,
1768 2098 1813 2176 ¹et

266 2212 442 2285 hortulani
469 2212 513 2282 ad
540 2219 722 2302 utramque
738 2209 933 2305 ponebam,
960 2212 1121 2283 videlicet
1140 2212 1347 2301 hyemalium
1366 2217 1402 2282 et
1419 2212 1636 2284 aestivalium
1662 2210 1812 2284 bumen-

266 2341 389 2405 torum.
418 2331 504 2402 item
532 2331 575 2403 de
603 2333 761 2404 omnibus
789 2332 882 2421 aguis
909 2336 979 2402 tam
1009 2331 1291 2418 cmetlnonalibus,
1319 2333 1563 2420 tabematoris,
1603 2352 1706 2422 quam
1731 2332 1829 2405 bom·

266 2452 474 2540 tulauomm,
502 2452 649 2524 solvitur
675 2451 808 2523 decima
835 2452 1061 2542 manipularis
1087 2471 1151 2542 pro
1169 2434 1299 2523 vicario
1328 2451 1558 2542 &moricum
1585 2453 1644 2542 qui
1662 2452 1817 2542 pertinet

267 2572 311 2645 ad
338 2573 568 2662 praebendam
597 2571 880 2660 cracoviensem,
916 2593 1004 2662 quae
1032 2578 1176 2643 vocatur
1203 2572 1459 2663 Poszcnczalm,
1487 2581 1524 2643 et
1549 2578 1713 2645 tenentur
1737 2590 1813 2645 eam

267 2692 465 2766 cmethoues
492 2692 618 2765 ducere
646 2694 796 2783 propriis
819 2693 978 2766 nimbus
1006 2693 1039 2763 iu
1061 2693 1232 2765 horreum
1251 2714 1271 2764 a
1290 2681 1420 2765 vicario
1446 2692 1637 2781 locandum,
1663 2692 1836 2765 et'ralor-
1885 2693 1889 2700 '

175 2894 180 2901 ,
268 2815 342 2887 eius
370 2814 575 2885 aestimatur
610 2815 654 2885 ad
683 2822 813 2904 septem
849 2834 991 2885 mancas.
1036 2815 1123 2885 Item
1159 2815 1241 2886 villa
1276 2813 1435 2904 praelata
1470 2812 1834 2905 K-othuosycs-e-

269 2957 346 3009 uon·
364 2937 515 3027 habebat
543 2936 735 3025 antiquitus
762 2934 901 3024 aliquod
930 2934 1119 3024 praedium,
1147 2935 1375 3007 sed·ineruut
1402 2935 1450 3006 ibi
1459 2954 1614 3026 semper
1631 2934 1709 3026 agri
1726 2940 1816 3007 cmc·

268 3057 436 3146 thonales,
454 3055 508 3139 ,ad
536 3063 668 3147 septem
696 3056 813 3127 laneos
840 3076 877 3127 se
905 3057 1139 3143 extendentes3
1168 3074 1258 3127 nuuc
1281 3075 1363 3127 uero
1383 3055 1465 3127 villa
1488 3030 1569 3146 ipsa
1593 3056 1629 3129 iu
1656 3054 1817 3129 toln-de·¹

269 3158 403 3252 sertata
430 3183 501 3266 eat,
529 3183 565 3248 et
592 3178 626 3246 in
648 3175 782 3248 deiectu
810 3177 1047 3265 cmetlmnum,
1085 3178 1120 3247 in
1147 3177 1241 3267 agris
1279 3176 1552 3249 cmetboualibus
1586 3176 1735 3249 locatum
1763 3176 1824 3250 sati

269 3298 448 3391 praedium
477 3298 685 3386 coenobiale,
714 3298 755 3368 de
783 3297 880 3368 cuius
908 3298 1002 3386 aguis
1021 3303 1056 3368 et
1075 3298 1225 3369 araturis
1253 3298 1411 3370 omuibus
1434 3304 1471 3369 et
1489 3296 1645 3389 siugulis,
1672 3298 1819 3371 soluitur
1832 3336 1841 3379 ,-

269 3421 425 3510 soluique
453 3418 556 3490 debet
592 3418 724 3499 decima
759 3418 983 3508 manipularis
1023 3419 1173 3490 vicariae
1200 3418 1422 3490 Oracovieuei
1448 3417 1645 3508 praefatae;
1685 3438 1729 3491 ex
1754 3416 1845 3490 all·-
1892 3468 1897 3477 ι

269 3541 394 3632 quibus
420 3550 536 3609 tamen
556 3540 659 3628 agris,
687 3539 805 3628 paucis
823 3545 948 3628 tamen,
975 3539 1068 3610 cedit
1094 3538 1259 3611 ecclesiae
1286 3540 1321 3609 iu
1348 3536 1704 3631 Kosoupelyecu.
1725 3538 1817 3611 Item

270 3641 311 3741 iu
332 3659 451 3737 eadem
479 3659 562 3730 villa
589 3659 688 3730 multi
716 3660 792 3748 agri
829 3667 910 3730 sunt
945 3659 1104 3750 usurpati
1140 3666 1176 3731 et
1195 3659 1343 3730 alienati
1370 3681 1392 3729 a
1417 3658 1595 3749 praediola
1620 3659 1720 3747 villa,
1756 3672 1828 3750 per·-

270 3780 481 3861 Stauislaum
508 3779 551 3850 de
579 3779 843 3871 Tbauczyn,
885 3786 921 3851 et
946 3778 1101 3851 adiuncti
1136 3786 1219 3851 sunt
1254 3779 1357 3850 villae
1384 3780 1502 3870 regiae
1529 3779 1818 3871 Boruuyca-e,

269 3882 371 3993 quam
399 3907 495 3971 tenet
522 3899 612 3971 idem
641 3898 887 3979 Stsnislausin
907 3901 1127 3991 obligatione,
1155 3901 1290 3972 ratione
1317 3900 1446 3990 moria,
1473 3900 1555 3991 quia
1581 3899 1819 3973 vendebantur

270 4014 465 4111 homiuibus
493 4027 529 4090 et
556 4020 796 4093 cmethouibus
818 4021 866 4092 de
904 4020 1176 4110 Borunycze
1213 4020 1256 4091 ad
1284 4021 1554 4109 seminandum,
1577 4021 1636 4112 qui
1665 4020 1818 4107 ooleu'do,
1843 4060 1862 4072 ·-

269 4142 429 4233 antiquos
467 4141 595 4211 limites
622 4141 847 4213 extinxerunt
884 4160 946 4231 per
973 4141 1213 4213 intrationem.
1257 4142 1343 4213 Item
1370 4120 1454 4212 villu
1481 4141 1639 4231 praefata
1670 4140 1851 4214 molinet:

270 4282 346 4334 cum
373 4261 464 4333 villis
492 4262 773 4351 Romuleae,
801 4261 1137 4348 Swiradzicze,
1164 4260 1354 4332 ostrow.
1768 4284 1771 4289 ·

299 4426 313 4461 -,
366 4382 655 4470 Kumuuuuow,
693 4381 775 4452 uilla
802 4383 866 4453 sub
894 4380 1061 4470 parochia
1088 4381 1255 4453 ecclesiae
1282 4382 1325 4452 de
1352 4379 1707 4453 Proscluowicze
1743 4374 1851 4469 cita„-

271 4505 367 4575 cuius
394 4503 590 4592 proprietas
626 4510 663 4574 et
689 4503 877 4573 dominium
913 4502 955 4572 ad
985 4496 1232 4579 monasterium
1269 4500 1581 4573 sanctimonialium
1621 4499 1664 4573 de
1691 4498 1820 4577 stou·

271 4646 292 4695 n
304 4623 480 4715 yathky
508 4624 668 4712 pertinet.
696 4622 735 4693 lu
764 4629 939 4713 quaeunt
967 4622 1088 4712 viginti
1117 4629 1267 4713 quatuor
1293 4622 1384 4692 lanei
1401 4620 1644 4711 emethouulea,
1672 4640 1818 4713 quorum
1853 4702 1856 4707 ,

272 4744 396 4835 viginti
423 4750 504 4815 suut
530 4743 688 4833 emptitii,
716 4743 802 4815 alias
817 4740 998 4837 'zubaprtq
1038 4744 1123 4814 item
1149 4743 1254 4813 otiam
1282 4741 1350 4813 duo
1378 4740 1437 4813 alii
1464 4741 1633 4833 emptitii,
1659 4762 1723 4833 per
1748 4742 1821 4833 plo
1854 4782 1859 4789 ·

272 4866 399 4937 bauum
427 4864 469 4936 de
496 4862 851 4935 Proschowicze
888 4865 1013 4954 empti,
1055 4864 1162 4935 salvis
1188 4863 1356 4935 censibus·
1375 4869 1411 4933 et
1438 4861 1602 4940 oneribus
1629 4882 1758 4950 eorum,
1784 4868 1823 4935 et

273 4986 417 5077 quilibet
444 4986 564 5056 laueirs
592 4985 634 5055 de
663 4985 765 5056 dictis
792 4964 914 5076 viginti
942 4964 1078 5057 duobus
1105 4983 1232 5073 laneis,
1268 4983 1372 5054 soluit
1407 5002 1471 5073 pro
1498 5002 1614 5055 auuuu
1640 5002 1744 5055 ceusu
1770 4983 1822 5055 vi·'
1854 5022 1861 5068 5.

268 5107 359 5196 giuti
387 5112 517 5178 scottos
546 5105 747 5176 communis·
762 5090 937 5194 pecuniae,
964 5105 1046 5175 item
1077 5104 1163 5175 duos
1182 5096 1339 5194 capones,
1366 5110 1505 5175 etcum
1533 5102 1661 5177 eudem
1688 5102 1824 5177 duobus

273 5226 459 5317 capornibus
487 5226 750 5328 duosqrossos,
778 5225 861 5297 item
891 5224 1014 5315 viginti
1043 5246 1119 5313 ova,
1147 5225 1230 5296 item
1249 5222 1336 5297 duos
1359 5244 1488 5314 caseos,
1515 5224 1599 5297 item
1617 5224 1705 5299 duos
1723 5244 1824 5297 coroa
1840 5307 1842 5310 v
1859 5265 1867 5313 3

273 5345 403 5418 arenae
431 5367 613 5419 mensurae
640 5344 816 5417 confertae
843 5351 878 5415 et
906 5366 966 5415 sex
994 5344 1177 5431 deuari0s3
1218 5344 1301 5417 item
1328 5365 1392 5434 pro
1419 5342 1507 5417 iente
1534 5343 1690 5417 Paschae
1716 5354 1832 5417 uuum-

275 5487 452 5556 grossum,
492 5468 574 5538 item
603 5487 665 5557 pro
693 5463 863 5561 inpodowc
889 5464 1037 5536 medium
1064 5484 1244 5556 gressum3
1284 5465 1366 5536 item
1395 5484 1459 5555 pro
1486 5486 1646 5559 optumae
1671 5460 1845 5543 medimli„
1939 5460 1943 5469 '

208 5618 210 5629 ·
272 5608 443 5678 grossum.
479 5587 566 5659 item
594 5587 722 5659 ibidem
750 5593 831 5658 suut
857 5586 925 5658 duo
952 5586 1044 5658 lanei
1072 5585 1168 5658 ultra-
1192 5585 1313 5683 uiginti
1341 5584 1428 5657 duos
1455 5582 1650 5675 praefatos,
1677 5583 1736 5676 qui
1762 5600 1824 5657 vo

276 5715 399 5779 cantur
425 5708 673 5800 Posrzebny,
702 5727 847 5798 quorum
867 5706 1011 5798 quilibet
1029 5706 1134 5778 solvit
1151 5728 1216 5798 pro
1233 5726 1349 5779 auuuo
1366 5718 1470 5778 ceusu
1497 5702 1646 5777 mediam
1663 5720 1824 5794 mamm,
1862 5732 1867 5740 ·

275 5837 311 5900 et
337 5829 453 5899 omnia
480 5829 548 5900 alia
576 5829 659 5917 iura
688 5828 825 5900 labores
853 5832 888 5898 et
914 5826 1057 5915 tributa,
1086 5826 1371 5918 quemadmodum
1398 5833 1435 5897 et
1461 5825 1521 5898 alii
1542 5826 1739 5899 cmmboues
1765 5842 1825 5896 aa·

275 5947 400 6045 kupny.
446 5950 789 6021 ltemdeomuibus
818 5946 1116 6039 vigintiquatuor
1150 5948 1259 6021 laneis
1294 5947 1431 6021 labores
1467 5947 1598 6019 iaciunt
1625 5936 1834 6019 cmetlioues.
1865 5984 1874 6000 «-

276 6069 430 6161 qualibet
456 6070 668 6160 septimana,
703 6076 739 6141 et
767 6068 912 6160 quilibet
939 6074 1080 6139 tenetur
1098 6089 1219 6139 unum
1247 6068 1337 6140 diem
1364 6069 1400 6140 iu
1427 6068 1621 6159 septimana
1655 6067 1825 6139 laboidre
1847 6098 1870 6113 <⁷

275 6190 363 6262 item
391 6190 425 6260 in
453 6190 573 6262 eadem
601 6189 683 6261 villa
710 6196 790 6262 suut
816 6194 890 6261 tres
916 6189 1083 6260 tabernae
1110 6188 1278 6260 babentes
1306 6208 1426 6279 agros,
1454 6208 1599 6278 quarum
1626 6206 1695 6259 usa
1721 6184 1826 6293 solvit
1865 6217 1870 6225 ·
1916 6244 1922 6255 ,

274 6317 349 6383 tres
376 6332 509 6383 marcas
536 6319 572 6382 et
599 6330 705 6381 uuum
732 6310 881 6402 lapidem
909 6309 1000 6401 sepi,
1028 6308 1118 6381 aliae
1144 6307 1235 6381 duae
1260 6308 1400 6381 solvunt
1426 6326 1490 6398 per
1515 6296 1612 6379 duas
1627 6296 1825 6397 marcii-'U
1852 6349 1859 6363 »-

275 6452 338 6522 per
366 6454 471 6505 unum
498 6430 647 6523 lapidem
674 6429 757 6521 sepi
802 6431 889 6503 laem
917 6430 952 6503 iu
979 6428 1099 6503 eadem
1126 6426 1209 6501 villa
1234 6428 1271 6501 iu
1296 6427 1436 6501 iumine
1462 6404 1825 6520 Srpauymffi
